1876 3025
254 140 338 183 822

696 151 845 183 SEXTI
880 151 1082 182 POMPEI!
1116 152 1254 183 FESTI

312 248 508 307 Lucilius
526 261 536 290 ε
559 246 706 299 Quem
726 249 969 303 praeclarus
985 248 1163 302 helops,
1182 261 1313 303 quem
1329 249 1523 304 AEgypto
1546 262 1702 303 sargus

310 317 518 358 movebit.

254 383 415 437 Sargus
437 384 572 438 piscis
595 398 731 438 genus
753 385 799 426 in
820 385 931 426 mari
953 386 1180 440 AEgyptio.

255 451 464 504 Sarissa,¹³
484 453 609 494 hasta
625 452 937 495 Macedonica.

254 519 431 561 Sarissa
452 526 523 562 est
542 521 683 562 hastae
707 521 1013 563 Macedonicae
1029 535 1181 574 genus.

1523 385 1701 439 [PAnn.

1540 521 1702 573 [Fes‘r.

254 587 414 642 Sarpta
435 590 578 630 vineta
599 595 628 612 ¹¹
647 594 818 643 putata,
839 589 883 630 id
905 594 986 640 est,
1013 602 1124 643 pura
1144 589 1283 631 sacta:
1314 590 1428 631 unde
1447 593 1488 630 et
1524 590 1701 642 [PAUL.

310 657 490 710 virgulae
521 658 734 699 abscissae
773 662 1019 700 sarmenta:
1051 671 1228 712 sarpere
1265 658 1382 699 enim
1411 658 1580 711 antiqui
1621 670 1703 711 pro

310 737 495 777 purgare
511 725 727 767 dicebant.

257 791 412 846 Sarpta
435 793 578 833 vineae
605 801 775 848 putata,
806 793 852 835 id
878 799 959 845 est,
992 808 1104 850 pura
1120 793 1261 851 facta.

1329 793 1506 850 Virgulae
1539 793 1704 847 [FEST.

310 860 413 899 enim
435 859 596 903 relictae
617 861 912 916 impedimento
942 862 1091 903 vitibus
1110 862 1242 904 solent
1262 876 1376 911 esse,
1400 875 1502 916 quae
1524 859 1610 901 ideo
1632 860 1703 901 ab-

309 927 549 970 scinduntur
565 945 577 969 :
609 931 710 972 inde
744 932 876 973 etiam
910 938 1115 972 sarmenta
1149 931 1371 984 scriptores
1403 931 1491 972 dici
1527 936 1704 984 putant:

312 1011 474 1051 sarpere
492 999 597 1039 enim
618 1001 784 1055 antiqui
806 1014 883 1055 pro
903 1014 1085 1056 purgare
1105 999 1306 1041 dicebant.

254 1067 500 1120 Sarpuntur
522 1068 702 1119 vineae,d
723 1070 767 1111 id
787 1075 872 1120 est,
894 1073 1112 1124 putantur,
1134 1073 1183 1110 ut
1203 1070 1248 1110 in
1269 1068 1533 1110 duodecim:
1551 1065 1704 1117 Quan-

311 1135 456 1190 doque
476 1142 639 1191 sarpta,
661 1138 798 1180 donec
820 1138 996 1194 dempta
1016 1143 1154 1179 erunt.
1228 1127 1230 1130 ’

254 1203 396 1254 Sarra,
418 1204 562 1258 Tyros
582 1210 615 1229 ¹2
635 1207 792 1267 insula.

256 1268 388 1311 Sarra
403 1277 417 1294 θ
433 1272 617 1314 dicebant
639 1287 734 1329 quae
757 1288 874 1316 nunc
897 1274 1059 1328 Epiros
1081 1273 1231 1314 dicitur

862 1442 978 1454 ’’’’’’

1523 1204 1704 1258 [PAUL.

1470 1303 1479 1313 .
1539 1271 1595 1322 [F
1605 1281 1704 1312 sss‘r.

982 1443 1099 1454 eeeeee

299 1507 331 1535 11
360 1504 439 1536 Vet.
458 1504 515 1537 lib.
533 1505 635 1546 Sarpa
656 1507 847 1539 vinem—12
871 1508 951 1540 Vei.
968 1508 1044 1540 cod.
1062 1508 1175 1548 Epiros
1191 1507 1244 1538 vel
1259 1507 1368 1547 Pylos.
1415 1504 1503 1536 Vide
1522 1504 1642 1536 Notas.

909 1606 1051 1638 NOTAE

253 1669 322 1699 lus:
338 1668 455 1700 eadem
471 1674 583 1700 mente
595 1670 685 1710 apud
703 1670 814 1702 Cicer.
832 1671 840 1688 ‘
856 1671 951 1702 Prae-

253 1719 342 1750 clara
361 1718 489 1750 bestia!
520 1719 610 1750 Ibid.
628 1724 636 1736 ‘
652 1721 800 1761 AEgypto
814 1721 953 1762 sargus'

253 1769 340 1800 idem
360 1770 447 1810 quod
473 1770 560 1810 apud
586 1771 700 1802 Plaut.
726 1773 869 1813 ‘hospes
888 1773 951 1804 Za-

253 1821 413 1862 cyntlio:'
447 1821 537 1862 apud
568 1823 706 1854 Terent.
744 1826 753 1841 ⁴
774 1833 856 1854 anns
887 1825 951 1856 Co-

253 1872 364 1903 rintho
380 1871 401 1902 :’
425 1872 515 1912 apud
545 1873 626 1904 alios
653 1875 661 1890 ‘
680 1875 790 1905 vinum
818 1875 950 1914 Lesbos

252 1928 261 1940 ‘
280 1924 391 1954 vinnm
410 1924 492 1954 Chio
505 1923 526 1954 :‘
543 1924 585 1954 ad
611 1925 836 1956 imitationem
854 1926 951 1957 Grae-

252 1983 366 2005 corum
374 1997 382 2013 ,
393 1972 472 2004 οἶνος
483 1974 649 2011 Λεσβόθεν,
660 1974 739 2007 οἶνος
752 1975 874 2015 Χιόθεν,
883 1979 947 2007 &c.

253 2024 351 2055 Idem.

296 2075 309 2095 b
327 2075 470 2115 sarissa]
486 2074 635 2115 Σάρισσα,
649 2076 720 2117 δόρυ
733 2077 859 2118 μακρὸν,
873 2077 951 2110 εἶδος

253 2125 397 2157 ἀκοντίου
418 2127 615 2165 Ἑλληνικοῦ,
638 2126 741 2164 σπάθη
764 2130 951 2168 βαρβαρικὴ,

254 2176 440 2208 Μακεδόνες.
481 2178 632 2219 Hesycll.
670 2183 677 2195 ‘
696 2180 825 2210 Sarissa
854 2181 951 2211 hasta

254 2230 366 2268 longa,
390 2237 495 2268 genus
513 2229 625 2268 jaculi
649 2229 856 2270 Graecanici,
883 2231 953 2270 gla-

252 2279 326 2309 dius
342 2279 552 2318 barbaricum,
567 2280 798 2311 Macedones!
825 2282 951 2312 Vocem

255 2330 509 2361 Macedonicam
550 2341 622 2362 esse
661 2337 809 2363 testatur
849 2333 951 2363 etiam

253 2381 348 2412 Curt.
376 2381 435 2411 lib.
462 2390 514 2412 lx.
552 2381 719 2412 ‘Macedo
740 2383 835 2423 justa
860 2393 952 2414 arma

252 2438 431 2468 sumserat,
458 2443 582 2464 aerenm
607 2435 777 2474 clypeum,
808 2435 953 2474 hastam,

252 2494 352 2524 quani
378 2484 530 2515 san-issam
552 2490 688 2524 vocant,
713 2486 797 2516 laeva
823 2491 954 2525 tenens,

252 2534 375 2565 dextra
400 2534 566 2575 lanceam,
592 2535 773 2577 gladioque
805 2537 951 2576 cinctus,

253 2587 347 2617 velut
364 2596 439 2617 cum
459 2587 611 2626 pluribus
628 2587 871 2619 dimicaturus!
900 2589 949 2620 Id.

295 2642 308 2657 ⁰
332 2637 445 2677 Surpta
461 2637 564 2678 vinea]
600 2637 731 2678 Sarpere
747 2644 799 2670 est
818 2645 950 2679 putare,

254 2687 342 2717 unde
357 2692 463 2728 sarpta
478 2689 577 2727 vinea,
592 2695 627 2720 et
646 2694 800 2721 sarmenta
821 2692 949 2722 surculi

254 2740 430 2779 amputati.
471 2741 516 2772 Et
531 2742 693 2782 surpiculae
706 2740 811 2774 falces
829 2742 949 2783 quibus

1008 1672 1095 1701 vites
1115 1669 1320 1710 putabantur
1336 1673 1372 1699 et
1396 1667 1544 1699 arbores.
1589 1666 1707 1707 Sarpas

1009 1721 1107 1753 hodie
1125 1730 1307 1752 vocamus:
1345 1719 1442 1759 cujus
1466 1717 1705 1749 diminutivum

1006 1773 1179 1813 surpiculoe,
1195 1777 1230 1803 ut
1245 1778 1253 1790 ‘
1265 1771 1432 1812 paviculae
1443 1769 1451 1782 ’
1465 1780 1484 1801 a
1497 1770 1506 1787 ‘
1518 1768 1706 1810 paviendo.'

1007 1825 1147 1862 Postea,
1167 1829 1203 1854 ut
1220 1823 1358 1854 solenne
1375 1821 1437 1852 fuit
1456 1820 1585 1852 Latinis
1601 1830 1619 1851 α
1636 1829 1707 1850 mu-

1007 1882 1079 1907 tare
1104 1876 1136 1906 in
1163 1885 1178 1905 e
1202 1880 1235 1905 et
1260 1874 1283 1911 i,
1307 1874 1468 1913 serpiculoe
1491 1877 1528 1903 et
1550 1872 1705 1912 sirpiculae

1006 1926 1109 1956 dictae
1126 1930 1205 1955 sunt
1221 1934 1282 1965 pro
1298 1924 1471 1963 surpiculis.
1505 1923 1584 1954 Non
1603 1922 1707 1963 igitur

1006 1982 1083 2007 sunt
1102 1987 1119 2006 a
1133 1976 1292 2016 sfrpando.
1318 1975 1424 2005 Idem.

1047 2027 1062 2046 ‘¹
1086 2026 1264 2066 δαν-ρωπίαν
1278 2024 1392 2064 vineoe]
1417 2024 1535 2055 Verba
1557 2024 1638 2063 legis
1656 2026 1705 2054 12.

1006 2078 1168 2117 ‘Tignum
1190 2078 1347 2118 junctum
1374 2076 1501 2107 aedibus
1531 2075 1705 2115 vineaeque

1006 2129 1165 2168 concapis
1205 2138 1247 2159 ne
1295 2126 1439 2157 solvito.'
1517 2126 1707 2165 Quandoque

1005 2183 1113 2220 sarpta
1149 2181 1243 2210 donec
1265 2180 1368 2209 demta
1397 2181 1501 2209 erunt.
1563 2177 1705 2207 Malim:

1005 2234 1100 2263 donec
1121 2234 1225 2264 demta
1246 2232 1334 2271 escit,
1361 2231 1451 2262 vinea
1473 2230 1614 2261 scilicet.
1660 2228 1706 2258 Et

1006 2285 1054 2315 ita
1071 2286 1113 2315 al.
1132 2284 1235 2322 Escit,
1251 2283 1323 2314 erit.
1369 2282 1473 2320 Alibi,
1490 2281 1614 2311 Sensus
1633 2284 1705 2310 est:

1006 2336 1113 2366 vineae
1131 2343 1309 2374 concapes,
1324 2333 1386 2364 lioc
1402 2331 1601 2371 est‚tignum
1616 2329 1705 2371 quod

1005 2391 1109 2426 caput
1132 2395 1226 2416 suum
1246 2394 1321 2414 cum
1347 2383 1462 2423 capite
1487 2383 1592 2412 vineae
1617 2392 1706 2413 com-

1006 2437 1139 2467 missum
1167 2435 1282 2469 habet,
1307 2443 1372 2465 non
1398 2433 1540 2464 solvitur
1564 2432 1620 2463 ubi
1642 2433 1707 2473 pri-

1006 2497 1095 2518 mum
1120 2492 1237 2526 sarpta
1261 2489 1312 2516 est
1337 2485 1446 2522 vinea,
1463 2484 1571 2514 donec
1591 2483 1707 2514 demta

1006 2538 1083 2568 erit.
1122 2537 1169 2567 Ut
1186 2545 1295 2576 neque
1313 2535 1607 2576 tignumjunctum
1625 2535 1706 2565 3)(Ῐί-

1006 2588 1081 2626 bus,
1098 2586 1159 2617 nisi
1175 2596 1250 2617 cuni
1268 2585 1417 2617 dirutum
1435 2595 1514 2617 casu
1530 2585 1641 2626 aliquo
1659 2595 1702 2616 ae-

1005 2638 1169 2670 dificium.
1193 2637 1292 2668 Idem.

1047 2694 1060 2709 ‘³
1083 2687 1196 2727 Sarra]
1223 2687 1313 2728 Virg.
1337 2687 1396 2718 lib.
1417 2696 1457 2718 u.
1480 2687 1606 2727 Georg.
1632 2686 1702 2718 ‘Ut

1005 2749 1138 2782 gemma
1156 2739 1262 2775 bibat,
1279 2744 1312 2770 et
1327 2739 1476 2770 Sarrano
1487 2737 1634 2770 dormiat
1650 2746 1702 2768 os-
