1876 3025
279 199 342 228 DE
373 194 645 227 VERBORUM
678 189 1085 223 SIGNIFIGA'I'IONE
1120 189 1216 219 Llss,
1250 187 1379 217 XV11.

164 307 252 348 quo
274 293 437 335 rectius
469 292 609 332 dicas.

165 369 295 416 atque
326 362 591 416 frequentes.

1474 175 1556 216 841

668 290 770 330 Ibat
803 289 912 330 forte
946 288 1140 335 domum,
1163 283 1388 337 sequimur
1416 281 1558 329 multi,

653 358 764 400 Cum
799 362 979 398 secutos
1011 355 1150 397 videri
1182 353 1300 401 velit,
1322 353 1377 391 ol)
1410 362 1560 390 eorum

159 431 322 485 jurgia,
343 441 427 469 non
450 430 506 469 ob
524 428 756 469 adsuetum
775 425 983 466 officium.

109 499 326 540 Scutilum
342 502 488 545 tenue,
509 500 551 537 et
571 508 779 543 macrum,
797 498 841 533 et
863 494 906 533 in
930 505 1018 545 quo
1040 493 1209 532 tantum
1226 487 1356 528 exilis
1377 485 1506 539 [PAU
1520 497 1560 525 L.

166 566 378 621 pellicula
399 565 603 605 cernitur.

112 633 321 676 Scutilum
340 640 355 663 P
378 640 494 673 tenue
515 639 551 672 et
567 644 745 671 macrum
763 629 912 669 dicitur
933 641 979 667 ex
1001 626 1163 668 Graeco
1181 638 1190 666 :
1211 628 1257 664 ut
1278 636 1376 664 cum
1400 622 1563 677 [FEST.

168 703 346 744 dicimus
367 700 554 741 scutilum
576 699 786 748 hominem,
818 696 967 737 exilem
1005 696 1194 747 aliquem
1231 692 1564 733 demonstramus

168 771 209 811 ‘in
231 786 307 825 quo
318 769 511 824 pellicula
537 775 722 808 tantam.-
755 767 795 806 in
817 777 982 819 pompa
1004 763 1125 804 aliud
1147 760 1317 802 dicimus
1344 757 1562 806 Scucz'lum,

168 845 212 878 ut
235 838 425 879 videatur
443 837 640 877 scutilum
673 835 727 875 de
758 832 933 874 scrutilo
967 829 1194 870 derivatum
1218 826 1368 868 detrita
1389 841 1409 867 r
1432 825 1566 874 litera,

168 907 298 961 sitque
319 906 365 956 is,
387 907 462 959 qui
483 905 636 945 virtute
658 909 789 956 potest
821 899 1012 941 scrutari.

1076 897 1159 938 Sed
1188 911 1234 937 ex
1261 894 1403 935 (έναι-ο
1424 907 1564 934 nomen

156 974 338 1031 fuctum,
362 974 621 1016 scutilosum
643 970 876 1012 coriarium
896 966 1186 1023 significamus.

115 1044 202 1085 Sed
217 1049 236 1073 4
257 1057 335 1097 pro
358 1044 479 1083 sineq
501 1040 786 1081 inveniuntur
807 1037 1013 1091 posuisse
1038 1034 1226 1087 antiqui.

1388 1030 1569 1083 [PAUL.

115 1112 346 1166 Secespita
376 1110 563 1151 cultrum
598 1108 784 1149 ferreum
818 1106 1053 1156 oblongum
1089 1100 1318 1142 manubrio
1360 1100 1568 1148 eburneo,

172 1179 375 1227 rotundo,
409 1177 564 1222 solido,
598 1176 745 1216 vincto
783 1174 838 1215 ad
874 1172 1082 1226 capulum
1124 1182 1245 1219 auro,
1286 1171 1570 1220 argentoque,

172 1248 264 1288 fixo
284 1252 297 1277 ⁵
330 1246 468 1288 clavis
497 1245 650 1294 aeneis,
674 1256 761 1284 aere
794 1241 975 1296 Cyprio,
1010 1252 1096 1293 quo
1131 1237 1372 1286 Flamines,
1408 1234 1571 1274 Flami-

171 1316 285 1357 nicae
324 1315 532 1367 virgines,
583 1311 918 1363 Pontificesque
959 1308 1014 1349 ad
1057 1305 1276 1348 sacrificia
1314 1303 1570 1344 utebantur:

172 1384 290 1424 dicta
311 1388 460 1423 autem
482 1387 550 1422 est
573 1380 798 1434 secespita
819 1391 845 1419 a
864 1376 1073 1419 secando.

118 1451 423 1505 Secespitamr
445 1463 542 1491 esse
572 1447 787 1490 Antistius
811 1445 951 1486 Labeo
988 1445 1047 1486 ait
1083 1442 1258 1484 cultrum
1289 1440 1371 1482 fer·
1407 1438 1572 1489 [FEST.

717 1578 859 1590 oooooo

860 1578 959 1589 eeeee

158 1674 178 1701 4
200 1670 303 1702 Docti
320 1669 382 1700 viri
399 1669 582 1700 emendant
600 1668 718 1700 Se.—5
742 1667 823 1697 Vet.
845 1665 904 1697 lib.
921 1664 1038 1706 fixum.

773 1772 914 1806 NOTAE

162 1862 178 1882 P
203 1854 370 1894 Scutilum]
407 1854 532 1885 Sensus
560 1857 636 1884 est:
661 1851 812 1882 Scutilus

119 1906 244 1937 dicitur
259 1907 356 1937 homo
383 1914 495 1935 macer
519 1904 572 1944 qui
602 1907 693 1933 totus
720 1901 818 1942 peliis

119 1962 184 1995 est,
199 1966 273 1986 nam
291 1954 416 1992 σκύτος,
435 1954 544 1994 penis.
581 1953 626 1983 At
643 1952 675 1982 in
694 1961 819 1992 pompa

120 2007 315 2047 triumphali
343 2006 476 2036 scilicet
501 2002 694 2033 Manducus
722 2002 819 2032 homo

118 2058 259 2089 sentilus
282 2057 348 2088 dici
370 2054 625 2095 videtur‚qnasi
650 2052 820 2086 scrutiius,

119 2108 178 2149 qui
209 2112 323 2148 potest
343 2106 499 2137 scrutari.
548 2105 622 2135 Etsi
647 2104 693 2134 ibi
718 2104 819 2134 etiam

119 2168 241 2190 nomen
256 2159 415 2190 Graecum
430 2161 493 2195 est,
506 2153 652 2186 σκύτιλος
665 2164 682 2184 a
695 2152 821 2192 σκύτος,

121 2210 201 2250 quia
221 2210 318 2240 honio
343 2208 397 2238 ille
415 2207 495 2238 nihii
514 2205 603 2236 aliud
622 2209 696 2235 erat
720 2215 819 2245 quam

120 2261 229 2301 peliis.
275 2259 363 2289 Vide
391 2254 624 2294 ‘manducusf
655 2252 822 2293 ‘citeria,'

122 2315 158 2341 et
174 2312 182 2327 ‘
199 2307 356 2350 petreia.’
383 2308 480 2338 Idem.

165 2366 180 2386 q
204 2360 266 2390 Sed
279 2369 334 2399 pro
347 2358 427 2398 sine]
445 2357 548 2389 Docti
562 2356 623 2387 viri
637 2355 822 2386 emendant

121 2421 166 2448 se,
197 2411 275 2451 quia
300 2410 433 2440 scilicet
459 2407 621 2439 videbant
652 2408 712 2437 ‘se
744 2407 821 2437 dolo

124 2461 228 2493 malo'
244 2462 322 2492 dici.
345 2463 473 2493 Verum
487 2468 599 2492 tamen
615 2461 669 2491 sed
681 2469 740 2500 pro
756 2459 822 2490 sine

123 2515 271 2544 Veteres
298 2512 470 2543 dicebant.
515 2512 616 2554 Cujus
648 2511 696 2542 rei
721 2509 821 2541 fidem

123 2564 248 2595 fecerit
264 2563 491 2594 vetustissima
506 2563 574 2601 iex,
587 2572 662 2602 quae
679 2566 773 2592 extat
790 2561 822 2591 in

124 2615 341 2647 Bibliotheca
358 2613 470 2652 regia:
507 2621 556 2643 El.
582 2621 713 2643 Pmivio.
734 2620 822 2645 Quo—

125 2675 210 2700 ουκ.
228 2670 559 2697 D1E.QUAESTOREM.
575 2670 748 2693 SOLVERF..
763 2670 821 2693 ,ιυ-

126 2726 228 2748 BETO.
245 2722 498 2749 QL‘AESTQRQUE.
525 2721 614 2743 EAM.
633 2721 821 2744 ΡΕουΝιΑΜ

128 2774 191 2799 Eis.
207 2775 284 2798 sen.
300 2773 433 2797 mune.
451 2772 526 2794 SUA.
542 2771 705 2795 soLviTo.
732 2762 822 2794 Item

873 1851 906 1880 in
933 1848 1090 1879 columna
1115 1845 1255 1886 Dnillia,
1279 1852 1415 1885 semper
1440 1841 1575 1882 iegitur,

872 1907 1003 1930 Amon.
1031 1905 1164 1928 MARm.
1195 1902 1442 1927 Die‘rAToui-m.
1490 1891 1577 1922 Vide

873 1949 908 1979 in
928 1953 936 1965 ‘
952 1946 1124 1978 suadted.'
1172 1946 1287 1978 Quare
1305 1944 1351 1974 nii
1369 1941 1575 1974 ῐιιυῖῆηᾱιιιι]ι

873 2000 943 2030 Jos.
963 1999 1048 2029 Scal.

918 2055 930 2070 Γ
965 2048 1169 2089 Secespitam]
1209 2047 1365 2078 Priorem
1406 2044 1577 2075 notionem

875 2101 992 2132 iisdem
1010 2099 1120 2131 verbis
1144 2098 1281 2130 Servius
1301 2097 1357 2127 lib.
1374 2106 1421 2127 ιν.
1446 2093 1580 2126 AEneid.

873 2153 882 2169 ‘
896 2152 1073 2191 Secespita
1090 2148 1229 2187 autem,'
1242 2148 1365 2189 inquit,
1380 2148 1389 2164 ‘
1403 2152 1453 2177 est
1467 2145 1579 2176 culter

875 2203 1041 2242 oblongus
1065 2201 1210 2235 ferreus,
1228 2198 1407 2230 manubrio
1428 2198 1579 2228 eburneo

876 2254 1036 2289 rotundo,
1065 2251 1181 2291 solido,
1210 2250 1323 2281 vincto
1352 2247 1393 2278 ad
1419 2246 1579 2287 capulum

877 2309 1036 2344 argento,
1063 2310 1222 2342 auroque,
1245 2299 1313 2329 fixo
1336 2298 1440 2328 clavis
1464 2296 1580 2335 aeneis,

876 2365 943 2396 quo
959 2354 1152 2384 Flauiinicae
1168 2350 1315 2391 virgines
1333 2346 1580 2388 pontificesque

878 2405 920 2436 ad
937 2405 1082 2436 sacraria
1100 2406 1251 2439 utuntur,
1268 2408 1375 2440 eaque
1395 2399 1466 2438 jam
1484 2407 1581 2427 sacra

877 2461 942 2487 est.
982 2453 1187 2495 Appellatnr
1217 2457 1331 2481 autem
1365 2448 1534 2488 secespita
1563 2457 1581 2476 a

877 2506 1049 2539 secand0.'
1115 2505 1255 2536 Sueten.
1299 2501 1374 2532 Tib.
1412 2509 1488 2539 cap.
1526 2501 1580 2528 25.

873 2559 884 2578 ·‘
900 2559 987 2589 Nam
1005 2562 1040 2587 et
1057 2556 1145 2587 inter
1163 2551 1345 2595 pontifices
1372 2549 1580 2581 sacrificanti

878 2609 976 2640 simul
1002 2618 1061 2648 pro
1089 2606 1258 2645 secespita
1289 2602 1482 2643 plumbeum
1509 2600 1580 2630 cul-

877 2665 966 2691 trum
988 2656 1236 2699 subjiciendum
1259 2651 1412 2685 cii-avit!
1457 2650 1579 2680 Altera

877 2711 969 2741 notio
987 2714 1039 2739 est
1056 2718 1131 2739 cum
1157 2704 1328 2744 secespita
1351 2702 1493 2732 sumitur
1517 2708 1577 2739 pro

877 2760 1022 2793 reticulo
1049 2768 1142 2790 aeneo
1166 2757 1237 2788 sive
1264 2752 1436 2788 cancellis,
1454 2751 1486 2782 in
1512 2759 1578 2792 qno
