1876 3025
309 137 371 167 nn
402 132 674 166 vannorum
707 128 1111 161 SIGNIFIGATIONE
1146 128 1241 158 ΜΒ.
1275 127 1381 156 xm.
1480 114 1565 157 767

173 248 259 274 sum
281 237 542 287 rumpantur,
565 228 872 281 contrariaque
905 227 993 268 sint
1014 230 1134 272 recto,
1157 221 1265 277 quod
1284 220 1520 261 vocabulum
1539 236 1563 260 a

172 300 372 354 regendo,
396 303 446 340 ut
467 295 733 339 commodius
769 293 983 336 deductum
1003 291 1206 340 videatur,
1230 290 1392 331 dictum
1423 287 1562 329 videri

174 375 326 422 potest.

118 436 294 485 RictuS,
314 436 439 485 rixae,
468 434 663 482 1·ixosae,9
689 431 887 484 ringitur,
909 429 995 470 dici
1018 428 1230 475 videntur,
1254 424 1357 479 quia
1388 424 1567 478 [PAUL.

174 504 217 544 in
250 504 469 545 diversum
507 505 781 555 rumpantur,
818 499 1127 550 contrariaque
1155 496 1241 536 sint
1270 499 1416 534 recto:
1450 492 1566 546 quod

173 571 434 612 vocabulum
453 571 620 612 dietum
636 568 806 610 videtur
829 581 855 608 a
872 565 1073 619 regendo.

119 639 317 690 Rideo,¹0
337 640 478 693 inquit
499 639 646 681 Galba
668 636 913 686 Canterio,’‘
945 633 1227 688 proverbium
1258 635 1341 680 est,
1399 628 1566 682 [FEsr.

176 707 295 760 quod
327 707 504 748 Sinnius
527 705 686 759 Capito
718 704 783 745 ita
804 704 1121 756 interpretatur,
1142 700 1225 740 nisi
1247 698 1323 751 qui
1352 696 1569 751 principio

176 776 238 816 rei
259 775 448 829 alicujus
469 774 687 815 inchoatae
708 771 915 812 deficiunt
931 769 1122 810 animo.¹¹
1157 766 1383 819 Sulpicius
1406 763 1570 812 Galba,

179 855 278 883 cum
302 842 344 882 in
378 841 652 895 provinciam
676 839 841 882 exiens,
864 837 917 878 ad
951 840 1127 890 portam
1163 835 1307 887 ipsam
1331 831 1569 873 canterium

178 922 305 950 suum
327 908 710 950 animadvertisset
731 905 957 953 cecidisse,
976 903 1138 952 Rideo,
1162 902 1320 956 inquit,
1342 899 1509 941 canteri
1530 903 1573 938 te

168 978 264 1031 jam
284 978 453 1018 lassum
473 988 585 1025 esse,
611 988 709 1016 cum
733 978 825 1014 tam
845 973 1022 1028 longum
1043 972 1125 1011 iter
1145 971 1301 1020 iturus,
1325 969 1402 1010 vix
1433 967 1479 1008 id
1512 965 1588 1010 sis!

178 1046 414 1098 ingressus.

122 1113 362 1155 Ridiculus
379 1112 556 1166 proprie
578 1111 751 1159 dicitur,
770 1108 847 1162 qui
868 1108 912 1148 in
932 1108 1065 1148 rebus
1081 1104 1285 1159 turpibus
1308 1103 1487 1144 ridetur.

123 1180 378 1230 Ridiculus,
399 1180 474 1233 qui
495 1179 538 1219 in
559 1180 691 1219 rebus
713 1176 920 1230 turpibus
939 1174 1114 1214 ridetur.
1398 1169 1575 1222 [PAUL.

124 1247 320 1288 Rienesy
353 1248 522 1301 antiqui
568 1246 797 1287 vocabant
836 1241 1128 1291 nefrundines,
1167 1239 1273 1294 quia
1323 1237 1471 1279 Graeci
1501 1249 1577 1277 eos

179 1314 322 1369 νεφροὺς
342 1315 506 1356 dicunt.
566 1315 756 1355 Plautus
775 1326 785 1354 ε
819 1311 986 1352 Glaber
1006 1315 1115 1359 erat,
1138 1312 1348 1361 tanquam
1370 1305 1473 1346 rien.

125 1382 290 1423 Rienes
322 1396 435 1436 quos
466 1395 582 1423 nunc
623 1393 851 1429 vocamus,
892 1379 1064 1431 antiqui
1099 1375 1378 1417 nefrundines
1409 1373 1577 1427 [FESTn

181 1451 469 1504 appellabant
488 1464 498 1491 ι
530 1451 633 1504 quia
656 1449 806 1491 Graeci
820 1446 963 1502 νεφροὺς
984 1459 1064 1487 eos
1087 1447 1261 1486 vocant.
1322 1441 1512 1483 Plautus
1533 1441 1579 1481 in

181 1520 433 1572 Satyrione:
460 1518 578 1559 Male
600 1518 678 1559 tibi
695 1517 896 1558 evenisse
916 1514 1072 1557 video:
1095 1513 1243 1566 glaber
1257 1514 1353 1551 erat
1369 1514 1580 1563 tanquam

182 1599 287 1627 rien.
1064 1597 1067 1598 ⁷

738 1691 976 1704 emt-‘mr

171 1796 190 1824 9
203 1792 264 1824 Ed.
279 1793 603 1824 Sca1.rz·a;iosae.—1o
618 1799 625 1811 ‘
641 1792 715 1823 Hoc
730 1792 805 1823 loco
820 1792 852 1822 in
868 1790 1004 1831 antiquo
1018 1788 1105 1819 libro
1122 1789 1173 1817 est
1188 1785 1268 1816 Sex.
1280 1783 1404 1823 Pomp.
1417 1782 1510 1813 Festi
1526 1781 1583 1812 lib.

130 1836 247 1867 xvul.'
273 1836 351 1868 Ant.
378 1836 548 1876 Aug.—ll
579 1835 773 1876 Legenduin
796 1840 911 1865 monet
928 1835 1014 1864 Dae.
1063 1831 1173 1864 Rideo,
1190 1828 1290 1868 inquit
1308 1826 1421 1862 Galba,
1441 1827 1582 1859 Camari,

125 1879 319 1919 proverbium
342 1884 388 1910 est
415 1881 494 1919 quod
521 1875 651 1910 Sinnius
676 1879 788 1918 Capito
813 1879 860 1908 ita
886 1878 1113 1917 interpretatur
1136 1874 1170 1903 in
1194 1873 1235 1902 z‘z's
1265 1870 1316 1911 qui
1338 1869 1505 1911 principio,
1529 1870 1582 1908 250.

131 1922 230 1962 Legit
247 1928 282 1953 et
298 1923 385 1953 Scal.
407 1923 632 1963 interpretatur
646 1922 679 1952 in
695 1922 748 1952 iis.
792 1921 855 1951 Vir
870 1921 961 1951 doct.
979 1920 1012 1950 in
1027 1927 1133 1957 marg.
1146 1917 1182 1947 de
1195 1914 1248 1946 iis.

783 2061 923 2096 NOTAE

129 2141 310 2182 legendnm
327 2147 391 2183 est,
407 2153 471 2175 non
489 2143 665 2183 tinguntur,
690 2146 730 2174 ut
757 2142 828 2182 qui·

131 2192 207 2222 dam
225 2192 306 2223 libb.
330 2193 426 2224 editt.
453 2194 505 2223 vel
522 2194 776 2232 restinguuntur,
791 2194 830 2221 ut

130 2242 265 2282 legebat
289 2243 454 2284 Scaliger.
498 2244 555 2274 Sic
579 2243 667 2274 idem
687 2243 795 2273 Varro
811 2250 830 2271 a

926 2142 943 2158 x
959 2138 1071 2174 Rideo,
1087 2136 1203 2177 inquit,
1222 2134 1324 2166 Galba
1342 2131 1506 2171 Camerio]
1525 2132 1588 2163 Le-

885 2189 1045 2231 gendnm,
1063 2188 1174 2227 Rideo,
1191 2187 1292 2227 inquit
1310 2185 1425 2223 Galba,
1445 2183 1587 2221 Canteri,

882 2240 1078 2281 proverbium
1101 2242 1146 2269 est
1169 2239 1248 2279 quod
1265 2236 1396 2268 Sinnius
1413 2235 1525 2274 Capito
1541 2235 1589 2264 ita

130 2293 258 2331 rigentia
275 2291 358 2324 fecit
372 2294 475 2324 rixari
493 2303 553 2334 pro
568 2293 666 2333 ringi,
683 2303 757 2333 cap.
775 2294 830 2323 47.

131 2343 282 2382 ejusdem
310 2344 410 2375 libri:
453 2345 462 2361 ‘
482 2345 575 2385 prins
605 2344 693 2374 enim
725 2342 828 2373 aridae

131 2392 233 2423 factae
251 2394 418 2431 rixantur,
443 2403 481 2425 ac
505 2394 649 2424 celerius
673 2402 832 2433 rumpun-

133 2441 211 2473 tur.'
258 2443 432 2483 Rixantur,
458 2443 491 2474 id
517 2446 581 2482 est,
604 2442 833 2481 deducuntur,

134 2493 336 2532 ringuntur3
360 2503 470 2534 neque
486 2493 574 2524 enim
598 2493 642 2523 ibi
662 2492 766 2523 rixari
780 2495 834 2521 est

135 2552 154 2573 a
189 2542 273 2576 rixa,
311 2543 400 2582 quod
428 2543 599 2583 hueusque
627 2543 833 2582 interpretes

135 2591 269 2623 fefellit.
318 2592 402 2622 Rixa
418 2597 529 2623 autem
546 2598 580 2622 et
596 2593 722 2622 rixosus
738 2601 803 2621 non
817 2601 836 2621 a

134 2642 314 2681 rumpendo,
340 2642 391 2671 vel
418 2642 559 2681 rigando,
585 2641 642 2672 sed
669 2653 687 2673 a
711 2641 837 2673 Graeco

137 2692 238 2734 ἐρίζω,
252 2693 321 2733 ἔρις.
348 2694 445 2725 Idem.

885 2293 1111 2330 interpretatur
1137 2289 1172 2319 in
1198 2288 1238 2319 iis
1265 2287 1317 2328 qui
1340 2285 1510 2327 principio,
1534 2286 1589 2322 ὅγε.

886 2342 976 2373 Nam
993 2339 1211 2380 proverbium
1233 2337 1340 2369 fuisse
1355 2338 1441 2368 rideo
1459 2336 1590 2366 Canterc'

887 2401 1027 2423 necesse
1053 2396 1116 2422 est.
1162 2389 1204 2421 Id
1231 2388 1410 2431 sequentia
1432 2386 1589 2424 suadent,

888 2441 1046 2483 probant.
1070 2440 1169 2471 Idem.

930 2498 944 2519 y
970 2491 1099 2531 Rienes]
1134 2490 1222 2521 Vide
1249 2486 1488 2521 ‘Nefrendesss
1512 2486 1590 2517 Ant.

889 2543 975 2582 Aug.

935 2590 1066 2630 Rienes]
1089 2591 1239 2623 Glossae:
1265 2592 1274 2608 ‘
1290 2589 1470 2626 Rienosus‚
1491 2590 1590 2624 νεφρι-

891 2642 999 2674 τικός.’
1021 2644 1089 2673 Jos.
1108 2642 1192 2673 Scal.
