1876 3025
313 182 376 212 DE
409 175 686 209 VERBORUM
720 169 1130 205 SIGNIFIGATIONE
1165 169 1261 199 LIB.
1293 168 1397 198 xlv,

1500 155 1585 197 683

142 279 250 320 Puri
286 274 520 318 menstrior
550 284 650 313 esse
691 269 909 317 dicuntur,
943 265 1027 320 quiv
1059 276 1282 306 sacrorum
1322 274 1460 304 eausa
1489 266 1586 302 toto

198 357 350 387 mense
372 343 420 384 in
452 338 715 383 caerimoniis
737 341 852 386 sunt,
872 334 918 376 id
949 337 1030 383 est,
1051 332 1151 386 puri
1186 331 1273 372 sint
1304 329 1435 372 certis
1456 329 1587 370 rebus

200 411 402 454 carendo.

145 480 390 521 Puteoloss
411 477 554 518 dictos
584 475 744 528 putant
778 471 832 512 ab
854 482 984 524 aquae
1023 466 1180 509 calidae
1209 468 1389 520 putore:
1411 463 1588 517 [PAUL‚

201 545 382 599 quidam
421 556 448 584 a
478 540 754 583 multitudine
769 537 801 563 ¹⁶
840 541 1065 592 puteorum
1104 533 1339 575 earundem
1375 543 1590 585 aquarum

201 614 338 666 gratia
353 612 586 652 factorum.

146 679 361 721 Puteolost
395 678 521 719 dictos
557 675 678 717 aiunt
707 673 760 714 ab
794 687 910 729 aquae
945 670 1081 713 caldae
1105 675 1277 724 putore.-
1308 666 1399 722 qui-
1429 665 1592 721 [FES'R

203 748 298 788 dam
325 761 349 787 a
390 743 652 786 multitudine
681 748 900 797 puteorum
942 738 1168 780 earundem
1209 749 1415 792 aquarum
1451 732 1593 789 gratia

189 813 419 870 factorum.

717 945 804 986 vio.

460 1015 517 1055 is.

205 1083 340 1125 illius.

1243 817 1336 845 uer.

970 887 1071 915 cum
1095 877 1259 914 autem.

150 1151 340 1192 Puteum
353 1148 516 1204 antiqui
523 1155 541 1172 ¹¹
562 1148 753 1189 dixerunt
768 1143 874 1187 unde
890 1142 993 1185 sumi
1007 1148 1155 1197 potest,
1169 1140 1271 1183 inde
1280 1135 1502 1194 puticulos,
1524 1148 1597 1175 αιι»

208 1217 477 1272 tiquissimum
494 1230 620 1271 genus
639 1214 855 1270 sepulturae
875 1210 1113 1267 appellatos.

750 1332 888 1345 oooooo

195 1416 235 1445 16
257 1413 335 1445 Vet.
349 1413 409 1445 lib.
426 1412 642 1444 similitudine,

891 1331 987 1344 ‘‘‘‘‘

802 1495 946 1528 NOTAE

193 1581 206 1596 Γ
229 1575 311 1606 Puri
335 1572 499 1613 menstrz‘o]
537 1572 657 1603 Malim
680 1575 849 1607 menstruo,

152 1627 216 1657 etsi
244 1626 257 1656 i
283 1629 320 1656 et
349 1635 370 1655 u
400 1623 560 1655 facillime
589 1626 853 1654 commutantur.

151 1676 239 1707 Vide
254 1672 566 1706 ‘caerimoniarum.'
590 1673 689 1704 Idem.

195 1731 205 1745 ⁵
230 1724 394 1764 Puteolos]
424 1724 534 1754 Varro
552 1723 610 1753 lib.
626 1732 678 1753 lv.
696 1722 739 1753 de
756 1722 795 1753 L.
813 1721 852 1752 L.

154 1775 162 1791 ‘
178 1774 208 1806 A
240 1774 351 1815 puteis
385 1772 548 1813 oppidum
580 1773 729 1812 Puteoli,
766 1771 853 1813 quod

154 1826 222 1856 sint
250 1825 341 1856 circa
363 1833 438 1856 eum
465 1824 576 1854 locum
602 1832 697 1864 aquae
719 1821 854 1863 frigidae

155 1880 190 1906 et
206 1874 326 1906 calidae
343 1874 470 1905 muitae.
514 1872 590 1904 Nisi
612 1882 631 1903 a
654 1877 776 1913 putore
793 1881 852 1912 po-

154 1926 235 1959 tius,
250 1923 340 1965 quod
359 1922 498 1964 putidus
514 1923 558 1953 sit
580 1922 742 1953 odoribus
759 1931 853 1962 saepe

155 1985 197 2007 ex
212 1975 371 2015 sulphure
388 1977 424 2005 et
445 1971 613 2004 alumine!
656 1972 771 2004 Strab.
794 1972 854 2003 lib.

156 2036 190 2058 v.
227 2024 286 2056 Kal
311 2023 535 2064 μετωνόμασαν
572 2022 755 2059 Ποτιόλους,
794 2021 855 2054 ἀπὸ

156 2077 219 2106 τῶν
235 2074 386 2116 φρεάτων·
400 2073 473 2105 οἶδὲ
489 2071 550 2103 ἀπὸ
565 2073 622 2110 τῆς
633 2071 779 2104 δυσωδίας
793 2074 856 2103 τῶν

159 2126 276 2158 ὑδάτων
292 2125 374 2157 ἅπαν
388 2124 425 2156 τὸ
441 2123 554 2164 χωρίον
571 2124 636 2154 ἐκεῖ
647 2122 740 2163 μέχρι
757 2122 857 2154 Βαΐων

158 2177 210 2209 καὶ
232 2179 289 2214 τῆς
307 2176 456 2216 Κυμαίας,
473 2175 521 2206 ὅτι
546 2173 627 2206 θείου
650 2174 765 2214 πλῆρές
790 2173 858 2203 ἐστι

159 2228 209 2259 καὶ
231 2226 335 2267 πυρὸς,
359 2225 410 2257 καὶ
436 2227 551 2266 θερμῶν
575 2224 700 2255 ὑδάτων.
723 2224 746 2255 i.
769 2224 779 2240 ‘
793 2224 858 2255 Ur-

158 2279 303 2319 bemque
341 2276 506 2308 Puteolos
542 2274 805 2306 denominarum
840 2283 858 2304 a

161 2329 296 2369 puteis;
314 2327 370 2359 alii
393 2336 412 2357 a
429 2332 551 2368 putore
573 2335 736 2366 aquarum
752 2329 859 2355 totam

159 2381 258 2410 istam
290 2379 460 2417 regionem
491 2376 533 2407 ad
561 2377 664 2407 Baias
696 2385 800 2417 usque
824 2381 860 2406 et

163 2429 291 2470 Agrum
325 2429 527 2466 Cumanum,
564 2426 654 2468 quod
690 2425 860 2466 sulphuris

165 2481 266 2520 plena
280 2480 323 2511 sit
338 2489 377 2511 ac
393 2478 493 2519 ignis,
507 2482 544 2509 et
559 2476 745 2508 calidarum
759 2486 862 2517 aqua-

167 2529 263 2560 rum.'
306 2529 494 2569 Stephanus
531 2527 573 2558 ab
611 2530 755 2568 utroque
792 2525 861 2557 dici

168 2584 301 2613 censet,
314 2589 332 2609 a
346 2582 435 2619 puteo
451 2584 487 2610 et
500 2579 580 2610 olere
597 2587 679 2609 voce
695 2578 862 2618 composi·

167 2637 202 2663 ta
217 2641 225 2662 ι
251 2629 446 2669 Δικαιαρχία,
461 2629 585 2670 inquit,
599 2628 689 2660 πόλις
710 2627 860 2661 Ἰταλίας·

165 2682 284 2719 ταύτην
294 2680 327 2712 δέ
335 2686 412 2720 φασι
428 2681 595 2716 κεκλῆσθαι
607 2679 790 2712 Ποτιόλους·
807 2679 863 2711 πό·

169 2745 219 2765 τια
234 2731 266 2764 δὲ
281 2732 322 2763 τὰ
342 2729 462 2771 φρέατα
477 2730 605 2761 καλοῦσι
623 2730 774 2768 Ῥωμαῖοι,
790 2729 863 2765 ὄλη-

905 1582 938 1611 ρε
967 1569 1000 1600 δὲ
1026 1569 1065 1600 τὸ
1092 1567 1184 1607 ὄζειν.
1210 1568 1232 1600 i.
1260 1566 1495 1598 ‘Dicaearchia
1523 1566 1604 1598 urbs

905 1621 1030 1660 Italiae,
1047 1630 1146 1661 quam
1161 1618 1277 1650 ferunt
1289 1618 1454 1649 Puteolos
1468 1617 1605 1648 dictam³

906 1673 1019 1703 Putea
1029 1671 1118 1701 enim
1134 1669 1274 1701 Romani
1286 1673 1409 1700 vocant
1419 1678 1494 1709 quae
1507 1668 1606 1699 Graeo

909 1722 940 1753 ci
966 1720 1097 1761 φρέατα,
1112 1725 1148 1751 et
1171 1721 1263 1759 olere,
1289 1719 1428 1750 odorem
1456 1718 1608 1753 mittere„

907 1773 996 1813 quod
1011 1771 1127 1802 Graeci
1143 1769 1248 1810 ὄζειν.’
1269 1770 1370 1800 Idem.

950 1823 959 1842 ῑ
983 1820 1146 1861 Puteolos]
1160 1821 1233 1852 Ista
1249 1819 1361 1851 omnia
1370 1827 1446 1859 quae
1463 1825 1608 1857 sequun-

909 1877 965 1904 tur
987 1872 1030 1902 ad
1047 1871 1135 1902 idem
1153 1874 1258 1911 caput
1276 1868 1448 1910 pertinere
1464 1876 1532 1897 non
1549 1876 1609 1906 pu-

909 1928 956 1954 to.
980 1923 1032 1953 De
1045 1922 1086 1953 iis
1099 1921 1206 1962 igitur
1219 1920 1363 1960 amplius
1378 1917 1611 1960 quaerendum.

909 1974 1009 2004 Idem.

952 2028 966 2044 ¹¹
990 2023 1126 2053 Puteum
1141 2018 1281 2060 antiqui]
1295 2018 1412 2050 Media
1425 2017 1520 2049 Festi
1536 2026 1610 2048 ver-

911 2074 954 2105 ba
975 2073 1075 2104 findit
1106 2071 1286 2112 interjecta
1314 2068 1415 2100 Pauli
1439 2069 1614 2108 Epitome⁹

912 2124 1001 2165 quod
1038 2129 1074 2154 et
1111 2122 1191 2153 alibi
1228 2120 1356 2152 factum
1392 2118 1614 2151 ostendimuso

914 2175 1089 2215 Conjunge
1110 2173 1215 2212 igitur
1231 2176 1266 2202 et
1283 2171 1379 2210 lege:
1407 2168 1542 2199 Puteum
1556 2177 1613 2198 an-

913 2224 993 2264 tiqui
1008 2224 1157 2254 dixerunt
1176 2222 1258 2252 unde
1277 2219 1357 2250 sumi
1376 2221 1488 2258 potest.
1536 2217 1614 2248 Inde

911 2275 1064 2316 puticulos
1085 2271 1339 2312 antiquissimum
1357 2277 1456 2309 genus
1478 2267 1613 2307 sepultu-

912 2334 959 2355 rae
974 2325 1154 2364 appellatos,
1172 2322 1252 2362 quod
1267 2321 1313 2351 ibi
1327 2320 1361 2351 in
1383 2318 1486 2360 puteis
1507 2318 1615 2358 sepeli-

913 2378 1024 2406 rentur
1043 2374 1192 2412 homines,
1213 2374 1266 2412 ὅγε.
1311 2371 1414 2401 Putei
1434 2369 1524 2400 idem
1542 2373 1616 2409 ety-

914 2434 992 2455 mon
1010 2422 1108 2455 affert
1123 2423 1231 2453 Varro
1247 2420 1307 2452 lib.
1323 2429 1374 2451 xv.
1397 2420 1407 2436 ‘
1420 2419 1519 2450 Unde
1530 2418 1617 2449 sumi

916 2479 1042 2517 potest,
1073 2471 1218 2514 puteus!
1271 2471 1338 2503 Sed
1369 2470 1616 2511 ineptissimum

917 2536 992 2558 esse
1019 2535 1117 2557 nemo
1144 2533 1210 2555 non
1238 2522 1343 2554 videt.
1386 2521 1496 2553 Addit
1526 2520 1617 2551 idem

916 2577 1041 2615 Varro,
1058 2580 1095 2606 ut
1119 2574 1247 2615 optime
1270 2572 1344 2612 ejus
1368 2572 1477 2602 locum
1501 2577 1615 2600 emen·

916 2627 1011 2658 davit
1025 2626 1190 2666 Scaliger,
1206 2623 1215 2640 ‘
1230 2623 1294 2654 nisi
1307 2622 1418 2664 potius
1435 2619 1524 2661 quod
1539 2618 1617 2650 1Εο-

916 2679 966 2709 les
990 2676 1166 2716 dicebant,
1186 2675 1308 2714 ποτῆρα
1338 2672 1398 2703 ἀπὸ
1427 2670 1484 2701 τοῦ
1509 2668 1617 2709 πότου,

917 2736 996 2767 non,
1007 2731 1046 2759 ut
1060 2735 1161 2762 nunc,
1173 2723 1289 2764 φρέαρ.’
1313 2721 1372 2753 Ait
1384 2721 1493 2752 Varro
1502 2719 1617 2753 AEoles
