1876 3025
402 504 505 553 DE
540 501 744 552 FESTI
783 498 1279 550 FRAGMENTO:

666 694 721 725 Ex
738 693 805 725 En.
822 693 918 725 Rom.
936 695 1031 724 1581.

124 1041 404 1096 VIGESIMUS
425 1055 551 1105 agitur
572 1069 710 1101 annus,
735 1069 782 1094 ex
801 1069 879 1106 quo
900 1056 992 1093 Ant.
1016 1054 1258 1105 Augustinus
1278 1051 1458 1102 Archiep.
1487 1049 1580 1087 Tar·-

124 1122 357 1167 memiensis,
381 1120 482 1158 Festi
501 1121 775 1170 fragmentum,
797 1119 902 1170 quod
933 1119 1120 1169 majorum
1147 1116 1331 1155 memoria
1350 1128 1397 1154 ex
1425 1113 1580 1164 Illyrico

127 1187 331 1224 advectum
352 1185 388 1221 in
411 1183 645 1222 bibliotheca
666 1184 901 1221 Farnesiana
934 1189 1117 1228 servatur,
1137 1181 1258 1218 multo
1279 1193 1396 1230 quam
1418 1178 1481 1215 alii
1502 1175 1584 1213 dili-

129 1250 283 1300 gentius
298 1262 385 1286 cum
409 1247 574 1297 vulgatis
593 1247 770 1292 contulit,
799 1253 837 1284 et
856 1247 1001 1297 primus
1022 1255 1171 1297 partem
1203 1244 1362 1282 alteram
1384 1242 1465 1292 ejus
1495 1239 1584 1277 libri

127 1313 300 1351 mutilam
316 1312 530 1363 exscripsit,
545 1311 907 1361 commentariisque
921 1323 943 1347 a
961 1324 1000 1348 se
1014 1310 1242 1346 illustratam
1262 1307 1384 1345 edidit
1396 1303 1583 1348 Venetiis,

130 1390 247 1428 opera
262 1376 392 1414 Caroli
415 1376 578 1425 Sigonii.
637 1374 714 1412 Sed
737 1381 776 1411 ut
796 1381 888 1411 tunc
911 1380 992 1411 erat
1022 1373 1159 1410 Romae
1181 1371 1344 1409 stlitibus
1358 1365 1584 1420 judicandis

132 1454 301 1485 xnle,
320 1440 481 1489 aliisque
516 1438 752 1489 gravioribus
783 1438 881 1476 curis
910 1437 1129 1488 impeditus,
1159 1435 1349 1473 nonnulla
1377 1431 1586 1471 clarissimo

128 1504 209 1542 viro
229 1504 354 1555 deque
372 1503 490 1541 literis
510 1503 653 1553 optime
674 1502 823 1547 merito,
845 1502 882 1538 in
905 1501 959 1538 eis
984 1500 1137 1538 schedis
1168 1496 1447 1542 describendis,
1477 1494 1586 1533 exci-

132 1568 283 1606 derunt.
340 1568 466 1611 Quam
505 1566 659 1617 quidem
699 1565 907 1602 editionem
940 1563 1148 1601 doctissimi
1187 1562 1256 1599 viri
1286 1567 1420 1611 postea
1453 1560 1587 1603 secuti,

131 1638 208 1669 tam
231 1632 352 1668 multa
379 1631 418 1667 in
447 1643 491 1668 ea
521 1630 786 1673 restituerunt,
817 1636 860 1665 ut
888 1642 935 1666 ex
966 1628 1023 1673 iis,
1054 1640 1142 1677 quae
1174 1625 1337 1662 Lutetiae
1366 1623 1588 1672 vulgarunt,

132 1695 298 1745 intelligi
321 1695 434 1732 facile
455 1694 587 1745 possit,
609 1693 702 1743 quid
725 1693 861 1730 facturi
885 1692 1058 1736 fuissent,
1090 1691 1119 1727 si
1149 1687 1450 1727 emendatiorem
1482 1684 1591 1722 codi-

134 1772 217 1796 cem
239 1759 341 1796 nacti
362 1765 502 1795 essent.
560 1757 641 1794 Nos
663 1756 791 1806 igitur,
812 1756 950 1806 quibus
970 1755 1038 1792 has
1057 1751 1295 1802 antiquitatis
1313 1749 1491 1799 reliquias
1511 1761 1591 1785 non

136 1823 258 1859 solum
280 1820 523 1871 inspiciendi,
537 1820 605 1856 sed
621 1820 733 1856 etiam
753 1819 935 1856 arbitratu
958 1824 1089 1855 nostro
1110 1815 1316 1860 tractandi,
1337 1812 1591 1851 commoditas

138 1899 241 1936 saepe
261 1885 344 1930 fuit,
366 1898 454 1922 cum
471 1897 518 1921 ex
540 1883 712 1920 locorum
735 1883 884 1932 aliquot
903 1881 1110 1920 collatione
1128 1878 1542 1919 animadvertissemuS,
1562 1875 1593 1912 si

138 1949 342 2000 fragmenti
362 1949 474 1999 hujus
505 1946 659 1985 schedae
691 1946 738 1983 ad
760 1947 876 1984 fidem
901 1944 1099 1996 archetypi
1132 1942 1360 1994 exemplaris
1381 1952 1592 1992 repraesen-

139 2019 326 2058 tarentur,
344 2013 439 2056 fore,
461 2019 502 2049 ut
521 2025 608 2061 quae
627 2011 761 2048 mutila
784 2023 999 2060 mancaque
1020 2009 1057 2045 in
1080 2008 1124 2045 iis
1146 2013 1248 2051 sunt,
1270 2019 1403 2044 omnes
1425 2002 1593 2053 antiqui-

139 2077 231 2114 tatis
253 2075 418 2114 studiosi
451 2075 599 2113 facilius
631 2088 677 2112 ea
703 2075 925 2124 certiusque
960 2078 1093 2110 essent
1126 2070 1348 2115 divinaturi,
1376 2067 1594 2107 curavimus

140 2140 303 2190 paginas
324 2140 441 2190 ipsas,
465 2152 510 2176 eo
530 2152 608 2189 quo
631 2139 771 2176 Festus
793 2138 948 2188 scripsit
977 2136 1128 2180 ordine,
1158 2147 1316 2172 numero
1344 2145 1527 2170 versuum
1556 2131 1595 2167 in

142 2203 307 2254 singulis
328 2202 507 2253 pagellis,
527 2210 565 2240 et
585 2202 779 2239 literarum
799 2201 837 2238 in
858 2213 1092 2251 unoquoque
1119 2212 1246 2244 versu,
1272 2211 1344 2235 nec
1374 2202 1503 2241 aucto,
1523 2207 1595 2232 nec

143 2267 347 2312 diminuto,
368 2268 422 2304 ita
441 2272 484 2303 ut
501 2272 591 2304 sunt
610 2266 648 2302 in
668 2265 889 2316 exemplari,
912 2278 989 2315 qua
1002 2264 1199 2314 potuimus
1216 2261 1429 2312 diligentia,
1452 2258 1599 2296 descri-

143 2331 308 2368 bendas.
367 2331 452 2368 Hoc
474 2330 653 2380 amplius,
674 2335 822 2379 partem
851 2329 1080 2379 paginarum
1109 2326 1299 2369 mutilam,
1319 2324 1452 2361 habita
1473 2322 1598 2373 spatii,

146 2394 251 2445 quod
272 2393 532 2444 supplendum
552 2393 638 2438 fuit,
658 2393 822 2438 ratione,
844 2391 1001 2430 infinitis
1023 2391 1119 2428 locis
1149 2389 1446 2426 resarcivimus:
1476 2386 1599 2423 multa

147 2471 195 2495 ex
215 2470 345 2496 eorum
367 2457 531 2507 scriptis,
551 2469 647 2507 quos
669 2469 784 2507 supra
811 2455 1105 2499 nominavimus,
1126 2452 1304 2498 mutuati,
1324 2451 1455 2488 multis
1483 2449 1599 2487 etiam

149 2521 197 2559 de
218 2528 350 2559 nostro
370 2519 541 2561 additis3
573 2533 648 2557 non
672 2520 777 2570 quod
800 2533 846 2557 ea
865 2532 955 2557 vera
984 2532 1082 2563 esse,
1113 2525 1180 2555 aut
1208 2518 1262 2554 ita
1293 2517 1449 2553 Festum
1481 2514 1598 2563 scrip-

151 2585 248 2622 sisse
270 2585 510 2628 arbitremur,
533 2583 601 2620 sed
623 2591 665 2620 ut
686 2583 887 2621 doctorum
909 2583 1064 2632 ingenia
1084 2582 1340 2619 excitaremus
1362 2578 1411 2615 ad
1432 2578 1528 2613 bene
1550 2575 1599 2611 de

150 2648 225 2686 hoc
246 2648 464 2697 fragmento
494 2646 742 2684 merendum:
773 2654 888 2697 atque
909 2659 954 2684 ea
974 2645 1131 2695 quidem
1167 2643 1440 2694 supplementa
1470 2639 1599 2676 litera-

153 2725 234 2749 rum
257 2711 438 2749 varietate
470 2717 508 2748 et
534 2711 634 2748 notis
665 2711 780 2748 etiam
805 2709 1037 2760 quibusdam
1069 2710 1116 2746 ab
1152 2708 1313 2756 antiquo
1340 2703 1598 2742 distinximus,
