1876 3025
208 191 271 220 DE
304 185 575 218 VERBORUM
609 178 1015 214 smNirch‘ronE
1050 176 1146 207 mu.
1179 172 1409 204 X1X.XX.
1470 161 1582 202 1015

134 286 343 334 Vivatus‚
363 287 406 324 et
426 281 603 324 vividus
622 293 648 321 a
667 279 712 321 vi
733 290 894 330 magna
910 275 1127 316 dicuntur.

132 353 360 403 Vivatus‚¹¹
390 356 435 392 et
453 350 629 392 vividus
651 362 678 389 a
703 346 849 402 poe'tis
870 345 1084 392 dicuntur,
1107 354 1132 382 a
1154 341 1198 382 vi
1218 353 1389 394 magna.
1420 337 1585 392 [FEST.

134 421 424 470 Vivissimus,
449 417 744 472 superlativus
767 428 794 454 a
815 412 975 454 vivido.

136 487 249 529 U1s⁰
270 487 383 528 Cato
405 499 484 540 pro
506 486 618 526 ultra
637 482 802 537 posuit.

1405 405 1587 461 [PAUL.

137 556 350 598 Umbraep
380 555 653 596 vocabantur
684 549 1011 603 Neptunalibus
1044 560 1164 588 casae
1196 544 1390 587 frondeae
1419 554 1499 596 pro
1523 543 1588 581 ta-

196 624 455 665 bernaculis.

800 740 944 774 NOTAE

140 835 237 866 bonae
254 833 332 865 vitae
351 832 537 868 commodo,
554 831 653 863 sicuti
671 830 726 872 qui
750 839 839 860 nunc

140 886 240 917 estin
258 894 387 915 summa
404 883 537 921 laetitia,
562 882 675 912 vivere
698 891 774 912 eum
792 880 842 910 di-

142 936 272 968 cimus.’
326 935 464 966 Naevius
492 934 669 973 Lycurgo:
704 933 712 949 ‘
732 932 781 962 Ut
807 932 841 961 in

141 992 268 1017 venatu
290 985 473 1016 vitulantes
500 993 542 1014 ex
567 984 634 1013 suis
658 982 756 1014 Locis
781 991 841 1012 nos

142 1037 281 1067 mittant
298 1035 406 1075 poenis
423 1034 601 1065 decoratos
616 1032 722 1064 feris.’
755 1032 841 1063 Inde

144 1087 246 1118 etiam
281 1086 462 1117 hilaritatis
492 1086 567 1116 Dea
599 1084 706 1116 Vieula
736 1083 843 1122 dicta,

143 1138 239 1178 cujus
260 1137 414 1168 meminit
439 1135 595 1166 Macrob.
618 1134 675 1166 lib.
692 1143 746 1164 ιιι.
770 1133 843 1164 Sat.

146 1197 224 1228 cap.
239 1191 271 1218 2.
294 1188 391 1218 Idem.

187 1244 201 1258 ¹¹
230 1237 376 1277 Vivatus]
397 1236 555 1267 Vividum
569 1235 704 1276 quidem
726 1244 846 1275 agnos-

147 1289 273 1320 cimus:
299 1288 358 1319 sed
383 1296 501 1318 vereor
516 1296 555 1317 ne
574 1287 692 1317 Festus
710 1294 770 1325 pro
791 1284 846 1315 Vi-

146 1343 248 1373 riatus
270 1342 394 1372 vivatus
421 1339 568 1379 legerit:
594 1338 742 1368 Lucilius
759 1337 846 1368 libro

148 1402 253 1424 xxvi.
276 1393 347 1423 ‘Ut
368 1391 511 1432 populus
537 1390 706 1420 Romanus
737 1389 846 1418 victus

146 1444 192 1483 vi,
223 1447 258 1474 et
291 1446 471 1482 superatus
497 1439 625 1480 praeliis
657 1440 756 1480 Saepe
794 1443 848 1469 est

148 1494 284 1525 multis:
310 1493 397 1524 bello
417 1501 496 1522 vero
521 1500 704 1530 nunquam,
733 1489 847 1530 inquo

148 1548 226 1576 sunt
249 1544 389 1575 omnia:
427 1542 559 1573 Contra
587 1539 765 1581 flagitium,
793 1549 849 1569 ne-

149 1594 238 1625 scire
263 1593 354 1624 vinci
380 1592 483 1630 bello,
502 1602 520 1622 a
543 1591 689 1621 barbaro
715 1588 850 1620 Viriato

149 1644 369 1676 Hannibale.'
413 1644 509 1675 Idem
523 1643 609 1673 libro
627 1651 666 1672 11.
682 1641 740 1671 ‘In
755 1641 851 1671 viria-

150 1701 222 1726 tum
239 1696 328 1725 hunc
345 1695 377 1725 in
394 1693 511 1724 fauces
524 1694 655 1723 invasse
671 1703 678 1722 :
694 1693 852 1722 animam-

152 1756 218 1787 que
247 1746 382 1776 Elisisse
411 1743 483 1775 illi.'
530 1743 576 1773 At
601 1743 690 1783 quod
721 1742 852 1773 Nonius

154 1797 202 1827 ait
238 1796 409 1827 Viratium
438 1793 629 1834 significare
657 1802 851 1833 magnarum

154 1847 273 1877 virium
290 1845 459 1876 hominem
485 1845 518 1875 in
546 1844 659 1874 verbis
676 1844 854 1881 Varronis,

153 1897 295 1929 fallitur.
341 1895 457 1927 Verba
478 1895 641 1925 Varronis
663 1894 697 1925 in
724 1894 854 1924 Melea-

155 1950 221 1990 gris
239 1961 246 1980 :
269 1950 278 1966 ‘
292 1948 326 1979 Si
347 1957 412 1977 nou
430 1946 525 1976 malit
539 1945 697 1976 viraciam
716 1954 853 1974 uxorem

154 2000 280 2031 habere
308 1996 529 2029 Atalantam)
580 1995 706 2027 Vir-acia
729 2000 780 2025 est
803 1994 854 2025 ἆν-

156 2050 301 2090 τιάνειρα.
347 2048 415 2079 Sed
449 2051 483 2077 et
515 2056 631 2076 versus
662 2046 855 2076 Lucilianos

155 2101 409 2143 conjunximus:
434 2103 470 2128 et
492 2097 676 2127 secundum
703 2096 855 2136 ejusdem

156 2152 270 2192 poetae
288 2149 518 2182 testimonium
541 2147 856 2187 depravatissimum

157 2204 190 2233 in
222 2201 335 2233 Nonio
364 2201 487 2239 legitur
513 2198 701 2236 Injuriat‘zcm
730 2207 790 2237 pro
820 2197 857 2227 In

158 2253 317 2283 viriatum.
351 2251 440 2282 Nolo
459 2255 571 2279 tamen
588 2254 708 2279 eontra
727 2253 859 2278 veteres

161 2302 412 2335 Grammaticos
430 2301 610 2341 quicquam
626 2304 754 2328 temere
772 2308 789 2327 a
806 2307 859 2328 me

161 2352 387 2393 pronuntiari.
431 2351 519 2381 Nam
537 2348 653 2389 quidni
668 2349 805 2386 viratus,
823 2353 860 2378 ut

162 2409 197 2434 et
213 2403 362 2434 Sensatus
379 2401 482 2441 possit
499 2399 588 2430 dici?
612 2399 682 2429 Jos.
701 2398 783 2429 Scal.

211 2451 357 2491 Vim-atus]
383 2451 459 2481 Non
485 2449 621 2479 dubium
645 2448 724 2488 quin
742 2448 863 2479 vivatus

165 2505 207 2536 sit
222 2513 304 2534 vera
316 2502 430 2533 lectio.
477 2501 615 2530 Lucret.
629 2499 687 2529 lib.
702 2508 759 2529 111.
795 2504 802 2515 ‘
818 2500 863 2530 Ut

162 2559 314 2588 lacerato
330 2553 425 2584 oculo
441 2551 567 2582 circum
584 2550 609 2580 si
626 2550 753 2590 pupula
773 2558 863 2579 man-

166 2608 209 2637 sit
224 2603 408 2637 Incolumis
423 2605 489 2632 stat
502 2600 663 2631 cernendi
678 2600 790 2630 vivata
805 2610 861 2639 po-

167 2656 298 2689 testas!
345 2654 408 2685 Sed
426 2653 547 2683 vivatus
563 2655 595 2681 et
610 2651 731 2681 vividus
749 2661 766 2680 a
783 2651 864 2690 vivo,

168 2717 232 2739 non
247 2717 264 2737 a
280 2707 322 2740 vi,
340 2709 376 2735 ut
394 2704 513 2734 Festus
530 2705 641 2741 putat.
658 2702 737 2732 Dae.

209 2762 222 2775 ⁰
251 2755 322 2794 Uis]
346 2755 421 2795 Uis,
438 2753 513 2784 ultis
531 2752 739 2792 Pomponius
757 2752 788 2782 in
807 2751 868 2782 ori-

893 827 1084 869 ginejuris:
1107 826 1116 842 ‘
1132 824 1221 857 Ultis
1237 820 1410 854 Tiberim.’
1455 818 1510 850 Ab
1532 819 1592 855 uls,

893 881 964 911 sive
977 878 1170 918 ultis,ullra‚
1186 880 1222 906 ut
1238 885 1256 905 a
1279 875 1288 892 ‘
1301 872 1371 913 cis‚'
1388 871 1456 902 sive
1472 871 1481 887 ‘
1496 868 1594 903 citis:

894 929 1024 961 ‘citra.’
1072 928 1162 958 Vide
1186 927 1196 943 ‘
1211 925 1280 957 cis.’
1304 925 1399 955 Idem.

905 999 907 1002 .
936 988 952 1007 P
981 979 1122 1019 Umbrae]
1148 979 1227 1010 Non
1245 977 1352 1007 solum
1369 974 1402 1004 in
1417 973 1595 1013 Neptuna-

892 1033 991 1071 libus,
1005 1031 1064 1062 sed
1083 1030 1184 1061 etiam
1205 1028 1278 1058 aliis
1295 1024 1490 1056 solennibus
1507 1022 1594 1053 cele-

894 1082 1090 1120 britatibus‚
1106 1085 1143 1111 nt
1159 1080 1192 1110 iu
1219 1076 1348 1109 solenni
1376 1074 1484 1105 Annae
1513 1073 1596 1103 Per·

896 1144 1006 1166 annae.
1051 1131 1217 1164 Ovidius:
1256 1126 1383 1158 ‘Plebs
1415 1124 1521 1162 venit,
1555 1131 1595 1152 ac

896 1184 1023 1216 virides
1055 1182 1178 1223 passim
1215 1178 1357 1219 disjecta
1388 1184 1449 1216 per
1474 1171 1596 1204 herbas

898 1236 1022 1266 Potat:
1048 1237 1083 1263 et
1106 1230 1277 1263 accumbit
1298 1237 1374 1258 cum
1401 1234 1484 1266 pare
1509 1223 1597 1264 quis-

898 1295 962 1326 que
979 1294 1050 1315 sua.
1095 1282 1165 1313 Sub
1181 1281 1267 1313 Jove
1283 1287 1361 1319 pars
1379 1276 1498 1306 durat:
1517 1282 1599 1314 pau-

897 1337 926 1367 ci
950 1335 1101 1367 tentoria
1125 1336 1279 1372 ponunt:
1312 1329 1410 1363 Sunt,
1435 1325 1556 1367 quibus
1581 1333 1599 1354 e

899 1386 998 1417 ramis
1021 1383 1165 1415 frondea
1187 1380 1281 1412 facta
1305 1388 1384 1409 casa
1401 1382 1465 1408 est.
1512 1375 1598 1405 Pars

900 1437 961 1468 sibi
989 1446 1050 1477 pro
1075 1433 1193 1474 rigidis
1219 1432 1365 1462 calamos
1381 1432 1532 1459 statuere
1549 1434 1602 1455 co-

898 1488 1040 1518 lumnis:
1067 1486 1223 1524 Desuper
1240 1485 1396 1513 extentas
1412 1479 1601 1518 imposuere

901 1537 1022 1577 togas!
1068 1537 1154 1568 Quae
1170 1533 1271 1564 factae
1293 1535 1370 1562 sunt
1389 1540 1407 1561 e
1424 1526 1602 1559 frondibus

899 1589 1058 1620 Tricliilae
1079 1585 1286 1617 vocabantur
1312 1593 1330 1612 a
1349 1579 1540 1613 Veteribus,
1565 1581 1603 1608 ut

903 1639 983 1670 alibi
1007 1638 1208 1671 notavimus,
1233 1639 1266 1664 et
1291 1633 1433 1672 amplius
1462 1630 1502 1660 ad
1530 1629 1604 1659 Cae-

904 1699 1011 1720 sarem
1037 1687 1202 1725 dicemus,
1223 1684 1312 1725 apud
1335 1692 1434 1723 quem
1450 1681 1483 1711 in
1500 1679 1605 1709 omni-

904 1743 966 1773 bus
994 1751 1093 1772 manu
1119 1738 1267 1778 scriptis,
1293 1738 1460 1777 quotquot
1486 1735 1606 1763 extant

904 1794 1040 1830 (extant
1053 1795 1165 1821 autem
1180 1786 1320 1827 infiniti)
1333 1784 1521 1821 codicibus,
1534 1788 1605 1813 tum

905 1843 1007 1874 etiam
1025 1841 1056 1871 iu
1072 1839 1244 1870 veteribus
1262 1835 1465 1868 editionibus
1485 1833 1607 1864 Trichi.

905 1894 942 1924 1oe
959 1903 1024 1923 non
1041 1890 1328 1929 t1·z·clz'nialeg·=un·.
1376 1886 1487 1918 Quam
1510 1885 1606 1925 inep-

907 1949 940 1976 ta
966 1943 1068 1974 lectio
1095 1941 1138 1972 sit
1161 1941 1309 1980 vulgata,
1331 1936 1547 1968 ostendemus
1573 1935 1606 1965 in

906 1995 958 2034 iis,
971 2003 1045 2034 quae
1062 1992 1103 2022 ad
1118 1991 1228 2031 ipsum
1246 1989 1427 2021 Caesarem,
1444 1995 1543 2027 quem
1560 1984 1610 2015 ‹li-

905 2044 1128 2084 ligentissime
1144 2051 1220 2072 cum
1232 2039 1338 2070 veteri
1355 2038 1473 2069 codice
1492 2041 1609 2067 contu-

906 2098 1015 2132 limus,
1038 2099 1253 2133 annotamus,
1265 2092 1342 2133 quia
1357 2091 1457 2121 video
1473 2089 1612 2130 quibus-

907 2148 985 2179 dam
1007 2146 1117 2177 doctis
1146 2144 1225 2174 viris
1251 2141 1517 2174 commentitiam
1541 2141 1611 2170 lec-

909 2199 1034 2230 tionem
1065 2195 1244 2237 placuisse.
1289 2194 1424 2223 Primus
1439 2193 1527 2222 enim
1546 2192 1612 2221 sse-

910 2249 1045 2280 roaldus
1071 2246 1203 2279 censuit
1222 2243 1381 2275 Thericlea
1409 2252 1470 2282 pro
1488 2241 1612 2272 Trichi-

911 2300 949 2330 [ιε
973 2297 1155 2338 legendum
1185 2304 1272 2325 esse.
1329 2294 1458 2324 Postea
1489 2291 1614 2322 extite-

913 2354 990 2380 runt
1008 2347 1194 2387 ineptiores
1213 2345 1268 2375 illo
1285 2344 1345 2373 liae
1359 2343 1495 2384 quidem
1513 2342 1547 2372 in
1565 2350 1613 2378 re,

913 2399 968 2440 qui
999 2397 1149 2427 Triclinia
1174 2394 1433 2425 substituerunt.
1480 2391 1548 2423 Sed
1574 2390 1615 2421 de

913 2450 964 2479 his
981 2458 1041 2479 suo
1058 2448 1144 2477 loco.
1166 2446 1238 2476 Jos.
1255 2444 1337 2474 Scul.

963 2497 1104 2537 Utribroe]
1128 2494 1358 2527 Tabernacula
1382 2493 1452 2523 sive
1471 2492 1618 2522 tentoria

919 2549 960 2580 ad
991 2545 1212 2587 excipiendos
1246 2542 1443 2584 peregrinos
1480 2541 1535 2582 qui
1575 2541 1618 2571 ad

916 2597 1122 2640 spectandos
1139 2595 1233 2626 ludos
1255 2592 1485 2623 convenirent.
1530 2592 1616 2623 Quae

918 2649 1073 2681 similiter
1092 2646 1222 2678 Graecis
1237 2643 1359 2675 σκιάδες
1372 2642 1485 2674 dictae.
1510 2641 1617 2673 Athe-

921 2709 1012 2731 naeus
1027 2698 1083 2729 lib.
1098 2706 1147 2728 lv.
1175 2697 1255 2727 Duc.
