1876 3025
231 93 342 157 1e22

775 318 918 367 LIB.

273 438 367 472 PAG.
382 443 456 472 553.
482 437 592 478 Pales]
618 437 716 478 Cujus
740 439 827 478 festa
848 437 931 479 pali-

231 491 292 523 ῖὶαι
317 491 453 532 dignum
472 491 657 521 observatu
674 496 739 529 est,
761 500 835 521 cum
854 490 932 520 Fes-

232 547 284 573 tus
305 541 415 582 palilz'a
442 540 509 571 dici
535 544 631 572 recte
650 540 800 581 judicet,
823 539 932 570 Mario

230 592 409 623 Victorino
426 591 550 622 Parilia
569 592 718 631 placere,
738 591 848 631 pm'ilicz
864 590 931 620 dis-

231 642 378 683 plicere:
414 643 461 673 sic
490 644 578 673 enim
610 642 747 674 scribit:
774 643 782 659 ‘
809 641 932 673 Parilia

232 693 480 732 dicuntur‚non
499 693 626 732 Palilia,
638 702 704 724 non
723 703 741 723 a
756 693 840 723 Pale
857 692 937 732 dea,

231 743 288 773 sed
304 742 391 784 quod
416 752 455 774 eo
482 746 634 783 tempore
663 743 775 774 onmia
791 747 863 773 sata
880 752 932 773 ar-

234 793 401 834 boresque
426 798 462 824 et
486 794 601 825 herbae
628 795 760 834 pariant
787 793 932 834 parturi-

234 844 385 884 untque!
425 844 608 875 Athenaeus
627 854 760 885 quoque
777 845 837 876 lib.
854 853 933 875 vm.

232 894 363 925 Parilia
381 895 545 935 nominat,
561 905 636 936 quae
652 905 712 926 sua
728 895 811 926 dicit
829 900 932 926 aetate

231 945 385 976 Romana
403 951 532 985 vocata,
555 946 693 976 condito
716 946 806 977 urbis
835 946 933 985 genio

233 1000 269 1026 et
285 994 429 1027 fortnnae
448 997 585 1036 templo.
599 996 652 1035 τὰ,
668 997 788 1038 inquit,
807 995 934 1037 παρίλια

232 1046 330 1078 πάλαι
352 1047 409 1086 μὲν
442 1048 629 1087 καλούμενα,
666 1049 719 1079 νῦν
747 1048 779 1080 δὲ
806 1049 932 1089 ῥωμαΐα.

236 1098 367 1129 Turneb.
391 1098 442 1128 lib.
464 1107 539 1130 xvr.
563 1109 629 1139 cap.
645 1101 697 1129 22.

277 1148 367 1180 PAG.
381 1152 455 1179 557.
484 1150 654 1181 Parurium
665 1151 723 1192 ces]
743 1149 772 1181 A
786 1151 932 1191 paribus,

235 1198 268 1230 id
285 1204 349 1239 est,
375 1199 507 1230 duobus
530 1201 623 1242 equis
640 1211 759 1232 nomen
777 1201 932 1233 habuisse

235 1250 393 1282 arbitror.
418 1251 467 1281 Id.
483 1252 560 1282 ibid.

278 1301 370 1332 PAG.
385 1305 460 1333 561.
478 1303 594 1333 Passer
610 1303 762 1344 marinus]
779 1303 934 1334 Struthz‘o·

233 1354 382 1383 camelus.-
407 1353 463 1393 qui
480 1363 555 1384 cum
574 1354 621 1384 ita
644 1355 755 1384 volare
772 1355 880 1385 soleat
897 1358 934 1386 ut

234 1412 253 1433 a
270 1407 361 1434 terra
377 1412 411 1432 se
429 1413 495 1433 non
514 1404 621 1439 tollat,
640 1404 697 1434 sed
716 1405 843 1435 alarum
861 1415 935 1446 pas-

234 1452 279 1483 sis
295 1453 377 1483 velis
395 1462 461 1482 una
478 1453 638 1492 remiget:
656 1454 781 1485 idcirco
794 1454 933 1486 Plautus

236 1503 395 1543 scripsit:
420 1505 428 1519 ‘
448 1504 533 1534 Vola
551 1505 719 1535 curriculo
738 1505 848 1535 isthuc
867 1515 934 1535 ma-

235 1554 326 1584 rinus
343 1563 459 1594 passer
476 1554 508 1584 in
523 1554 616 1585 circo
634 1554 741 1586 solet.’
780 1555 933 1586 Marinus

235 1611 347 1636 autem
368 1610 507 1635 vocatur
527 1615 659 1645 passer,
682 1611 718 1636 ut
740 1615 826 1642 reor,
843 1606 933 1646 quod

235 1665 276 1686 ex
300 1654 416 1686 Africa
440 1656 470 1686 in
495 1656 629 1687 Italiam
652 1656 733 1686 mari
751 1656 933 1687 advehere-

235 1711 301 1737 tur.
326 1706 375 1736 Id.
394 1706 470 1738 ibid.

276 1757 366 1787 PAG.
395 1760 470 1788 562.
508 1757 670 1797 Putugus]
709 1757 866 1797 Legimus
902 1759 933 1789 in

237 1807 340 1839 Festo
355 1808 514 1845 Putngum
530 1809 637 1838 morbi
655 1818 760 1849 genus
778 1819 863 1850 esse,
878 1819 934 1841 ne·

233 1867 299 1899 que
325 1863 496 1898 praeterea
520 1859 699 1899 quicquam
727 1861 934 1899 reperimus:

233 1909 323 1950 quod
342 1909 428 1939 enim
447 1919 552 1949 genus
573 1910 680 1940 morbi
701 1910 756 1948 sit,
772 1910 866 1941 nobis
880 1921 935 1942 co·

232 1959 409 1998 gitandum
437 1959 572 2000 reliquit
599 1960 650 1990 vel
678 1961 751 1998 ipse
780 1961 833 1991 vel
863 1961 934 2001 ejus

234 2008 478 2040 abbreviator:
515 2008 585 2040 fere
617 2009 817 2040 crediderim
850 2020 935 2041 mor-

234 2059 312 2090 bum
343 2070 416 2089 esse
447 2060 539 2095 vitis,
571 2060 628 2100 qui
667 2059 810 2099 πάταγος
845 2060 935 2100 apud

232 2110 503 2150 Theophrastum
531 2110 706 2141 scribitur:
734 2111 808 2151 ojus
834 2111 937 2141 verba

233 2165 330 2191 sunt:
357 2160 428 2190 ἔνιοι
445 2158 606 2190 κελεύουσι
628 2158 772 2199 πάταγον
788 2159 936 2195 εὐλαβού-

233 2223 332 2251 μενοι,
349 2222 378 2241 κ.
391 2223 421 2240 τ.
435 2217 468 2241 λ.
485 2211 541 2241 ubi
558 2210 755 2241 Theodorus
770 2210 937 2241 πάσσαλον

233 2263 357 2302 legisse
368 2261 514 2301 videtur,
530 2271 604 2292 cum
616 2262 624 2278 ‘
640 2261 818 2302 papillum’
834 2262 936 2292 inter-

237 2317 415 2353 pretetur:
435 2322 473 2342 ac
492 2311 625 2342 videtur
638 2312 700 2342 hoc
715 2312 819 2342 morbi
834 2322 938 2351 genus

238 2371 327 2401 esse,
353 2372 427 2393 cum
456 2363 628 2392 sauciatur
656 2362 765 2401 ligone
791 2362 822 2392 in
850 2362 939 2393 abla-

237 2414 481 2453 queatioiie3nt
495 2413 539 2442 sit
552 2415 689 2451 patagus
707 2413 805 2452 plaga
819 2417 852 2443 et
866 2422 938 2453 per-

238 2465 361 2494 cussio.
390 2464 436 2493 111.
454 2463 530 2493 ibid.

282 2514 463 2544 Paosoo.
494 2513 644 2552 Pedibus]
674 2513 712 2544 P.
730 2514 861 2544 obsitum
888 2520 940 2546 est

239 2575 473 2605 paenunosum,
484 2564 685 2604 squalidum,
700 2568 735 2594 ut
748 2574 854 2604 grana
866 2575 939 2606 qnae

239 2616 338 2647 sitnm
357 2619 614 2652 contraxerunt,
631 2614 719 2654 quod
743 2615 841 2645 aliter
859 2615 940 2645 ‹lici-

242 2672 297 2698 tur
318 2666 462 2705 pedulum
480 2666 531 2695 vel
553 2665 720 2704 pcctlidum.
754 2665 939 2696 Titinnius:

236 2716 245 2732 ‘
256 2717 323 2748 Rus
336 2715 538 2748 detrudetur
551 2714 747 2756 pedidosus‚
760 2715 941 2747 sordidus.'

687 126 829 158 NOTAE
866 124 1127 157 VARIORUM

1164 123 1216 156 IN

977 318 1129 366 XIV.

984 441 1023 468 ut
1049 437 1136 468 male
1162 436 1283 467 Festus
1309 439 1366 466 aut
1389 435 1530 466 Verrius
1559 432 1681 475 legerit

979 488 1152 528 pedicosus,
1181 496 1256 517 nam
1288 487 1340 516 vel
1369 486 1498 527 syllaba
1531 486 1603 526 ipsa
1629 494 1683 515 re-

984 545 1127 580 pugnat.
1171 537 1312 576 Scaliger
1327 537 1360 567 in
1381 537 1550 569 Varronem
1571 537 1608 566 de
1632 534 1681 565 Re

985 590 1130 621 Rustica.

1027 641 1120 672 PAG.
1148 643 1222 672 573.
1258 639 1446 680 Penatores]
1487 639 1586 669 Cato:
1616 637 1681 668 hac

985 692 1125 724 Catonis
1153 691 1357 722 auctoritate
1385 691 1524 722 adducti
1548 689 1683 731 quidam

984 743 1159 783 opinatores
1176 743 1210 772 in
1228 742 1354 773 Codice
1368 741 1551 774 Jnsuniani
1573 741 1605 771 in
1628 750 1682 780 pe-

985 796 1107 823 natores
1118 791 1293 822 mutandos
1308 796 1465 822 censent:
1480 801 1551 831 nos,
1563 800 1636 821 cnm
1649 789 1682 820 id

986 850 1084 874 extra
1111 843 1280 874 cancellos
1310 848 1444 872 nostros
1475 842 1530 880 sit,
1560 840 1683 881 pedem

986 893 1182 929 referemus,
1212 898 1246 924 et
1263 892 1517 933 jurisconsultis
1544 901 1602 922 sua
1632 901 1684 921 re-

986 946 1189 987 linquemus,
1217 953 1399 984 eorumque
1427 942 1556 983 judicio
1580 942 1683 973 stabi-

986 1007 1070 1036 mus,
1087 1001 1216 1027 tantum
1235 996 1383 1026 dicemus
1405 996 1437 1025 in
1461 994 1600 1034 antiquo
1627 1003 1685 1023 vo-

986 1047 1154 1079 cabulnrio
1169 1047 1334 1086 reperisse
1348 1056 1406 1077 nos
1423 1046 1597 1086 opiuutores
1609 1053 1682 1075 esse

985 1099 1210 1129 aestimatores
1230 1097 1282 1127 vel
1300 1097 1471 1128 militares.

1029 1150 1210 1180 ΡΑ6.577.
1246 1146 1364 1185 Penus]
1399 1146 1529 1186 Soepire,
1557 1148 1684 1186 soeptus,

984 1199 1160 1240 dissoeptus,
1171 1208 1305 1239 semper
1317 1197 1494 1229 scribenda
1505 1207 1546 1227 ex
1564 1201 1681 1227 aucto-

984 1250 1086 1281 ritate
1105 1254 1257 1281 veterum
1277 1249 1459 1279 librorum:
1477 1248 1554 1278 hinc
1571 1255 1684 1278 emen-

985 1300 1057 1331 dari
1075 1306 1189 1340 potest
1207 1300 1290 1330 liber
1308 1300 1421 1330 Festi}
1445 1300 1545 1329 Penus
1556 1300 1685 1328 vocatur

984 1352 1065 1382 locus
1093 1351 1220 1382 intimus
1252 1351 1285 1380 in
1313 1351 1376 1380 aede
1410 1349 1501 1379 Veste
1533 1347 1686 1386 tegetibus

983 1402 1185 1442 soe1›tus,quz'‚
1206 1404 1258 1441 &a
1305 1399 1460 1431 Gifanius
1485 1398 1598 1429 indice
1621 1398 1685 1428 Lu-

985 1453 1148 1488 cretiam,
1172 1452 1181 1469 ‘
1200 1449 1336 1491 saepta.'

1028 1503 1122 1533 PAG.
1152 1505 1225 1532 583.
1274 1499 1437 1540 PersIcus]
1490 1499 1684 1540 Legendum

986 1553 1149 1587 Persibus,
1177 1561 1242 1582 non
1271 1551 1430 1590 Persicus,
1458 1550 1583 1590 quippe
1609 1549 1686 1580 sim-

986 1604 1064 1643 plex
1085 1602 1150 1632 fuit
1166 1602 1259 1633 sibus.
1306 1602 1443 1631 Festus:
1470 1601 1478 1615 ‘
1496 1599 1597 1636 sibus,
1618 1600 1686 1630 cal-

986 1653 1072 1683 lidus
1098 1653 1150 1683 vel
1179 1651 1323 1683 acutus!
1361 1650 1505 1689 Scaliger
1518 1650 1551 1680 in
1565 1653 1688 1680 sextum

995 1703 1154 1734 Varronis.

1031 1755 1123 1785 PAG.
1140 1756 1215 1785 588.
1243 1751 1414 1792 Petissere]
1440 1752 1609 1790 Petissant,
1629 1761 1687 1782 soe-

983 1805 1053 1846 pius
1073 1808 1195 1845 petant.
1221 1804 1311 1834 Puto
1331 1803 1507 1843 legendum
1525 1802 1688 1842 pitissant,

986 1856 1096 1895 sapius
1109 1857 1232 1894 potant,
1246 1862 1445 1894 quamquam
1457 1852 1564 1882 Prisc.
1577 1850 1687 1891 pitisso

988 1916 1005 1936 a
1035 1904 1152 1944 πιτύζω
1182 1904 1307 1935 Gra-co
1334 1903 1505 1934 deducere
1531 1901 1688 1932 videatur

990 1957 1046 1987 hb.
1065 1966 1088 1987 1.
1110 1955 1261 1993 Gifanius
1284 1959 1290 1971 ‘
1310 1952 1498 1994 petissere)

1032 2009 1124 2038 PAG.
1149 2008 1220 2037 591.
1258 2004 1407 2044 Piatricc]
1439 2002 1688 2034 Simulatricem:

988 2058 1165 2096 Mulieres,
1181 2066 1255 2096 quae
1275 2055 1352 2085 olim
1370 2055 1452 2084 alios
1468 2053 1574 2084 solitae
1591 2056 1687 2083 erant

988 2108 1141 2147 expiare,
1180 2111 1217 2137 ut
1245 2115 1301 2136 eos
1328 2106 1383 2146 qui
1409 2104 1449 2134 ad
1479 2103 1687 2134 dementiam

989 2159 1071 2198 lapsi
1089 2162 1201 2196 erant,
1226 2156 1433 2187 simulatrices
1456 2154 1687 2185 vocabantur:

989 2209 1119 2249 opinor,
1136 2206 1225 2248 quod
1241 2207 1345 2236 multa
1361 2204 1568 2241 simularent,
1591 2208 1625 2234 et
1646 2203 1688 2233 si-

989 2259 1123 2290 mulatis
1140 2268 1200 2299 pro
1217 2256 1306 2287 veiis
1324 2261 1518 2294 uterentur,
1539 2253 1627 2294 quod
1653 2259 1688 2284 et

991 2311 1022 2341 in
1040 2310 1144 2340 sacris
1165 2308 1279 2339 facere.
1297 2307 1462 2337 solebant.
1488 2304 1619 2335 Tus-nel».
1635 2304 1689 2335 lib.

992 2370 1045 2391 ιιι.
1071 2361 1208 2400 cap.10.
1271 2357 1404 2397 Alioqui
1437 2355 1536 2386 rebus
1569 2354 1689 2385 divinis

992 2410 1116 2442 ‹leditae
1134 2409 1288 2440 mulieres
1304 2407 1510 2439 simulatrices
1528 2405 1689 2436 diceban·

993 2468 1058 2502 tur,
1076 2460 1134 2491 sed
1161 2465 1196 2491 et
1226 2458 1484 2499 simpulatrices.
1531 2457 1615 2488 Idem
1635 2456 1687 2487 lib.

992 2523 1013 2545 x
1024 2522 1072 2543 vr.
1087 2522 1152 2551 cup.
1169 2514 1221 2541 22.

1034 2563 1125 2593 Pau.
1153 2564 1227 2591 592.
1262 2557 1383 2598 Picutz']
1413 2557 1500 2587 Sunt
1528 2557 1688 2597 sphinges

993 2614 1081 2654 apud
1108 2613 1244 2643 Festum
1274 2611 1363 2650 picoe.
1409 2607 1508 2638 Unde
1531 2613 1565 2638 et
1597 2607 1686 2648 apud

992 2675 1068 2696 eum
1095 2663 1204 2704 picati,
1230 2668 1419 2702 quanquam
1447 2663 1482 2689 et
1501 2658 1564 2698 pici
1592 2663 1627 2688 et
1652 2667 1687 2689 se

989 2716 1105 2756 picutos
1122 2721 1310 2755 propagare
1324 2714 1476 2752 possunt,
1490 2710 1545 2750 qui
1559 2708 1687 2740 Latinis
