1876 3025
294 145 378 188 858

721 158 873 190 SEXTI
907 159 1110 191 ΡΟΜΡΕΙΙ
1146 161 1282 193 FESTI

297 250 484 307 Sesopz'une
504 252 548 294 in
562 252 775 309 Augurali
795 261 833 294 et
857 253 1014 294 Saliari
1035 256 1225 297 carmine
1241 255 1515 311 appellantur
1530 272 1616 313 qua:
1632 257 1735 299 alias

349 321 504 376 esopia
537 335 617 376 pro
650 322 865 363 sedilibus
900 322 1033 363 dicere
1064 322 1254 364 habemus
1274 339 1379 366 nunc
1400 326 1545 368 adhuc
1565 327 1610 367 in
1632 340 1735 368 con-

351 388 589 430 suetudine.

292 454 552 498 Sestertiusf
569 457 729 498 dicitur
744 461 901 511 quarta
916 469 1017 512 pars
1035 457 1217 509 denarii,
1232 473 1319 513 quo
1336 464 1533 515 tempore
1555 461 1644 514 [PA
1656 472 1735 503 UL.

349 523 388 563 is
410 523 611 566 decussis
633 525 819 572 valebat,
839 524 884 565 id
905 530 989 575 est,
1010 525 1260 579 dupondius
1281 532 1326 568 et
1347 529 1552 570 semissis.

291 589 528 632 Sestertius
548 592 708 634 dicitur
728 596 886 646 quarta
904 605 1006 646 pars
1035 593 1216 644 denarii,
1250 608 1338 648 quo
1369 599 1562 650 tempore
1592 596 1630 637 is
1661 596 1736 637 de-

348 659 492 699 cussis
512 660 703 711 valebat,
728 659 772 700 id
794 664 873 712 est,
895 660 1158 715 dupondius,
1179 666 1224 703 et
1243 662 1453 704 semissis.

291 724 487 768 Sestertii
499 732 515 756 g
535 734 638 768 nota
657 726 770 781 apud
783 728 971 784 antiquos
977 727 1074 785 fuit
1090 729 1320 784 dupondii,
1336 736 1380 772 et
1397 731 1549 772 semis·
1570 731 1735 786 [FEST.

940 872 1085 905 NO'rAE

288 958 358 985 vet.
373 954 448 987 cod.
469 954 525 987 Sic
542 955 657 988 Graeci
672 955 852 998 fugitivum
867 958 986 999 ἔλαφον

286 1009 421 1036 vocant.
466 1005 512 1037 Et
535 1005 648 1038 facete
672 1007 916 1050 Aristophanes
938 1011 987 1041 ait

287 1055 409 1094 nubes,
423 1065 498 1088 cum
518 1055 698 1098 fugitivum
712 1060 895 1100 aspiciunt,
912 1070 985 1092 cer-

287 1115 404 1137 vorum
417 1107 565 1147 speciem
581 1109 795 1141 assimulare:
811 1111 903 1142 Ταῦτ’
916 1111 989 1152 ἄρα,

285 1158 386 1189 ταῦτα
415 1158 599 1197 Κλεώνυμον
629 1159 717 1192 αὗται
752 1162 808 1193 τὸν
841 1162 986 1203 ῥίψασπιν

286 1206 360 1245 χθὲς
377 1207 505 1248 ἰδοῦσαι,
515 1209 590 1241 “Ort
605 1212 787 1244 δειλότατον
805 1214 918 1245 τοῦτον
931 1214 985 1245 ἑώ-

285 1269 356 1297 ρων,
373 1258 485 1299 ἔλαφοι
496 1260 544 1291 διὰ
558 1262 641 1292 τοῦτ’
658 1261 814 1302 ἐγένοντο.
860 1264 902 1295 Id
919 1270 985 1304 est,

287 1308 384 1340 ‘Hoc
401 1310 483 1341 illud
504 1317 577 1342 erat
601 1313 690 1353 quod
708 1314 780 1345 viso
797 1314 871 1345 heri
887 1314 985 1346 Cleo-

285 1367 388 1398 nymo
405 1360 525 1391 inermi
543 1366 578 1393 et
595 1362 755 1403 fugitivo,
778 1365 878 1397 Quod
897 1366 986 1397 timi-

284 1408 456 1441 dissimum
479 1420 554 1442 eum
577 1413 786 1455 aspicerent,
807 1425 984 1448 cervorum

285 1460 435 1500 speciem
453 1462 714 1496 assimularam!
740 1467 839 1497 Idem.

327 1514 340 1529 θ
363 1509 505 1552 Sesopia]
527 1511 633 1553 Sopiu,
652 1515 846 1556 velSesopia
857 1526 919 1558 pro
935 1526 985 1548 se-

284 1558 405 1592 dilibus
423 1571 500 1601 vox,
516 1563 549 1594 ni
563 1562 673 1601 fallor,
689 1566 851 1598 inaudita.
897 1568 985 1599 Solia

284 1610 396 1649 potius
413 1611 612 1645 scriberem.
638 1615 781 1649 Plautus
799 1618 831 1649 in
845 1618 984 1650 Trucul.

282 1660 440 1700 esopitz'us,
456 1662 520 1693 nisi
536 1663 691 1695 mendum
707 1666 765 1699 sit.
781 1668 860 1698 Ant.
878 1667 964 1708 Aug.

327 1710 471 1753 Sesopz'a]
495 1713 610 1754 Esopia
632 1717 732 1757 vulgo
749 1717 815 1749 dici
832 1718 879 1749 ait
895 1719 985 1750 sedi-

283 1760 341 1796 lia.
358 1772 433 1803 quae
458 1763 490 1794 in
519 1764 638 1796 Saliari
665 1772 701 1798 et
725 1767 890 1809 Augur-ali
911 1779 984 1801 car-

282 1811 374 1843 mine
399 1814 528 1854 sesopia.
575 1816 642 1847 Sed
662 1823 807 1860 utraque
824 1829 889 1850 vox
904 1821 984 1852 mihi

282 1871 378 1902 mque
401 1864 533 1904 ignota:
559 1876 632 1897 eam
658 1868 837 1902 redonavit
860 1872 984 1903 Plauto

282 1911 452 1945 Meursius
476 1915 508 1945 in
532 1917 727 1950 truculento
745 1928 763 1950 e
781 1925 864 1951 vett.
882 1921 985 1953 codd.

281 1971 339 2001 quo
349 1968 439 2002 pacto
449 1967 586 1997 excludis
596 1978 698 2008 quoeso
709 1971 829 2011 esopiis,
845 1972 983 2012 planius.

284 2012 370 2043 Dae.

325 2062 338 2081 f
357 2064 541 2107 Sestertius]
565 2068 632 2100 Hic
650 2079 786 2110 semper
801 2070 866 2103 fuit
883 2082 981 2113 quar-

282 2117 317 2143 ta
344 2122 422 2154 pars
451 2117 592 2149 denarii.
639 2121 703 2151 Sed
732 2131 798 2162 quo
828 2129 981 2164 tempore

282 2163 440 2196 denarius
455 2166 603 2204 decussi,
628 2169 661 2200 id
686 2177 749 2207 est,
765 2172 883 2205 decem
900 2174 982 2204 assi·

280 2213 341 2244 bus
359 2216 603 2255 aestimabatur,
627 2225 697 2252 tum
716 2223 897 2254 sestertius
921 2224 981 2255 du-

280 2264 406 2305 pondio
423 2272 456 2297 et
471 2268 610 2299 semisse
628 2272 894 2309 permutabatur.
932 2273 980 2305 At

280 2323 356 2345 cum
372 2316 543 2348 sexdecim
567 2320 697 2351 assibus
717 2321 876 2353 denarius
892 2323 981 2354 aesti-

279 2370 388 2397 matus
412 2373 479 2407 est,
510 2370 689 2402 sestertius
714 2377 860 2413 quatuor
888 2384 980 2406 asses

281 2417 397 2448 valuit.
421 2419 598 2451 Videndns
616 2422 746 2454 Plinius
762 2424 821 2456 lib.
840 2433 981 2457 xxxin.

281 2476 357 2507 cap.
373 2470 404 2498 3.
436 2469 569 2502 Vitruv.
588 2471 645 2503 lib.
663 2481 718 2503 ιιι.
735 2483 812 2513 cap.
832 2477 861 2506 l.
898 2476 981 2507 Mae-

281 2517 368 2548 cian.
385 2519 418 2549 in
436 2519 491 2550 lib.
505 2519 547 2550 de
563 2531 648 2553 asse.
673 2524 751 2554 Ant.
766 2524 853 2564 Aug.

323 2568 511 2611 Sestertius]
536 2570 679 2613 Semper
695 2574 830 2614 quidem
850 2575 981 2607 Sester-

281 2617 348 2649 tius
377 2617 442 2650 fuit
469 2626 590 2661 quarta
618 2632 696 2663 pars
727 2624 868 2657 denarii.
912 2627 980 2659 Sed

281 2678 347 2708 quo
364 2674 516 2711 tempore
534 2671 693 2705 denarius
705 2674 872 2707 decussim
890 2678 979 2709 vale-

280 2716 444 2759 bat,tunc
466 2722 642 2754 sestertius
666 2722 731 2755 fuit
756 2724 921 2766 dupondii
946 2731 980 2759 et

1036 960 1195 993 semissis.
1241 960 1350 1002 quue
1366 971 1386 993 a
1399 960 1517 992 Servio
1533 970 1613 1002 rege
1630 969 1735 1002 usqne

1037 1010 1078 1041 ad
1096 1011 1241 1052 primum
1257 1011 1382 1042 bellum
1394 1011 1572 1043 Punicum.
1597 1010 1646 1042 At
1658 1020 1735 1041 cnm

1036 1059 1196 1092 denarius
1227 1060 1375 1093 sedecim
1407 1061 1538 1093 assibus
1575 1061 1736 1092 aestimari

1036 1116 1170 1151 coeptus
1188 1116 1239 1143 est
1255 1111 1342 1143 bello
1358 1111 1491 1143 Punico
1507 1111 1629 1154 primo,
1656 1116 1737 1143 tunc

1035 1162 1210 1193 sestertius
1234 1167 1381 1203 quatuor
1414 1162 1541 1193 assibus
1565 1166 1736 1203 permuta-

1036 1216 1101 1244 tus.
1147 1213 1315 1243 Denarius
1344 1212 1437 1253 prior
1466 1217 1502 1243 et
1531 1212 1640 1243 minor
1671 1210 1737 1243 fuit

1036 1263 1159 1294 assium
1177 1263 1308 1302 decem,
1324 1263 1388 1294 hoc
1411 1268 1473 1298 est,
1491 1262 1736 1294 'turonicorum

1036 1312 1252 1345 denariorum
1262 1313 1405 1344 duorum
1419 1323 1521 1354 supra
1532 1313 1736 1354 quadragin-

1037 1368 1084 1403 ta,
1101 1374 1159 1395 sen
1175 1365 1356 1396 solidorum
1378 1369 1567 1395 nostrorum
1585 1363 1683 1394 trium
1697 1373 1736 1394 uc

1037 1415 1183 1446 semissis
1198 1426 1208 1453 ;
1233 1415 1408 1446 sestertius
1425 1415 1533 1445 minor
1548 1414 1737 1445 denariolo-

1036 1474 1108 1495 rum
1124 1465 1368 1496 Turonicorum
1385 1465 1502 1495 decem
1519 1469 1554 1495 et
1570 1463 1659 1495 oboli
1672 1465 1738 1495 cir-

1036 1515 1135 1547 citer.
1181 1516 1346 1547 Denarius
1367 1524 1448 1545 vero
1471 1515 1579 1554 major
1601 1519 1637 1545 et
1660 1524 1736 1554 pos-

1036 1567 1143 1598 terior
1165 1565 1233 1598 fnit
1259 1566 1382 1598 assium
1407 1566 1569 1605 sedecim,
1593 1565 1656 1596 hoc
1673 1570 1735 1600 est,

1034 1617 1277 1649 Turonicorum
1293 1617 1540 1649 denariolorum
1561 1616 1737 1656 sexaginta

1037 1672 1170 1708 septem
1193 1673 1230 1699 et
1253 1668 1383 1709 quintae
1411 1668 1528 1698 unius:
1552 1667 1735 1698 Sestertins

1036 1720 1141 1759 major
1165 1719 1289 1750 assium
1313 1724 1468 1760 quatuor,
1494 1718 1735 1750 Francicorum

1036 1768 1286 1801 denariolorum
1312 1769 1458 1801 sedecim
1481 1773 1518 1800 et
1542 1769 1734 1811 quintarum

1036 1825 1196 1862 quatuor.
1220 1820 1303 1852 Dae.

1078 1876 1094 1898 Β
1118 1870 1283 1912 Sesterlii]
1321 1870 1409 1902 Vide
1439 1869 1671 1910 ‘Sestertius,'
1699 1873 1735 1901 et

1037 1932 1114 1964 qnae
1151 1923 1220 1953 illic
1258 1922 1484 1962 ascripsimus.
1544 1921 1614 1953 Cur
1655 1930 1735 1952 vero

1035 1972 1222 2003 Sestertius
1247 1972 1392 2008 dicatur,
1422 1972 1516 2012 quasi
1545 1971 1643 2003 semis
1667 1976 1733 2002 ter-

1036 2022 1113 2057 tius,
1140 2022 1249 2052 Varro
1275 2022 1334 2053 lib.
1359 2031 1395 2054 v.
1419 2022 1460 2052 de
1485 2022 1578 2062 Ling.
1603 2022 1677 2052 Lat.
1699 2026 1735 2051 et

1036 2072 1196 2103 Maecian.
1214 2071 1256 2101 de
1283 2081 1357 2102 asse
1381 2071 1601 2112 scripserunt.
1646 2071 1733 2101 Vide

1037 2121 1046 2137 ‘
1057 2121 1259 2153 Trientem.'
1299 2123 1356 2153 De
1369 2121 1491 2161 bigatis
1505 2126 1541 2152 et
1555 2121 1733 2162 quadriga-

1036 2171 1079 2202 tis
1106 2171 1192 2203 Ptin.
1215 2171 1271 2203 lib.
1296 2180 1434 2203 xxxin.
1456 2181 1532 2211 cap.
1555 2173 1587 2202 3.
1611 2173 1620 2188 ‘
1641 2171 1736 2203 Nota

1035 2223 1168 2263 argenti
1184 2222 1279 2253 fuere
1298 2222 1397 2262 bigae,
1419 2226 1522 2262 atque
1539 2221 1731 2262 quadrigae:

1035 2277 1071 2304 et
1101 2272 1179 2303 inde
1209 2272 1312 2313 bigati
1341 2271 1603 2313 quadrigatique
1630 2270 1734 2302 dicti.‘

1037 2323 1262 2364 Quinquessis
1298 2328 1424 2362 autem,
1446 2323 1631 2364 quinarius,
1663 2323 1732 2353 sive

1036 2374 1234 2404 victoriatus
1272 2373 1383 2404 dictus
1421 2377 1487 2412 est,
1509 2373 1597 2414 quod
1636 2373 1732 2404 initio

1036 2423 1184 2464 quinque
1201 2423 1332 2453 assibus
1356 2422 1595 2461 aestimaretur,
1614 2427 1733 2463 postea

1036 2478 1113 2505 octo
1132 2474 1258 2504 valuit:
1283 2474 1420 2514 ejusque
1446 2477 1526 2503 nota
1540 2479 1615 2504 erat
1631 2473 1733 2504 victo·

1035 2525 1096 2564 ria,
1109 2529 1146 2555 nt
1159 2524 1246 2554 idem
1263 2524 1393 2554 Plinius
1405 2523 1535 2555 scribit.
1556 2523 1732 2563 Ant..¹1ug.

1078 2575 1224 2606 Sestertii
1240 2577 1311 2605 notu
1327 2573 1424 2614 apud]
1462 2575 1547 2607 Qnae
1572 2580 1733 2614 corrupta

1035 2630 1071 2656 et
1087 2626 1175 2656 male
1191 2625 1293 2655 etiam
1313 2625 1477 2655 distincta
1499 2629 1577 2655 sunt
1600 2626 1673 2665 lego
1696 2631 1732 2656 et

1035 2676 1205 2717 distinguo
1221 2688 1227 2706 :
1256 2677 1298 2707 Et
1323 2676 1463 2707 valebant
1482 2677 1627 2708 denarius
1642 2678 1731 2706 denos

1033 2737 1115 2759 asses
1131 2728 1231 2767 bigati
1247 2730 1275 2759 et
1291 2727 1485 2768 quadrigati.
1533 2727 1729 2767 Quinquessis
