1876 3025
347 160 408 189 DE
442 155 712 188 VERBORUM
747 149 1154 184 SlGNlFlCATlONE
1190 148 1286 178 LlB.
1310 147 1417 177 XlV.

177 253 481 296 P1'0.s·imurium
521 267 619 295 esse
660 252 721 292 ait
764 248 983 291 Antistius
1023 247 1065 286 in
1106 243 1388 285 commentario

1529 135 1616 177 665

1451 241 1613 294 [FEST.

235 323 354 364 Jurz's
367 321 628 377 pontificalis
649 319 903 373 pomerium,
924 316 969 357 id
989 319 1070 364 est,
1093 313 1220 353 locum
1232 310 1465 365 proximum
1486 322 1615 347 muro.

233 390 370 432 Cato:
415 389 533 430 Olim
567 387 740 442 quidem
774 397 916 427 omnes
948 381 1266 437 auspicabantur
1297 385 1412 419 exz‘ra
1444 375 1617 416 Aventi-

232 471 346 506 num,
367 471 482 498 nuno
504 457 634 497 etiam
664 456 776 496 intra
806 451 1013 506 aedificia.-
1044 449 1195 489 dictum
1217 454 1351 487 autem
1375 442 1616 499 pomoerium

233 526 360 579 quasi
380 524 685 579 promoerium:
718 523 828 564 solet
848 527 982 561 autem
1002 518 1051 558 iis
1075 515 1328 572 potissimmn
1360 512 1455 554 dari
1485 511 1563 565 jus
1582 514 1619 532 ²0

781 664 895 676 eeeeee

218 748 260 776 20
283 745 346 779 Ed.
363 744 452 777 Scal.
469 754 534 775 rus·

900 663 1013 676 eeeeee

831 837 969 870 NOTAE

176 918 283 949 mulus
300 916 460 958 posuerit,
477 925 619 947 noscere
644 914 733 946 haud
758 913 870 945 absur-

177 969 255 1000 dum
273 968 374 1007 reor‚’
393 970 457 999 &c.
495 967 609 1008 Hujus
626 967 674 997 rei
691 970 787 997 extat
803 973 871 995 me-

176 1020 282 1051 moria
315 1020 434 1051 Romae
469 1018 502 1048 in
539 1025 728 1048 marmoreo
760 1015 872 1055 cippo.

176 1071 382 1101 Poxvmmvm
401 1073 512 1100 autem
529 1068 561 1098 in
577 1077 616 1098 eo
631 1067 795 1107 scriptum
810 1069 874 1105 est,

175 1130 242 1152 non
260 1121 492 1159 POMOER1VM,
508 1128 618 1160 neque
638 1118 872 1148 Pomffimvm.

175 1171 319 1203 Vidend.
336 1172 445 1201 Varro
468 1170 524 1200 lib.
539 1178 590 1200 ιν.
616 1168 659 1199 de
684 1167 780 1207 Ling.
799 1167 873 1197 Lat.

176 1227 212 1254 ct
243 1223 331 1253 Gell.
358 1221 416 1252 lib.
434 1230 515 1252 xm.
546 1230 621 1260 cap.
643 1221 693 1250 14.
748 1219 798 1248 Ex
824 1217 872 1247 his

176 1272 271 1304 Festi
288 1271 388 1303 verba
407 1272 597 1312 intelligere
622 1275 657 1301 et
671 1269 797 1300 sarcire
815 1278 873 1309 po-

176 1323 260 1354 teris
275 1323 386 1363 aliqua
399 1331 441 1352 ex
459 1327 570 1362 parte.
593 1322 672 1352 Ant.
689 1320 775 1358 Aug.

220 1371 464 1412 Prosimurz'um]
491 1370 610 1402 Infra:
645 1370 873 1401 Prosimurium

176 1433 241 1454 esse
255 1423 301 1454 ait
317 1423 475 1454 Antistius
496 1422 529 1453 z'n
549 1420 775 1453 Commentario
789 1420 874 1459 juris

180 1473 372 1514 Pontificalis
390 1472 572 1513 pomerium,
596 1472 629 1502 z'd
644 1474 702 1508 est,
724 1474 791 1511 post
808 1480 873 1501 mu-

176 1533 255 1564 rum,
281 1526 315 1554 ut
340 1524 385 1553 ait
410 1523 507 1553 Cato:
534 1522 618 1552 Olim
641 1522 763 1562 quidem
788 1530 874 1551 omne

172 1578 241 1614 post
267 1584 386 1604 murum
407 1573 562 1613 intimum,
583 1582 663 1603 nunc
678 1572 774 1603 etiam
788 1572 874 1602 intra

176 1624 310 1665 (edificia
324 1625 506 1665 pomerium,
526 1623 615 1664 quasi
629 1622 815 1663 promeritam
826 1632 873 1652 so-

176 1676 217 1706 let
231 1675 304 1707 dici.
332 1675 476 1715 Reliqua
488 1684 528 1705 ne
539 1674 667 1713 Sibylla
678 1673 811 1714 quidem
825 1672 874 1702 di-

177 1726 352 1756 vinaverit.
398 1725 497 1757 Quod
515 1725 562 1756 ait
580 1725 708 1755 Paulus
725 1724 767 1754 de
783 1725 871 1754 Pon-

176 1774 294 1805 tificali
331 1775 495 1814 pomerio,
524 1773 558 1804 id
595 1773 810 1804 tractabatur
839 1773 873 1803 in

176 1824 275 1864 linea,
289 1834 362 1866 quoe
380 1829 433 1855 est
448 1824 563 1854 harum
583 1823 798 1864 reliquiarum
815 1822 873 1853 de-

177 1874 263 1905 cima
278 1874 435 1914 septima.
458 1875 525 1905 Jos.
543 1873 629 1905 Scal-

219 1923 463 1964 Prosimurium]
495 1924 712 1962 Pramum-ium,
734 1933 872 1964 prosmu-

174 1977 268 2015 rium,
289 1976 519 2017 prosimurium.
564 1975 620 2006 Ita
643 1975 732 2006 enim
754 1975 871 2006 literas

175 2037 190 2057 s
206 2027 267 2058 eti
286 2026 456 2057 addebant
479 2025 670 2067 aliquando.
714 2025 780 2056 Sed
803 2035 872 2056 om-

175 2077 256 2108 nino
269 2077 449 2116 pomoerz'um
462 2081 514 2107 est
531 2086 548 2106 a
561 2078 630 2116 post
647 2079 683 2106 et
694 2085 818 2115 νηωναε,
836 2080 872 2106 ut

176 2136 194 2157 a
217 2127 334 2166 ‘post'
365 2131 401 2158 et
428 2128 437 2143 ‘
456 2126 620 2162 meridie,’
643 2126 653 2143 ‘
671 2126 873 2167 pomeridia-

176 2187 237 2208 nus
251 2177 271 2208 :¹
295 2181 329 2208 et
347 2178 394 2208 ita
410 2178 500 2208 Fest.
518 2178 549 2207 in
565 2176 644 2208 fine.
690 2178 798 2208 Varro
816 2178 873 2209 lib.

176 2237 229 2259 ιν.
250 2228 259 2244 ‘
277 2228 403 2258 Postea
428 2227 515 2268 quod
541 2227 645 2258 fiebat
662 2227 766 2266 orbis,
783 2227 873 2267 urbs.

178 2278 387 2319 Principium
417 2279 505 2319 quod
538 2283 612 2309 erat
639 2283 714 2320 post
744 2288 873 2309 murum

177 2330 372 2368 pomoerinm
398 2329 548 2368 dictum3
578 2329 718 2370 ejusque
746 2329 873 2359 ambitu

176 2379 328 2419 auspicia
359 2379 485 2410 urbana
516 2378 702 2410 finiuntur.’
748 2379 873 2409 Verum

177 2430 252 2470 quia
275 2431 362 2461 inter
378 2431 466 2461 viros
486 2430 637 2461 eruditos
661 2439 781 2470 magna
796 2430 874 2460 olim

179 2480 322 2518 quaestio
349 2480 424 2515 fuit,
442 2485 477 2511 et
505 2481 614 2511 adhuc
639 2479 789 2521 quotidie
809 2484 875 2518 est,

178 2529 311 2560 intrane
341 2531 393 2560 vel
421 2536 519 2561 extra
546 2531 677 2569 urbem,
703 2540 743 2561 an
772 2529 874 2561 etiam

179 2578 301 2620 ubique
323 2581 498 2619 pomoerium
524 2579 638 2616 fuerit,
664 2580 707 2610 de
732 2589 772 2610 eo
796 2579 874 2610 mihi

179 2628 296 2669 paucis
327 2629 491 2667 agendum
515 2630 718 2661 existimavi.
775 2629 873 2660 Intra

179 2679 293 2710 urbem
314 2679 494 2720 pomaerium
527 2680 629 2712 fuisse
664 2681 719 2711 hic
752 2684 872 2720 aperte

180 2729 284 2762 tradit
316 2730 450 2769 Festus,
482 2729 570 2761 idem
602 2736 637 2762 et
665 2732 772 2762 Varro
797 2731 871 2763 loco

922 921 1025 952 supra
1041 911 1189 942 laudato.
1233 909 1356 941 Pollux
1373 908 1473 940 etiam
1490 907 1548 940 lib.
1564 916 1617 940 rx.

923 963 1102 994 aiturbem
1128 961 1288 1002 ingressis
1314 969 1411 991 omne
1438 959 1518 990 illud
1544 968 1620 999 spa-

922 1014 1005 1045 tium
1033 1013 1121 1044 intra
1147 1021 1271 1051 muros,
1294 1011 1383 1042 intra
1405 1010 1537 1046 moenia,
1559 1019 1620 1049 po-

922 1063 1073 1094 moerium
1101 1062 1241 1093 dictum.
1298 1061 1393 1092 Idem
1418 1060 1620 1091 Plutarchus

923 1115 955 1144 in
973 1114 1128 1152 Romulo,
1148 1113 1236 1144 idem
1254 1116 1289 1143 et
1305 1112 1437 1144 Gellius
1460 1111 1519 1142 lib.
1535 1119 1620 1142 xm.

922 1174 997 1204 cap.
1014 1167 1062 1196 14.
1102 1164 1169 1196 Qui
1186 1174 1227 1194 ex
1243 1172 1404 1202 augurum
1421 1162 1513 1192 libris
1526 1161 1620 1192 Festi

923 1215 1026 1246 verba
1039 1214 1110 1246 fere
1128 1214 1238 1245 omnia
1255 1213 1296 1244 ad
1315 1213 1452 1244 verbum
1471 1211 1621 1243 adducit,

922 1266 989 1297 Sed
1020 1270 1141 1306 aperte
1171 1264 1331 1296 dissentit
1369 1263 1482 1295 Livius
1512 1262 1569 1294 lib.
1595 1271 1620 1293 1.

923 1321 1008 1348 sect.
1035 1319 1088 1348 44.
1125 1317 1134 1332 ‘
1163 1315 1249 1346 Inde
1280 1313 1466 1354 deinceps‚'
1499 1313 1621 1353 inquit,

924 1373 932 1386 ‘
945 1372 1046 1408 auget
1058 1366 1225 1408 Esquilias
1238 1365 1245 1378 '
1262 1366 1351 1407 (Ser.
1363 1362 1522 1404 Tullius),
1537 1363 1546 1379 ‘
1561 1362 1623 1394 ibi-

925 1429 988 1460 que
1005 1419 1091 1459 ipse,
1106 1423 1144 1449 ut
1160 1418 1233 1448 loco
1257 1416 1404 1456 dignitas
1429 1414 1539 1453 fieret,
1563 1414 1621 1444 ha-

925 1469 1022 1500 bitat.
1066 1468 1203 1508 Aggere
1221 1471 1256 1498 et
1272 1466 1369 1497 fossis
1387 1470 1422 1496 et
1439 1474 1534 1495 muro
1558 1464 1622 1494 cir-

924 1520 1062 1552 cumdat
1091 1520 1227 1551 urbem:
1253 1518 1301 1549 ita
1326 1516 1521 1558 pomoerium
1546 1525 1622 1556 pro-

924 1571 1005 1604 fert.
1049 1571 1269 1609 Pomoerium,
1295 1569 1390 1600 verbi
1422 1569 1486 1599 vim
1516 1568 1622 1598 solam

924 1623 1108 1661 intuentes,
1123 1626 1200 1662 post
1217 1621 1373 1651 moerium
1393 1619 1623 1659 interpretan-

926 1682 981 1704 tur
998 1683 1092 1704 esse:
1117 1676 1168 1703 est
1186 1676 1299 1702 autem
1324 1670 1429 1709 magis
1446 1669 1537 1700 circa
1553 1677 1623 1698 mu-

924 1734 997 1754 rum
1013 1724 1126 1761 locus;
1152 1731 1251 1763 quem
1275 1722 1307 1751 in
1328 1719 1513 1751 condendis
1531 1718 1622 1749 urbi·

924 1774 987 1805 bus
1018 1773 1187 1815 quondam
1222 1771 1369 1809 Etrusci,
1398 1779 1465 1810 qua
1491 1778 1622 1799 murum

924 1823 1059 1855 ducturi
1082 1827 1191 1857 erant,
1217 1821 1319 1852 certis
1343 1821 1433 1851 circa
1456 1819 1621 1857 terminis,

924 1875 1125 1915 inaugurato
1153 1870 1418 1903 consecrabant:
1444 1874 1482 1900 ut
1511 1878 1622 1909 neque

922 1924 1086 1955 interiore
1124 1926 1220 1963 parte
1269 1920 1415 1952 aedificia
1456 1919 1621 1950 moenibus

923 1975 1216 2007 continuarentur,
1243 1981 1317 2013 quae
1336 1980 1425 2001 nunc
1441 1970 1543 2010 vulgo
1561 1969 1621 2000 eti-

922 2035 973 2057 am
997 2025 1223 2065 conjungunt,
1247 2027 1283 2054 et
1308 2022 1520 2053 extrinsecus
1547 2020 1623 2062 puri

923 2076 1048 2117 aliquid
1067 2075 1107 2106 ab
1123 2076 1267 2106 humano
1284 2073 1377 2104 cultu
1396 2075 1531 2112 pateret
1547 2070 1621 2102 soli.

924 2127 1001 2157 Hoc
1025 2125 1183 2166 spatium,
1212 2123 1301 2165 quod
1329 2131 1439 2163 neque
1464 2120 1621 2156 habitari,

923 2186 1030 2218 neque
1047 2175 1135 2206 arari
1152 2173 1200 2205 fas
1219 2177 1307 2211 erat,
1326 2182 1392 2203 uon
1409 2172 1512 2211 magis
1532 2170 1621 2212 quod

923 2232 998 2267 post
1014 2235 1143 2257 murum
1166 2227 1267 2263 esset,
1285 2233 1382 2263 quam
1400 2222 1488 2262 quod
1506 2230 1621 2252 murus

923 2283 999 2318 post
1016 2277 1062 2316 id,
1084 2275 1280 2317 pomoerium
1308 2272 1449 2304 Romani
1470 2272 1622 2312 appella-

923 2334 1012 2364 runt,
1032 2334 1065 2359 et
1083 2328 1116 2358 in
1133 2327 1224 2358 urbis
1242 2326 1451 2356 incremento
1476 2332 1621 2363 semper,

923 2384 1083 2420 quantum
1121 2376 1243 2407 moenia
1277 2383 1477 2415 processura
1510 2377 1622 2412 erant,

923 2434 1054 2460 tantum
1069 2426 1203 2459 termini
1217 2426 1249 2456 hi
1267 2424 1458 2456 consecrati
1476 2422 1622 2463 profere-

924 2477 1069 2510 bantur)
1115 2478 1203 2508 Haec
1230 2475 1354 2506 Livius.
1400 2474 1486 2506 Quae
1508 2472 1621 2504 omnia

923 2529 1022 2561 facile
1040 2528 1196 2569 perculsa
1213 2531 1323 2562 ruent,
1340 2525 1365 2555 si
1383 2525 1473 2555 Festi
1491 2530 1525 2554 et
1541 2523 1621 2553 alio-

924 2590 996 2611 rum
1014 2578 1167 2620 ejusdem
1196 2577 1343 2618 partium
1369 2575 1515 2605 rationes
1540 2581 1620 2602 enu-

925 2630 1050 2661 clemus
1086 2634 1122 2659 et
1156 2625 1415 2668 perpendamus.
1471 2622 1619 2653 Primum

927 2681 1059 2722 quidem
1076 2690 1117 2710 ex
1135 2680 1249 2717 Festo,
1265 2677 1431 2710 Varrone,
1456 2677 1491 2704 et
1515 2682 1618 2713 augu-

927 2740 998 2762 rum
1028 2729 1124 2761 libris
1152 2726 1346 2769 pomoerium
1377 2728 1428 2754 est
1454 2723 1545 2754 locus
1570 2722 1620 2754 inm
