1876 3025
268 206 330 235 DE
366 201 640 234 VERBORUM
674 197 1085 231 SIGNIFIGATIONE
1120 196 1214 226 [AB.
1248 193 1397 225 xvlu.
1472 184 1556 225 979

163 307 357 350 temere,y
393 299 495 348 cito,
533 298 597 338 sic
637 297 682 337 in
715 295 844 336 Nelei
875 294 1088 336 carmine:
1136 291 1314 344 Topper
1345 288 1561 330 sortunae²

162 372 483 412 commutantur
516 365 788 406 hominibus:
819 363 969 404 citius.
1031 361 1105 402 Sic
1136 358 1188 401 C.
1222 357 1432 399 Naevius:
1466 355 1554 397 Ca-

161 441 313 492 pesset
330 437 552 477 flammam
573 432 763 475 Volcani
782 439 942 485 topper
957 435 993 471 :³
1018 429 1084 470 sic
1106 428 1148 469 in
1169 426 1322 467 eodem
1338 438 1348 466 :
1363 429 1379 445 ³
1410 423 1552 465 Nam-

162 519 247 560 que
267 505 433 545 nullum
463 502 590 558 peius
611 505 804 542 macerat
824 500 1078 547 humanum,
1121 493 1307 550 quamde
1328 505 1448 533 mare
1472 505 1556 534 sae-

160 587 264 614 vum
286 572 429 613 viret4
450 571 520 612 cui
551 574 653 611 sunt
675 580 844 620 magnae
868 571 1024 620 topper
1047 563 1322 616 confringent
1344 561 1557 614 importu-

160 655 229 684 nae
266 640 428 681 undez⁵
462 640 671 679 fortasse:
703 637 767 677 sic
805 633 977 675 Coelius
1012 634 1127 674 libro
1162 631 1371 685 septimo:
1404 630 1465 669 ita
1494 628 1560 669 uti

161 723 259 750 sese
282 709 472 762 quisque
496 706 620 747 vobis
641 705 816 746 studeat
837 702 1033 745 aemulari
1062 701 1106 742 in
1129 703 1246 741 statu
1267 698 1456 738 fortunae
1478 696 1562 737 rei·

159 779 365 831 publicae,
396 776 548 817 eadem
584 787 630 814 re
667 777 805 825 gesta,
840 776 998 824 topper
1027 767 1163 809 nihilo
1192 766 1360 807 minore
1384 763 1559 817 negotio

161 850 274 895 acto,
311 844 451 897 gratia
490 844 628 883 minor
660 845 805 882 esset:
837 839 1037 880 fortasse.
1106 836 1182 876 Sic
1216 834 1368 875 Attius
1399 832 1445 872 in
1481 831 1560 872 Io:

159 913 354 966 Topper,
373 916 425 951 ut
442 909 521 959 fit?
537 909 678 963 patris
701 905 828 949 tunc⁶
850 906 957 947 eicit
977 905 1081 945 iras.
1111 902 1305 957 (Ennius
1328 913 1434 941 vero
1455 896 1562 952 sic.)

159 986 313 1035 topper
346 980 533 1020 fortasse
556 978 678 1018 valet
698 977 743 1017 in
767 975 895 1015 Ennii
917 977 959 1014 et
990 971 1176 1013 Pacuvii
1197 970 1372 1023 scriptis
1392 983 1400 1007 :
1434 967 1556 1022 apud

160 1048 349 1089 Ennium
363 1051 452 1088 est:
476 1045 670 1099 Topper,
686 1057 819 1098 quam
841 1054 971 1083 nomo
989 1040 1147 1081 melius
1169 1038 1270 1079 scit.
1311 1036 1559 1077 Pacuvius:

158 1116 336 1169 Topper
357 1119 497 1155 tecum
530 1114 585 1154 sit
614 1114 814 1166 potestas
845 1109 960 1151 faxit
987 1109 1026 1149 si
1062 1120 1230 1148 mecum
1253 1105 1371 1146 velit.
1432 1102 1493 1144 At
1515 1103 1560 1143 in

159 1183 478 1237 antiquissimis
515 1181 693 1234 scriptis
731 1179 941 1226 celeriter,
982 1189 1034 1217 ac
1066 1178 1262 1216 mature:
1294 1174 1336 1213 in
1360 1171 1560 1225 Odyssia

159 1255 334 1292 vetere:
364 1251 548 1304 Topper
580 1249 690 1289 facit
726 1247 929 1288 homines
963 1244 1101 1285 utrius
1137 1242 1312 1282 fuerint.
1370 1240 1557 1292 Topper

159 1320 233 1360 citi
255 1319 312 1360 ad
333 1319 440 1360 aedis
455 1323 468 1338 ⁰
492 1318 687 1358 venimus
710 1315 870 1364 Circae,
893 1312 1022 1354 simul
1044 1311 1191 1352 duona
1212 1321 1360 1349 eorum
1382 1309 1561 1362 portant

160 1387 215 1427 ad
237 1387 362 1428 navis
386 1385 524 1427 milia.
583 1383 688 1425 Alia
710 1384 755 1424 in
777 1381 933 1422 iisdem
954 1378 1270 1421 inveniuntur.⁷

704 1502 784 1514 ‘N‘
789 1502 846 1513 ῶνα
850 1501 928 1513 ‘ec‘
932 1501 949 1512 ο

146 1596 164 1624 3
188 1593 268 1623 Vet.
293 1592 368 1624 cod.
395 1592 533 1623 cita—11
558 1590 622 1621 Vir
648 1590 739 1621 doct.
764 1590 796 1620 in
825 1598 931 1627 marg.
959 1587 1014 1618 ed.
1041 1586 1130 1617 Scal.
1157 1583 1296 1625 conjicit
1318 1582 1479 1614 virm—5
1502 1581 1555 1613 Id.

102 1636 183 1666 ibid.
210 1637 378 1667 undae.—6
401 1636 480 1665 Vet.
509 1635 586 1665 cod.
613 1637 718 1665 te.—7
746 1633 825 1664 Vet.
853 1632 930 1664 cod.
955 1629 1185 1662 inserviuntur.
1228 1625 1396 1658 Vin-doct.
1415 1625 1557 1666 conjicit

102 1680 295 1710 inseruntur.
340 1677 426 1708 Vide
446 1678 567 1709 Notas.

748 1770 891 1803 NOTAE

101 1858 201 1880 nemo
211 1849 320 1880 adhuc
330 1849 557 1881 Hexametros
568 1848 687 1879 Latine
700 1848 803 1888 scrip-

102 1905 203 1934 serat,
231 1909 272 1930 ne
298 1900 370 1940 ipse
396 1899 535 1930 Naevius
564 1898 711 1940 quidem.
735 1899 804 1929 ιΙωι.

103 1950 187 1981 Scal.

147 2001 282 2043 Topper]
314 2002 384 2034 Jul.
413 2002 527 2033 Caesar
557 2001 714 2040 Scaliger
742 2000 802 2031 lib.

101 2062 171 2084 vn.
189 2053 231 2084 de
257 2053 306 2083 Re
330 2052 430 2083 Poe't.
459 2062 533 2093 cap.
560 2055 587 2083 1.
623 2053 632 2069 ‘
649 2052 805 2092 Semper,

103 2104 244 2144 primam
270 2103 430 2143 producit
458 2108 593 2141 natura,
622 2101 686 2132 fuit
714 2101 803 2132 enim

102 2153 305 2194 semiopere,
331 2153 419 2183 sicut
444 2157 554 2192 toper,
579 2156 651 2183 toto
678 2160 801 2192 opere:

102 2212 224 2243 nuper,
250 2212 338 2233 novo
364 2212 480 2242 opere.
516 2201 693 2242 Significat
712 2201 801 2233 enim

102 2259 213 2294 toper‚
228 2253 297 2284 cito
310 2258 344 2284 et
361 2253 534 2293 expedite.
572 2252 628 2283 Ita
643 2258 678 2283 ut
696 2261 803 2292 opera

103 2303 257 2335 absoluta
274 2303 331 2344 sit,
344 2304 459 2344 itaque
472 2312 607 2342 semper
623 2302 655 2333 ei
669 2306 799 2333 coutra-

102 2353 187 2384 rium
210 2357 273 2391 est,
300 2357 484 2393 propterea
503 2352 591 2392 quod
611 2352 637 2381 si
655 2351 734 2392 quid
752 2351 800 2381 di-

101 2404 205 2435 midio
222 2409 353 2435 tantum
367 2413 471 2444 opere
488 2404 543 2443 sit,
556 2403 589 2434 id
604 2413 668 2434 uon
687 2403 798 2434 absol-

102 2455 203 2494 vitur,
217 2454 275 2484 sed
295 2453 533 2484 continuatur)
575 2453 688 2494 Hujus
707 2454 800 2484 vocis

102 2504 257 2535 meminit
284 2504 485 2536 Quintilian.
513 2504 570 2535 lib.
600 2513 625 2535 1.
660 2514 735 2545 cap.
767 2507 798 2536 6.

103 2554 203 2586 Quod
217 2554 330 2585 Graeci
346 2552 443 2592 ταχὰ,
461 2554 571 2585 Latini
586 2558 692 2594 topper
706 2553 798 2585 dice-

101 2602 192 2635 bant.
235 2603 326 2643 Ταχὰ
352 2604 441 2634 enim
465 2608 500 2635 et
528 2604 590 2634 cito
613 2603 800 2642 etfortasse

102 2653 271 2692 significat
300 2653 504 2684 Doctissimo
533 2653 686 2694 Guyeto,
716 2659 753 2684 ut
781 2664 800 2685 a

103 2706 111 2718 ¹
130 2703 304 2743 nuncper,'
319 2704 327 2720 ‘
342 2703 476 2744 nuper.'
500 2704 558 2735 Sic
575 2714 594 2734 a
609 2704 617 2720 ‘
633 2703 801 2745 tuncper,'

106 2753 248 2795 ‘tuper,'
261 2756 269 2770 ‘
288 2753 411 2795 toper.’
434 2753 515 2785 Duc.

901 1851 914 1873 Υ
939 1845 1078 1885 Temere]
1102 1842 1245 1884 Optime
1263 1840 1400 1872 Fulvius
1417 1839 1560 1870 Ursinus

860 1897 998 1927 Mature.
1035 1895 1087 1925 Ex
1105 1892 1334 1934 sequentibus,
1359 1891 1457 1921 Idem.

900 1952 912 1966 z
939 1947 1056 1986 Topper
1073 1942 1230 1982 fortunae]
1258 1942 1409 1972 Fortunae
1427 1939 1559 1970 homini-

856 1998 926 2035 hus,
942 2006 1003 2037 pro
1011 1996 1152 2034 sortunoe
1168 1993 1333 2024 hominum.
1371 1991 1560 2022 Hominibus

859 2047 891 2078 in
909 2046 1012 2078 dandi
1029 2055 1122 2077 casu.
1149 2045 1246 2075 Idem.

902 2102 917 2119 ³
939 2098 992 2129 Sic
1026 2097 1060 2128 in
1098 2094 1219 2135 eodem]
1265 2094 1386 2125 Naevio
1420 2094 1562 2125 ascribit

858 2150 981 2180 Festus
999 2158 1074 2189 quae
1099 2150 1178 2178 sunt
1201 2146 1285 2177 Livii
1303 2145 1506 2179 Andronici,
1523 2149 1561 2175 ut

857 2199 984 2240 optime
999 2198 1129 2229 monuit
1140 2197 1306 2236 Scaliger.
1329 2195 1368 2226 In
1382 2195 1491 2226 verbis
1504 2205 1562 2225 au-

857 2254 925 2280 teur
953 2249 1038 2280 Livii
1067 2251 1174 2288 topper
1199 2256 1263 2277 nou
1294 2245 1465 2286 significat
1486 2245 1559 2282 sor-

856 2304 950 2340 tasse,
984 2305 1022 2331 ut
1055 2298 1186 2330 notavit
1218 2297 1354 2332 Festus,
1392 2297 1452 2327 sed
1488 2297 1559 2328 cito.

856 2352 967 2383 Idem.

897 2403 911 2424 b
938 2403 1068 2442 Topper,
1093 2404 1127 2431 ut
1141 2400 1203 2441 fit]
1228 2399 1330 2431 Hunc
1357 2398 1455 2430 Accii
1485 2407 1560 2429 ver-

855 2462 926 2483 sum
952 2462 994 2483 ex
1020 2452 1102 2481 lone
1126 2450 1173 2481 sic
1191 2449 1396 2481 emendabat
1420 2449 1557 2480 Fulvius

855 2503 1018 2533 Ursinus:
1060 2501 1191 2542 Topper,
1220 2505 1253 2532 ut
1275 2501 1333 2541 fit,
1357 2500 1460 2540 patris
1493 2498 1558 2529 ten’

854 2553 927 2584 eicit
941 2553 1002 2583 ira.
1036 2552 1119 2583 Vel:
1147 2552 1277 2592 Topper‚
1290 2554 1324 2581 ut
1331 2550 1388 2592 fit,
1401 2552 1492 2590 pater
1515 2549 1556 2578 is·

854 2607 926 2635 tanc
941 2603 1030 2642 ejecit
1038 2601 1142 2640 foras.
1168 2602 1277 2632 Idem.

896 2658 910 2674 ⁰
938 2654 1059 2693 Topper
1087 2652 1143 2682 citi
1169 2653 1210 2682 acl
1236 2650 1329 2690 oedz's]
1362 2650 1447 2680 Haec
1479 2652 1559 2679 sunt

856 2704 956 2735 etiam
983 2702 1069 2733 Livii
1095 2712 1136 2732 ex
1168 2701 1335 2741 Odyssea.
1370 2699 1436 2730 Sed
1466 2697 1558 2729 infra

858 2764 918 2794 pro
936 2752 1138 2784 *inveniuntur
1153 2751 1297 2783 Schedae
1326 2750 1449 2781 habent
1474 2749 1556 2780 inse<-
