1876 3025
259 167 344 208 986

698 175 845 207 SEXTt
881 175 1083 207 POMPEu
1118 176 1254 207 FESTI

258 272 485 314 Trossulie
514 273 682 326 equites
712 271 832 321 dicti,
868 271 985 325 quod
1015 271 1224 324 oppidum
1244 270 1493 312 Tuscorum
1515 266 1702 312 Trossu-

314 340 401 381 lum
425 340 520 381 sine
543 353 678 394 opera
699 339 894 393 peditum
917 339 1129 392 ceperint.

257 408 378 449 Truo
396 407 426 431 ¹⁸
442 405 455 429 f
471 408 567 449 avis
590 408 885 448 onocrotalus.
931 406 1142 448 Caecilius
1160 406 1342 447 irridens
1358 405 1701 459 magnitudinem

314 476 410 517 nasi
429 490 438 515 :
471 476 559 516 Pro
582 476 642 517 Di
663 475 946 525 immortales,
968 475 1084 515 unde
1103 475 1327 528 prorepsit
1347 478 1456 514 truo.

256 542 404 595 Tryga
420 548 481 574 ¹9ss
501 543 672 596 antiqui
696 543 841 583 vinum
864 542 1164 596 appellabant,
1182 541 1296 582 unde
1313 546 1507 595 trygetus
1523 539 1538 562 ¹¹
1559 539 1699 581 adhuc

312 609 479 651 dicitur.

858 695 976 708 eeeeee

979 695 1096 707 eeeeee

298 781 337 810 18
362 778 449 809 Vide
468 779 574 810 Notas
590 778 778 811 infra.--19
800 780 879 812 Vet.
894 779 951 811 lib.
969 779 1095 819 Trigon.
1139 778 1235 825 Idem
1253 787 1314 819 pro
1330 777 1435 809 vinum
1449 776 1553 808 habet
1568 777 1701 807 humum.

909 901 1050 934 NOTAE

254 974 304 996 vl.
322 969 404 996 sect.
421 968 451 996 5.
477 965 571 996 Idem.

293 1021 306 1036 e
329 1016 482 1057 Trossulz']
514 1017 602 1047 Vide
624 1016 761 1048 Junium
777 1017 949 1049 Graccha-

250 1076 327 1098 num
353 1067 444 1107 apud
473 1068 619 1098 Plinium
644 1067 702 1100 lib.
721 1077 858 1100 xxxrn.
874 1079 948 1110 cap.

249 1121 281 1147 2.
299 1118 471 1157 Ant.Aug.

296 1169 446 1208 Trossulz']
479 1167 608 1199 Auctor
630 1169 816 1200 Glossarii:
841 1168 851 1186 ‘
865 1169 948 1200 Tru-

249 1219 351 1255 sulus,
367 1220 383 1249 ὁ
399 1220 431 1249 ἐν
444 1220 540 1259 μικρῷ
555 1219 685 1258 παχύς.’
706 1220 840 1251 videtur
864 1220 948 1251 velle

248 1270 343 1309 quasi
363 1270 521 1301 Torosulos
536 1270 646 1301 dictos
661 1281 669 1300 :
695 1271 783 1311 quod
801 1281 864 1311 ego
882 1270 946 1301 val-

248 1319 290 1351 de
315 1322 510 1361 amplector.
556 1322 665 1351 Varro
685 1321 945 1362 Sesquiulysse:

247 1371 256 1387 ‘
276 1371 376 1402 Nunc
403 1375 520 1402 emunt
549 1372 683 1402 trossuli
713 1371 818 1402 nardo
840 1371 947 1402 nitido

248 1421 347 1462 volgo
370 1421 487 1453 Attico
515 1422 644 1453 talento
671 1421 817 1463 equum-⁹
860 1422 947 1453 Inde

250 1472 395 1503 Trossula
424 1473 530 1503 trabea
557 1472 648 1503 dicta
672 1472 762 1513 apud
792 1472 946 1503 Veteres.

245 1524 323 1553 Tria
339 1524 427 1554 enim
440 1533 565 1564 genera
576 1523 783 1554 Trabearum
798 1522 946 1555 fuerunt.

245 1577 255 1590 ⁴
274 1573 406 1614 Regia,’
449 1575 458 1590 ‘
479 1573 688 1610 Quirinalis,’
731 1574 740 1590 ‘
767 1573 947 1604 Trossula.’

247 1623 357 1663 Regia
388 1628 461 1655 tota
489 1623 530 1654 de
562 1624 632 1654 sola
659 1633 821 1664 purpura,
848 1634 946 1665 quam

245 1673 365 1704 Graeci
396 1672 610 1714 ὁλοπόρφυρον
642 1673 771 1705 dicunt.
816 1675 866 1705 Ea
896 1674 945 1706 uti

244 1725 323 1755 solis
342 1725 476 1765 regibus
493 1725 631 1764 licebat,
647 1726 700 1755 vel
718 1725 947 1757 adulescenti-

244 1774 307 1805 bus
325 1775 366 1805 de
383 1775 490 1815 stirpe
509 1775 612 1815 regia.
659 1775 843 1808 Quirinalis
868 1786 946 1807 con-

243 1825 527 1866 cinnior‚praeliis
540 1826 807 1866 aptazhac‚cum
820 1826 945 1858 bellum

243 1876 482 1916 susciperetur,
506 1876 610 1907 duces
629 1876 743 1907 amicti
759 1876 837 1908 Jani
855 1876 946 1908 fores

241 1926 453 1966 aperiebant.
491 1927 648 1957 Trossula
664 1936 768 1958 cocco
780 1937 945 1968 purpura·

242 1987 306 2017 que
331 1982 491 2017 pertexta
518 1983 604 2017 erat,
629 1988 729 2018 quam
753 1979 857 2009 etiam
874 1978 944 2010 Au-

241 2028 392 2066 guralem
422 2027 602 2063 vocabant,
628 2028 745 2060 Graeci
768 2030 942 2070 ἐφεστρίδα.

242 2077 305 2108 Cui
345 2077 466 2108 iccirco
505 2087 642 2108 coccum
692 2078 938 2111 adhibebatur:

241 2127 331 2168 quod
343 2127 463 2158 russati
475 2133 576 2158 antea
587 2127 831 2168 praeliabantur
841 2139 940 2170 prop·

241 2182 296 2208 ter
314 2178 451 2208 vulnera
468 2183 503 2208 et
520 2178 731 2217 aspersiones
757 2179 941 2219 sanguinis,

240 2229 330 2260 unde
346 2230 466 2259 russati
485 2229 703 2268 vocabantur,
727 2238 766 2260 ea
794 2239 858 2260 uon
876 2231 940 2261 alia

241 2284 295 2310 est
311 2288 330 2310 a
345 2289 426 2320 sago
450 2280 595 2311 Punico.
640 2280 761 2311 Inveni
783 2281 881 2311 etiam
907 2282 939 2312 in

240 2331 414 2362 veteribus
427 2331 662 2370 monumentis,
680 2332 852 2363 consulem
871 2337 939 2363 tra-

240 2381 378 2412 beatum
394 2381 518 2413 Janum
547 2381 680 2413 Quirini
698 2382 840 2423 aperire.
867 2383 938 2413 Jos.

241 2432 326 2463 δεταί.

286 2481 439 2522 Τνοεεηὶἰ]
466 2481 596 2512 Glossae
608 2481 751 2512 Isidori:
769 2486 777 2499 ‘
790 2483 938 2524 Trosuli,

239 2535 397 2575 equites;
428 2534 600 2572 Trosulus,
625 2537 782 2574 equester
810 2535 937 2565 adoles-

238 2584 340 2616 cens!
384 2584 514 2615 Glossae
540 2588 670 2614 veteres
697 2583 729 2614 in
758 2584 935 2616 Persium:

240 2634 249 2650 ‘
266 2635 460 2665 Trossulum
479 2633 641 2674 oppidum
658 2632 723 2664 suit
748 2634 935 2675 Hetruriae,

239 2696 304 2718 non
336 2688 431 2726 longe
460 2696 478 2717 a
506 2686 651 2717 Volscis.
696 2685 772 2717 Hoc
803 2687 934 2727 equites

238 2737 384 2769 Romani
415 2737 487 2769 sine
517 2735 686 2778 peditibus
716 2746 933 2778 expugnave—

1001 970 1091 1001 runt,
1108 965 1230 997 Numio
1242 964 1384 1005 quodam
1397 963 1494 999 duce,
1508 961 1595 993 unde
1606 963 1700 1004 equi-

1001 1022 1051 1048 tes
1077 1017 1227 1048 Trossuli
1250 1016 1332 1047 dicti
1359 1014 1459 1046 suut-³
1494 1014 1589 1045 Idem
1608 1015 1699 1046 Plin.

998 1068 1057 1099 lib.
1076 1077 1217 1099 xxxln.
1244 1077 1320 1106 cap.
1347 1069 1378 1097 2.
1405 1066 1461 1107 qui
1489 1066 1590 1095 etiam
1616 1065 1697 1096 illud

999 1128 1118 1150 nomen
1134 1119 1364 1149 Trossulorum
1379 1127 1439 1158 pro
1452 1116 1619 1157 equitibus
1634 1126 1697 1147 uon

998 1171 1057 1202 diu
1074 1177 1150 1212 post
1170 1170 1360 1202 Gracchum
1387 1169 1552 1200 mansisse
1580 1174 1698 1199 auctor

998 1226 1062 1254 est.
1106 1222 1184 1254 Jam
1211 1221 1298 1251 enim
1324 1220 1446 1251 multos
1476 1219 1627 1259 pudebat
1657 1229 1697 1250 eo

997 1272 1130 1303 nomine
1157 1271 1321 1312 appellari
1340 1275 1479 1311 propter
1496 1269 1697 1309 ambiguita-

998 1327 1066 1354 tem
1083 1322 1172 1353 vocis
1193 1321 1366 1359 Trossulus,
1382 1330 1456 1361 quae
1474 1324 1554 1350 tunc
1573 1319 1696 1350 delica-

998 1377 1067 1404 tum
1080 1377 1116 1403 et
1130 1373 1262 1402 mollem
1275 1370 1501 1411 significabat.
1527 1369 1557 1400 A
1572 1369 1696 1401 Graeco

999 1423 1162 1454 vocabulo
1189 1421 1334 1462 τρυσσὸς,
1361 1421 1539 1459 delicatus,
1567 1420 1697 1451 mollis:

997 1478 1034 1504 ut
1051 1473 1178 1514 optime
1196 1472 1393 1504 Salmasius.
1415 1472 1458 1502 Et
1476 1472 1561 1501 banc
1578 1480 1695 1501 vocem

998 1523 1174 1564 usurpavit
1194 1523 1326 1553 Seneca
1350 1521 1460 1561 Epist.
1482 1523 1534 1552 87.
1572 1522 1581 1537 ‘
1600 1520 1695 1551 Idem

996 1572 1118 1605 faciam
1136 1573 1226 1614 quod
1244 1572 1379 1603 trossuli
1397 1571 1452 1602 isti
1470 1577 1506 1602 et
1524 1570 1698 1611 juvenes-⁹

996 1623 1065 1655 Ubi
1084 1624 1232 1661 Trmsuli,
1248 1632 1312 1653 non
1331 1622 1474 1662 Εψιίίεε,
1498 1620 1555 1652 sed
1573 1621 1695 1652 delica-

997 1675 1036 1714 ti,
1052 1675 1130 1705 luxu
1148 1673 1338 1705 difluentes.
1376 1673 1464 1704 Item
1480 1671 1581 1702 alibi:
1608 1671 1696 1702 unde

998 1725 1130 1756 Nonius
1147 1725 1293 1755 trossulos
1308 1724 1418 1754 dictos
1436 1722 1483 1754 ait
1501 1722 1596 1764 quasi
1614 1725 1698 1752 toro·

994 1776 1087 1814 sulos,
1116 1785 1182 1816 quo
1214 1775 1367 1814 respexit
1399 1773 1694 1813 Glossograpbus:

999 1828 1008 1843 ‘
1023 1826 1200 1861 Trusulus,
1215 1825 1232 1855 ὁ
1249 1826 1280 1855 ἐν
1293 1825 1389 1865 μικρῷ
1403 1822 1528 1863 παχύς.7
1558 1824 1567 1840 ‘
1585 1824 1695 1855 Homo

995 1875 1146 1916 pinguis,
1162 1875 1333 1906 habitior?
1358 1875 1438 1906 Dae.

1039 1925 1051 1945 f
1083 1926 1178 1966 Truo]
1224 1927 1278 1957 De
1309 1926 1517 1966 onocrotalo,
1557 1924 1694 1957 vidend.

995 1975 1085 2006 Plin.
1102 1976 1166 2006 lib.·
1179 1985 1215 2006 x.
1233 1986 1309 2015 cap.
1326 1978 1379 2006 47.
1402 1975 1481 2006 Ant.
1498 1976 1583 2014 Aug.

1040 2026 1136 2066 Truo]
1176 2026 1387 2066 compilator
1413 2027 1579 2057 Glossarii
1610 2026 1695 2066 legit

997 2078 1111 2108 Truvo.
1155 2078 1164 2092 ‘
1180 2077 1304 2115 Truvo,
1333 2076 1503 2115 Truvero,
1529 2075 1693 2116 ὀνοκρότα-

994 2127 1073 2158 λον.’
1098 2128 1299 2167 Quanquam
1314 2127 1347 2157 in
1359 2129 1601 2167 manuscripto,
1615 2129 1693 2159 etin

994 2177 1144 2208 editione
1154 2183 1219 2215 est,
1231 2177 1354 2213 Tribus»,
1364 2178 1505 2208 Tiuuero.
1519 2178 1592 2210 Jos.
1604 2180 1693 2211 scal.

1041 2227 1136 2267 Truo]
1161 2228 1272 2259 Gloss.
1290 2231 1298 2246 ‘
1316 2228 1431 2267 Truo,’
1448 2229 1518 2259 sive
1546 2233 1554 2246 ‘
1570 2230 1695 2268 'Pi-nvo,

994 2278 1220 2319 ὀνοκροταλόν.’
1264 2279 1356 2309 Male
1387 2279 1420 2310 in
1456 2280 1538 2310 edit.
1567 2280 1692 2320 Tribuo,

993 2333 1126 2363 tinuero.
1184 2333 1412 2372 Hieronymus
1448 2332 1487 2361 ad
1520 2332 1690 2362 Psalmum

995 2385 1066 2414 101.
1112 2382 1367 2419 onocrotalum,
1389 2381 1608 2413 Pelleeanum
1635 2392 1691 2413 vo·

993 2437 1061 2463 cat.
1103 2431 1170 2462 Sed
1200 2432 1276 2462 vide
1301 2431 1393 2461 Pliu.
1422 2431 1479 2462 lib.
1498 2442 1529 2462 x.
1547 2441 1623 2472 cap.
1639 2434 1691 2462 47.

995 2483 1076 2513 Τνιιο
1107 2480 1250 2512 fortasse
1282 2491 1299 2511 a
1328 2479 1418 2521 τρύω,
1457 2481 1575 2521 tundo,
1606 2486 1692 2514 tero.

993 2532 1091 2566 Quod
1110 2537 1220 2563 rostro
1238 2531 1375 2563 arbores
1393 2531 1525 2562 tundat.
1551 2532 1634 2565 Dae.

1035 2589 1051 2611 g
1076 2583 1198 2623 Tryga]
1220 2581 1325 2623 Τρύγα
1338 2592 1357 2613 a
1373 2588 1467 2613 recto
1482 2581 1564 2621 τρύξ.
1589 2582 1688 2615 Quod

991 2633 1140 2674 Hesyclt.
1168 2633 1321 2672 exponit,
1338 2633 1354 2662 ὁ
1377 2631 1443 2663 νέος
1459 2631 1550 2664 οἶνος.
1598 2633 1687 2663 Item

987 2682 1119 2723 γλευκὸς
1143 2682 1316 2720 ἇδιήθητον.
1360 2683 1484 2713 Vinum
1511 2691 1629 2713 recens
1651 2686 1687 2712 et

988 2736 1101 2767 vinum
1125 2733 1274 2765 nondum
1291 2733 1512 2774 percolatum.
1558 2731 1625 2764 Sed
1652 2737 1687 2763 ct
