1876 3025
277 141 361 183 823

729 151 751 179 S
764 150 870 180 EX'rl
907 148 1110 178 POMPEII
1144 147 1282 179 FESTl

341 249 550 290 Metellus
591 248 720 289 Pont.
757 245 879 286 Max.
919 260 1008 285 cum
1052 244 1272 286 Claudium
1301 258 1494 300 augurem
1520 243 1731 298 jus-sisset

339 318 515 367 adesse,
536 321 585 358 ut
607 330 706 357 eum
742 322 835 355 tanc
871 312 1079 353 adhiberet
1104 312 1191 354 Ser.
1228 312 1396 368 Sulpici
1418 313 1510 353 Ser.
1535 312 1586 352 F.
1609 312 1733 352 inau-

339 385 550 439 gurationi
563 401 577 429 ;
607 383 674 423 ille
710 389 845 422 autem
877 386 1088 422 excusaret
1129 395 1178 422 se
1221 395 1348 423 sacra
1379 382 1464 422 sibi
1501 377 1733 420 familiaria

339 453 511 504 obstare,
527 452 669 508 quibus
696 450 1029 504 supplicandum
1051 454 1168 490 esset
1190 451 1337 503 capite
1361 456 1525 504 opertoe
1550 446 1733 487 Saturno

341 528 478 562 autem
496 534 594 561 esse
614 520 822 567 futurum,
840 523 890 558 ut
910 531 1007 558 cum
1032 523 1178 570 aperto
1199 517 1330 571 capite
1350 531 1411 557 res
1431 530 1547 557 sacra
1568 515 1737 556 facien-

342 590 399 630 da
424 593 568 639 esset3
599 584 804 642 Pontifex
828 585 942 626 illum
966 584 1192 634 mulctavit,
1216 585 1426 626 Cl'audius
1459 583 1736 638 provocavit,

342 656 411 697 sed
433 671 521 697 cum
551 654 832 696 reconciliatus
855 653 1056 695 Pontifici
1091 657 1207 694 esset
1234 653 1468 703 Claudius,
1488 650 1654 692 familia:
1673 663 1737 689 sa-

343 724 611 779 crisperactis
632 723 819 764 Saturno
838 735 964 763 sacra
987 721 1091 762 fecit
1111 721 1306 776 religione
1325 720 1492 761 solutus.

291 792 461 833 Saxum
483 791 721 845 Tarpeium
738 796 752 812 ²
774 788 1036 845 appellatam
1058 789 1175 830 aiunt
1196 796 1360 843 partem
1391 790 1555 839 mum,
1577 787 1652 841 qui
1683 786 1738 827 ob

945 937 1087 969 NOTAE

288 1016 436 1046 Saturno
453 1018 571 1054 aperto
588 1023 639 1044 res
657 1023 749 1045 sacra
768 1013 921 1045 facienda
939 1024 991 1046 es-

291 1070 358 1103 set,
372 1075 478 1106 eaque
490 1065 531 1095 de
545 1075 644 1096 cansa
661 1065 860 1096 mulctatum
872 1076 890 1096 a
902 1066 992 1096 Pon-

293 1118 386 1148 tifice
415 1118 594 1149 Claudiurn
626 1128 840 1158 provocasse,
868 1119 992 1149 deinde

294 1168 547 1199 reconciliatum
565 1178 650 1204 esse,
668 1175 700 1199 et
725 1169 873 1210 peractis
897 1168 993 1200 fami·

293 1220 348 1251 liae
365 1230 433 1250 suae
458 1220 563 1250 sacris
588 1220 751 1259 religione
776 1221 919 1251 solutum
934 1220 992 1251 Sa-

295 1274 396 1300 turno
421 1280 515 1301 sacra
539 1269 659 1301 fecisse
687 1271 729 1300 «lc
753 1281 843 1301 more
867 1270 994 1301 sacrifi·

294 1321 396 1351 canili
422 1320 568 1350 Saturno
592 1326 712 1361 aperto
737 1321 862 1361 capite.
908 1320 995 1351 Vide

295 1372 304 1387 ‘
319 1370 502 1409 Saturnia‚'
527 1376 561 1402 et
580 1372 712 1402 ‘lucem
731 1371 869 1402 facere)
901 1372 995 1403 Serv.

296 1431 353 1454 111.
368 1421 501 1453 AEneid.
526 1422 629 1453 ‘Sane
654 1423 852 1459 sciendum,’
877 1423 998 1462 inquit,

297 1474 308 1490 ‘
323 1472 554 1503 sacrificantes
569 1473 643 1503 Diis
660 1475 813 1506 omuibus
828 1480 930 1514 caput
944 1484 998 1504 ve.-

299 1524 370 1555 lare
402 1530 584 1555 consuetos
611 1525 652 1555 ob
680 1525 755 1564 lioc,
782 1536 823 1556 ne
850 1536 885 1556 se
914 1526 1000 1556 inter

300 1575 495 1615 religionem
521 1576 614 1616 vagis
638 1576 764 1616 aliquid
787 1575 923 1607 offerret
943 1577 998 1606 ob-

302 1626 444 1660 tutibus,
468 1631 614 1666 excepto
633 1631 763 1657 tautum
788 1628 945 1662 Saturno,
962 1636 1002 1657 ne

301 1678 446 1708 numinis
472 1678 617 1708 imitatio
643 1678 831 1718 videretur,
847 1680 923 1720 quia
946 1680 1002 1709 Sa-

303 1734 403 1758 turno
441 1729 555 1766 capite
595 1728 705 1759 velato
743 1729 788 1759 ibi
828 1728 1003 1760 cernitur!

305 1779 436 1809 Metelli
471 1779 648 1809 l'outificis
681 1781 823 1811 Maximi
856 1780 1007 1811 meminit

304 1830 460 1861 Macrob.
490 1831 547 1862 lib.
574 1840 630 1861 ιιι.
661 1842 735 1872 cap.
763 1835 812 1862 13.
857 1834 895 1864 C.
927 1843 1006 1863 vero

304 1880 438 1912 Claudii
454 1881 600 1921 Auguris
616 1883 729 1913 Livius
743 1884 799 1915 lib.
816 1893 896 1915 XLV.
914 1889 921 1900 ⁴
938 1883 1005 1914 Au-

307 1941 370 1971 gur
389 1933 426 1963 C.
444 1933 604 1963 Claudius
623 1939 794 1972 mortuus;
818 1939 952 1965 creatus
968 1936 1005 1965 T.

307 1982 492 2014 Quintius!
550 1983 651 2015 Quod
682 1990 795 2014 autem
828 1985 1007 2024 inaugura-

308 2033 394 2064 tioni
419 2033 505 2073 ejus,
531 2033 588 2074 qui
615 2044 720 2074 augur
746 2041 879 2065 creatus
905 2040 1010 2071 esset,

308 2084 394 2115 alius
414 2094 519 2124 augur
536 2084 655 2114 adesse
669 2085 786 2115 solitus
801 2085 901 2120 sit,et
917 2085 1008 2114 Festi

310 2134 427 2171 verba,
445 2139 480 2165 et
497 2135 601 2165 verba
618 2135 749 2165 Metelli
775 2135 872 2175 liujus
890 2134 1010 2165 confir-

311 2191 405 2216 mant
423 2195 496 2225 quae
515 2191 591 2216 sunt
611 2185 642 2215 in
659 2185 769 2216 indice
787 2189 816 2216 4.
829 2185 918 2225 apud
938 2186 1010 2216 Ma-

313 2237 408 2268 crob.
428 2237 548 2278 quibus
567 2237 858 2275 inaugurationem
880 2237 1011 2266 Lentuli

313 2288 472 2319 Flaminis
511 2287 682 2318 Martialis
726 2287 774 2317 ita
823 2286 1010 2317 describit:

313 2343 321 2356 ⁴
337 2339 376 2370 A.
395 2340 437 2369 D.
455 2342 485 2369 9.
503 2338 579 2369 Kal.
594 2338 689 2377 Sept.
704 2347 768 2378 quo
783 2337 836 2367 die
851 2338 1012 2368 Lentulus

314 2390 454 2420 Flamen
496 2389 664 2419 Martialis
699 2388 919 2425 inauguratus
949 2393 1014 2426 est,

317 2440 435 2471 domus
466 2444 583 2470 oruata
617 2437 693 2473 fuit,
733 2438 880 2469 triclinia
918 2438 1014 2468 lectis

318 2490 474 2521 eburneis
498 2495 606 2520 strata
628 2488 779 2528 fuerunt,
803 2489 934 2519 (luobus
959 2489 1016 2519 tri-

318 2542 426 2572 cliniis
452 2540 636 2571 Pontifices
665 2539 868 2577 cubuerunt,
886 2540 929 2572 Q.
956 2540 1018 2569 Ca-

320 2592 422 2630 tulus,
444 2591 495 2621 M.
515 2591 664 2621 lEmilius
691 2589 851 2629 Lepidus,
876 2590 917 2620 D.
933 2590 1018 2621 Sila-

320 2652 394 2680 nus·,
422 2642 460 2673 C.
478 2642 605 2680 Caesar,
635 2651 692 2671 rex
720 2642 911 2681 Smrorum,
934 2641 1018 2671 Pub.

321 2692 489 2731 Scaevola,
504 2692 600 2722 Sext.
616 2691 705 2722 Pub.
722 2692 912 2731 Cornelius,
930 2691 1018 2722 Pub.

322 2744 533 2780 Volumnius,
561 2744 647 2776 Pub.
665 2744 907 2780 Albinovanus,
926 2749 960 2775 et
981 2745 1016 2775 1..

1046 1015 1155 1048 Julius
1173 1014 1287 1045 Caesar
1303 1023 1422 1054 augur,
1440 1012 1494 1053 qui
1514 1020 1587 1041 eum
1605 1009 1742 1048 inaugu-

1046 1066 1157 1098 ravit.’
1206 1067 1256 1097 De
1277 1064 1468 1105 hujusmodi
1485 1061 1744 1102 inauguratione

1047 1118 1096 1148 ita
1115 1117 1187 1148 Liv.
1203 1116 1260 1147 lib.
1278 1125 1397 1146 xxvn.
1421 1116 1429 1132 ‘
1450 1115 1486 1145 L.
1503 1113 1657 1154 Aquilius
1675 1110 1743 1141 Au-

1048 1177 1108 1206 gur
1126 1172 1261 1198 creatus
1281 1163 1591 1205 inauguratusque!
1628 1163 1671 1193 Et
1690 1161 1745 1192 lib.

1050 1227 1138 1250 xxx.
1161 1219 1170 1235 ⁴
1188 1217 1306 1248 Fabius
1322 1217 1490 1247 Maximus
1506 1214 1626 1254 Augur
1643 1221 1746 1242 annos

1049 1272 1102 1300 42.
1130 1272 1194 1300 διο.
1241 1268 1279 1298 In
1305 1267 1378 1307 ejus
1402 1267 1511 1297 locum
1529 1266 1748 1303 inauguratus

1051 1321 1094 1352 Q.
1123 1319 1246 1350 Fabius
1275 1317 1387 1348 filins?
1432 1318 1571 1348 Sueton.
1602 1316 1636 1345 in
1665 1314 1748 1345 Caio

1052 1381 1125 1411 cap.
1137 1374 1185 1401 12.
1211 1372 1219 1387 ‘
1234 1370 1369 1401 Deinde
1385 1368 1501 1408 Augur
1516 1368 1669 1398 inlocum
1684 1365 1749 1396 fra·

1054 1424 1114 1454 tris
1140 1422 1188 1452 sui
1215 1421 1314 1452 Drusi
1333 1420 1537 1456 destinatus,
1554 1418 1748 1459 priusquam

1054 1473 1324 1512 inauguraretur,
1348 1470 1389 1500 ad
1414 1469 1655 1500 Pontificatum
1685 1473 1751 1498 tra·

1055 1523 1178 1554 ductus
1194 1521 1268 1552 est?
1308 1521 1361 1551 De
1378 1519 1529 1551 Claudiae
1547 1518 1682 1549 familiae
1701 1528 1751 1548 sa-

1057 1575 1122 1605 eris
1136 1574 1210 1605 vide
1223 1583 1325 1613 supra
1341 1573 1349 1589 ‘
1364 1571 1595 1613 propudiauus
1611 1568 1753 1610 porcus.’

1058 1626 1140 1656 Duc.

1101 1682 1111 1696 2
1135 1677 1255 1707 Saxum
1274 1673 1452 1714 Tarpeium]
1487 1672 1641 1704 Priorem
1664 1671 1752 1702 Festi

1061 1727 1264 1758 senteutiam
1302 1726 1412 1755 Varro
1450 1723 1508 1754 lib.
1546 1732 1596 1753 iv.
1663 1726 1671 1739 ¹
1687 1720 1755 1752 Hic

1061 1780 1180 1816 inons,’
1195 1777 1316 1816 inquit,
1334 1780 1341 1792 ‘
1357 1780 1435 1805 ante
1457 1773 1624 1814 Tarpeius
1644 1772 1756 1803 dictus

1063 1841 1080 1861 a
1096 1830 1225 1869 virgine
1242 1828 1370 1858 Vestali
1385 1826 1545 1866 Tarpeia:
1571 1834 1644 1866 quse
1659 1824 1701 1854 ibi
1717 1823 1758 1854 ab

1063 1881 1192 1911 Sabinis
1230 1884 1352 1910 necata
1390 1878 1502 1911 armis,
1536 1881 1572 1907 et
1609 1876 1757 1915 sepulta.

1065 1933 1148 1972 Ejus
1166 1931 1307 1962 nominis
1320 1933 1570 1960 monumentum
1590 1926 1758 1963 relictum,

1063 1982 1150 2023 quod
1164 1978 1264 2011 etiam
1280 1989 1367 2010 nunc
1379 1980 1452 2018 ejus
1467 1987 1566 2017 rupes
1578 1976 1759 2016 Tarpeium

1065 2034 1258 2074 appellatur
1273 2031 1420 2062 Saxum!
1467 2030 1532 2061 Alii
1546 2039 1562 2059 a
1580 2029 1665 2060 duee
1682 2030 1762 2059 Tar·

1066 2084 1142 2124 pcio
1158 2084 1286 2113 dictum
1313 2086 1446 2123 putant.
1480 2082 1641 2122 Propert.
1666 2081 1759 2119 Eleg.

1065 2137 1096 2165 4.
1110 2133 1167 2164 lib.
1185 2142 1237 2164 ιν.
1259 2135 1267 2149 ‘
1286 2132 1312 2164 A
1331 2133 1416 2163 duce
1433 2132 1582 2171 Tarpeio
1599 2141 1692 2163 mons
1709 2137 1761 2161 est

1067 2195 1251 2224 cognomen
1267 2183 1434 2224 adeptus)
1459 2184 1556 2215 Idem.

1110 2236 1226 2266 Saxum
1241 2235 1418 2274 Tarpeium]
1435 2234 1559 2264 Saxum
1569 2233 1764 2274 Tarpeium,

1069 2286 1110 2316 de
1128 2296 1193 2326 quo
1211 2286 1354 2325 DionyS.
1367 2291 1401 2315 et
1420 2284 1530 2315 Livius
1543 2284 1765 2323 scripserunt,

1071 2347 1089 2368 a
1104 2336 1249 2375 Tarpeia
1268 2336 1305 2368 L.
1321 2336 1444 2375 Tarpei
1459 2334 1538 2369 tilia,
1553 2344 1653 2375 quam
1667 2333 1764 2364 multi

1070 2388 1183 2419 ferunt
1206 2388 1339 2419 Sabinis
1364 2386 1525 2426 Capitolii
1550 2395 1661 2416 arcem
1690 2394 1764 2425 pro-

1071 2439 1217 2470 didisse:
1252 2437 1341 2479 quod
1366 2437 1527 2477 Dionysio
1555 2445 1618 2466 non
1645 2435 1763 2476 proba-

1073 2494 1140 2520 tur.
1186 2490 1239 2520 De
1265 2497 1345 2518 saxo
1373 2492 1484 2518 autem
1515 2486 1765 2527 dejiciebantur

1072 2539 1194 2579 insigni
1213 2540 1324 2579 aliquo
1339 2538 1479 2569 crimine
1505 2536 1677 2566 damnati:
1713 2544 1767 2565 ea-

1073 2602 1138 2632 que
1157 2591 1197 2621 de
1215 2601 1328 2628 causa,
1345 2594 1381 2620 ut
1399 2591 1488 2620 locus
1505 2588 1670 2623 funestum,
1689 2596 1765 2617 cum

1074 2642 1202 2681 reliqua
1220 2646 1317 2681 parte
1334 2640 1493 2680 Capitolii
1511 2648 1576 2670 nou
1597 2643 1670 2669 erat
1686 2647 1765 2667 con-

1066 2693 1219 2733 junctus,
1265 2692 1350 2722 Vide
1368 2689 1564 2732 ‘'l‘arpeiae!
1589 2689 1666 2720 Ant.
1682 2687 1767 2727 Aug.
