1876 3025
264 173 349 216 690

401 293 521 322 susc.

329 378 338 389 .
398 349 509 390 dem.

327 415 503 458 decidit.

325 498 443 526 conc.

328 566 447 606 agor.

329 620 484 661 eadem

328 694 422 730 tera
440 688 541 728 loca
599 718 607 726 .

329 757 502 809 fulgura
525 767 667 795 sacr-a

715 182 862 213 SEXTl
900 181 1100 211 POMPEH
1138 181 1274 212 FESTI

275 822 461 865 Pecunia
483 835 583 876 quae
605 817 909 872 erogatur¹i1i
941 818 1055 858 ludos
1075 825 1111 859 et
1144 817 1386 873 spectacula,
1406 817 1641 872 appellata)
1657 814 1720 856 lu-

331 893 448 933 carie
466 891 583 931 dicta
602 902 622 929 e
650 887 748 928 lucis
778 894 966 941 captetur

1225 887 1270 927 in
1292 886 1444 927 eodem
1467 887 1589 927 libro.

332 1028 443 1069 dixit
462 1027 689 1068 existimat
720 1025 835 1080 cujus
863 1024 1061 1078 opinionis
1097 1030 1151 1065 esc
1174 1029 1214 1063 et
1241 1021 1429 1064 Valerius
1451 1020 1650 1063 Messala
1680 1022 1725 1062 in

331 1094 633 1149 explanatione
653 1094 722 1134 12.

277 1162 480 1218 Pipulum
493 1168 519 1184 “¹

547 1161 757 1202 dicebatur
777 1161 996 1214 ploratus.

277 1230 553 1286 Privilegium
581 1233 678 1270 sunt
698 1228 797 1284 quin
827 1227 966 1268 dicant
989 1240 1067 1267 esse
1081 1227 1293 1281 privatum
1316 1225 1454 1281 legem.

1514 1223 1654 1266 Cicero
1683 1224 1725 1264 in

335 1299 516 1340 oratione
537 1312 659 1353 quam
683 1296 855 1351 scripsit
870 1310 950 1350 pro
971 1294 1086 1336 domo
1108 1310 1183 1335 sua
1204 1295 1258 1336 ad
1273 1293 1498 1349 pontifice&

933 1428 1076 1460 NOTAE

324 1519 355 1549 P
358 1539 498 1550 .....
521 1517 588 1559 qu.]
616 1519 667 1549 De
681 1516 848 1557 fulgurum
865 1517 980 1557 expia·
1030 1526 1086 1548 ces
1132 1537 1141 1546 .

279 1569 428 1601 tionibus
452 1569 505 1600 hic
533 1569 656 1609 agebat
686 1569 818 1599 Festus.
865 1567 981 1608 Atque
1031 1567 1093 1597 viri
1140 1589 1148 1598 .

278 1620 329 1651 ita
344 1619 458 1651 forsan
476 1619 661 1659 scripserat
677 1629 685 1650 ι
704 1618 887 1649 Ρὶαειιὶανία
898 1628 981 1658 quoe-
1031 1626 1112 1647 cous
1137 1639 1144 1647 .

279 1672 350 1701 dam
379 1680 469 1700 sacra
509 1669 676 1709 Aruspices
701 1669 798 1699 solent
827 1667 982 1708 suscipere
1032 1667 1121 1698 ineo

278 1732 347 1753 cum
370 1722 518 1751 inlocum
540 1722 700 1761 quemdam
717 1720 832 1759 fulgur
855 1720 981 1750 decidit.
1030 1718 1166 1748 lictores

280 1772 322 1803 In
339 1771 555 1812 sequentibus
572 1771 738 1802 lubricum
754 1771 832 1801 iter.
867 1769 982 1801 Adde·
1033 1769 1193 1799 istimate.
1238 1791 1246 1799 .

280 1822 342 1852 bat
372 1822 483 1852 forsan
515 1822 652 1853 Festus:
680 1822 743 1857 Qui
769 1822 852 1852 locus
878 1825 983 1862 postea
1033 1828 1137 1850 consu

272 1873 456 1912 fulguribus
474 1872 517 1902 ibi
536 1873 669 1903 conditis
692 1883 777 1903 sacer
799 1872 922 1903 habitus
937 1876 982 1903 est
1033 1880 1091 1901 eos
1108 1875 1222 1901 autem

281 1927 316 1953 ut
332 1927 361 1954 et
375 1924 473 1954 omnis
488 1932 576 1962 ager,
597 1933 685 1963 quem
708 1923 823 1953 calcari
838 1922 924 1960 nefus
938 1926 983 1953 est

281 1973 386 2003 eadem
407 1973 539 2011 ratione,
561 1977 593 2002 ut
618 1976 648 2003 et
671 1976 772 2004 cetera
795 1974 859 2004 loca
883 1973 985 2003 omnia

283 2032 351 2063 qua>
357 2022 490 2060 fulgure
510 2032 599 2053 sacra
613 2023 704 2060 sacta
730 2026 812 2053 sunt.
857 2021 984 2052 Parum

282 2082 350 2111 me,
377 2071 566 2112 praefiscine
591 2071 721 2110 dixero,
746 2073 800 2102 vel
825 2081 844 2102 a
871 2072 984 2102 verbis

283 2123 339 2153 vel
367 2132 385 2153 a
410 2127 523 2152 mente
550 2122 643 2153 Festi
671 2122 866 2153 discessisse
897 2122 985 2152 arbi-

285 2178 368 2207 tror,
394 2172 452 2202 sed
480 2172 523 2202 de
548 2182 601 2208 eo,
624 2177 661 2203 ut
678 2172 721 2203 de
740 2173 813 2203 aliis
831 2172 985 2203 omnibus

285 2232 361 2262 quae
388 2231 463 2252 mea
494 2226 585 2259 sunt,
617 2231 721 2262 penes
748 2223 838 2253 viros
865 2223 985 2253 doctos

280 2272 448 2312 judicium
462 2276 548 2302 esto.
575 2271 663 2302 Vide
678 2273 687 2290 ‘
702 2271 887 2303 Bidenta1.’
902 2273 985 2304 Dae.

331 2322 339 2343 ¹
362 2322 498 2354 Pecunia
527 2333 595 2362 quse
623 2323 786 2363 erogatur]
812 2324 904 2354 Male
932 2324 985 2355 hic

286 2373 426 2404 adhaesit
440 2372 669 2413 fragmentum
686 2373 789 2405 istud.
826 2374 912 2405 Vide
926 2384 986 2405 suo

288 2425 375 2456 loco.
399 2424 496 2455 Idem.

329 2479 353 2517 ¹³¹¹
376 2475 538 2515 Pipulum]
563 2476 651 2506 Vide
680 2480 689 2493 ‘
707 2474 869 2516 Pipatio,'
899 2475 988 2507 ‘Oc-

288 2526 477 2557 centassint
488 2525 496 2538 '
511 2532 546 2557 et
559 2527 568 2543 ‘
582 2525 788 2566 Vagulatio!
813 2526 912 2557 Idem.

330 2580 344 2595 ¹¹
369 2575 579 2615 Privilegium
614 2580 685 2606 sunt
714 2576 781 2616 qui]
816 2575 988 2607 Schedae:

287 2625 298 2643 ‘
315 2626 535 2666 Privilegium
557 2632 636 2657 sunt
660 2626 716 2667 qui
740 2626 853 2657 dicant
879 2626 990 2667 priva-

290 2680 358 2706 tam
374 2676 494 2716 legem.
530 2677 651 2707 Cicero
668 2677 701 2707 iu
717 2677 872 2708 oratione
889 2687 987 2717 quam

290 2726 426 2766 scripsit
454 2736 515 2767 pro
546 2727 654 2759 Domo
684 2737 744 2759 sua
775 2729 816 2760 ad
843 2726 985 2760 Pontifi-

1035 1930 1143 1951 nemo.
1332 1942 1341 1951 .
1430 1943 1438 1951 .
1622 1944 1630 1952 .
1721 1942 1729 1951 .

1026 1971 1186 2011 judicant
1202 1968 1413 2001 senei-atores
1437 1970 1582 2010 equites,
1608 1969 1733 2000 tribuni

1036 2021 1148 2052 aerarii
1161 2021 1388 2052 condemnant
1400 2020 1507 2051 tribus
1528 2022 1582 2050 35.
1600 2029 1666 2061 quo
1680 2020 1736 2060 ju-

1035 2083 1084 2112 re,
1093 2083 1158 2114 quo
1170 2081 1350 2112 more‚quo
1362 2071 1529 2111 exemplo,
1538 2071 1735 2102 nominatim

1036 2123 1143 2163 legem
1174 2122 1217 2154 de
1240 2122 1351 2162 capite
1375 2121 1457 2153 civis
1475 2121 1663 2152 indemnati
1684 2127 1736 2152 tu-

1035 2173 1129 2203 listi?
1160 2177 1280 2203 vetant
1309 2173 1400 2211 leges
1427 2177 1584 2211 sacratae,
1615 2177 1735 2203 vetant

1037 2226 1090 2254 12.
1107 2223 1295 2254 tabularum
1312 2223 1405 2261 leges
1427 2223 1567 2262 privatis
1593 2222 1736 2253 homini-

1038 2273 1099 2304 bus
1130 2273 1282 2314 irrogari.
1328 2271 1505 2303 Veneficos
1529 2273 1678 2313 quinque
1702 2277 1738 2302 et

1038 2324 1177 2364 triginta
1192 2323 1301 2355 tribus
1323 2323 1459 2354 omuino
1486 2332 1552 2353 non
1579 2322 1736 2353 condem—

1037 2380 1133 2414 nant,
1150 2374 1227 2415 quia
1243 2373 1307 2414 ipsi
1321 2373 1564 2416 indicta-causa
1578 2372 1741 2402 occidun-

1039 2424 1115 2456 tur.'
1162 2425 1247 2456 Quae
1272 2424 1395 2454 desunt
1415 2423 1565 2453 excitare
1584 2420 1736 2461 difficile,

1038 2484 1147 2516 neque
1164 2474 1253 2505 enim
1276 2474 1309 2504 in
1331 2474 1484 2505 oratione
1502 2473 1674 2504 Ciceronis
1690 2474 1739 2504 le—

1039 2532 1164 2567 guntur
1189 2526 1244 2555 illa
1257 2533 1364 2565 usque
1388 2523 1429 2554 ad
1446 2535 1504 2564 quo
1518 2523 1605 2561 J'ure.
1651 2524 1738 2556 Quae

1039 2580 1227 2616 sequuntur
1242 2575 1290 2605 ita
1305 2574 1406 2605 hodie
1432 2573 1521 2614 apud
1539 2574 1737 2605 Ciceronem

1038 2632 1177 2657 extant:
1204 2626 1304 2658 ‘Quo
1322 2625 1415 2665 jure,
1444 2634 1510 2665 quo
1538 2634 1643 2664 more,
1670 2633 1734 2664 quo

1042 2677 1198 2717 exemplo
1215 2676 1323 2715 legem
1350 2675 1544 2706 nominatim
1565 2675 1607 2705 de
1624 2675 1737 2714 capite

1043 2728 1124 2759 civis
1143 2726 1330 2759 indemnati
1355 2726 1481 2758 tulisti?
1509 2730 1625 2757 vetant
1647 2725 1738 2766 leges
