1876 3025
305 186 367 216 DE
399 185 669 217 VERBORUM
704 183 1111 215 SIGNIFIGATIONE
1146 183 1237 213 LlB-
1270 183 1396 214 XVII.

142 282 378 333 Sterilam,g
400 283 605 324 sterilem.

142 349 332 390 Sterilem
351 350 557 390 mulierem
576 348 859 402 appellabant,
883 359 1015 401 quam
1036 346 1172 388 Graecz‘
1190 348 1336 401 στεῖραν

1494 174 1579 215 899

1399 278 1577 331 [PAUL.

1412 345 1576 399 [FEST.

198 417 350 467 dicunt,
374 431 473 471 quae
494 431 579 458 non
601 416 721 470 capit
738 430 865 457 semen
884 413 1075 470 genitale.

146 482 376 538 Seplasia‚¹¹
397 490 475 526 aut
506 484 746 539 Seplasiam,
774 483 845 524 ubi
865 494 1114 539 unguentum
1142 484 1462 524 memorabatur
1484 496 1583 537 pre-

198 551 359 594 tiosum.
404 550 655 605 Pomponius
674 553 718 592 in
739 551 974 605 Adelphis:
1008 551 1070 592 Di
1089 558 1126 592 te
1139 550 1317 605 perdant
1332 551 1472 600 inferi,
1488 550 1582 591 An-

200 618 328 671 tipho,
349 619 445 674 quia
466 618 571 659 unde
600 619 670 659 hoc
693 624 943 674 unguentum
965 620 1037 669 sit,
1059 619 1230 674 Ψωφίς,-
1260 619 1377 674 atqui
1407 616 1584 672 lepidum

201 685 316 726 unde
338 693 602 739 unguentum,
622 686 700 726 nisi
719 700 765 726 ex
790 685 973 740 Seplasia
990 693 1072 728 est.

148 751 413 805 Stipatoresi
434 754 498 794 ait
517 759 526 777 ¹
546 754 690 796 dictos
710 767 737 795 a
757 755 887 807 stipe,
913 768 1047 809 quam
1080 755 1295 797 mercedis
1318 754 1488 796 nomine
1511 766 1583 794 ac-

747 893 966 905 “amnteo

192 970 207 998 1
235 967 313 1000 vet.
329 968 387 999 lib.
403 968 450 999 az't
471 969 610 1000 Verrius.

793 1098 936 1130 NOTAE

191 1187 206 1210 g
228 1182 390 1223 Stet-itam]
417 1182 535 1215 Sterz'la
560 1193 621 1223 pro
647 1184 774 1219 sterilis,
803 1188 841 1214 ut

149 1232 332 1263 ‘sublima’
358 1233 446 1273 apud
471 1235 608 1266 Lucret.
629 1244 689 1274 pro
715 1240 724 1253 ‘
739 1236 840 1266 subli-

149 1281 210 1312 mis
225 1281 252 1313 :⁷
269 1287 277 1299 ‘
289 1282 447 1314 Gracila'
466 1284 570 1315 Lucil.
583 1293 643 1324 pro
660 1286 668 1302 ‘
684 1285 843 1325 gracilis,'

149 1334 213 1364 &c-
236 1334 334 1364 Idem.

191 1382 206 1403 *¹
229 1384 385 1425 Seplasia]
408 1385 496 1417 Vide
524 1391 599 1427 post
629 1386 845 1419 ‘sentinare.'

152 1433 232 1463 Dae.

192 1482 201 1503 ί
223 1483 413 1525 Stipatores]
446 1486 579 1517 Deesse
594 1486 670 1517 mihi
689 1487 844 1518 videntur

152 1533 280 1574 aliquot
308 1535 422 1571 verba,
450 1537 569 1576 quibus
601 1536 692 1568 dicat
719 1536 784 1578 (vel
806 1538 844 1568 ab

149 1584 241 1624 stipo,
261 1586 340 1624 quod
364 1588 409 1615 est
425 1584 539 1626 firmo)
563 1588 643 1617 unde
668 1590 697 1618 et
720 1589 845 1628 stipam,

150 1634 204 1672 Ere.
241 1634 424 1665 Justinian.
441 1635 498 1666 lib.
517 1645 573 1668 111.
592 1637 743 1669 Institut.
758 1640 766 1655 ‘
779 1639 846 1669 Sti—

151 1682 267 1722 pulum
296 1683 384 1724 apud
408 1685 550 1716 Veteres
573 1684 705 1717 firmum
731 1688 845 1727 appel-

151 1732 296 1768 labatur,
334 1733 424 1765 forte
451 1744 470 1764 a
501 1735 588 1775 stipe
624 1736 845 1769 descendens.

152 1783 243 1814 Hinc
259 1783 432 1823 stipulatio
445 1784 537 1816 dieta
554 1785 626 1816 est!
649 1787 726 1818 Ant.
740 1787 825 1826 Aug.

193 1833 382 1874 Stipatores]
406 1835 516 1874 Stipa,
533 1845 607 1876 quae
623 1836 678 1867 hic
693 1843 845 1877 vocatur,

152 1888 204 1914 est
219 1893 315 1922 crux,
332 1893 391 1914 seu
408 1885 594 1924 patibulum
612 1885 714 1922 humi,
732 1892 767 1917 ut
781 1892 845 1918 tro-

153 1933 299 1974 pliaeum,
316 1934 531 1974 destitutum,
546 1936 600 1966 cni
619 1937 768 1976 argillam
787 1937 846 1968 im-

154 1988 284 2023 ponunt
301 1985 434 2024 plastae‚
451 1990 489 2016 ut
505 1986 694 2023 simulacra,
706 1997 780 2027 quae
792 1997 847 2018 ve-

154 2033 229 2068 lint,
246 2033 448 2066 deforment.
494 2035 607 2066 Graeci
630 2042 754 2068 vocant
777 2036 848 2069 κάν-

154 2085 259 2118 ναβυν.
302 2085 527 2116 Tertullianus
556 2086 589 2116 in
623 2086 848 2128 Apologetico

155 2133 196 2163 de
213 2143 252 2164 eo
277 2133 448 2174 intelligit,
468 2145 542 2166 cum
569 2136 634 2168 ait:
661 2140 669 2154 ‘
685 2137 848 2169 Crucibus

156 2188 191 2214 et
218 2183 391 2222 stipitibus
431 2184 605 2224 imponitis
630 2186 852 2228 Christianos,

156 2231 244 2273 quod
278 2233 491 2264 simulacrum
520 2244 585 2265 non
611 2236 702 2276 prius
730 2239 851 2277 argilla

157 2281 338 2321 deformat,
353 2284 496 2314 cruciet
512 2285 621 2325 stipiti
639 2292 850 2326 superstruc-

158 2332 233 2362 ta?'
264 2338 298 2363 et
329 2333 438 2364 infra:
473 2335 656 2366 ‘Diximus
684 2338 847 2377 originem

158 2382 309 2413 Deorum
325 2388 509 2414 vestrorum
525 2395 543 2415 a
559 2386 678 2424 plastis
695 2386 737 2417 de
751 2398 850 2419 cruce

159 2431 294 2461 induci?
337 2433 403 2463 Sed
431 2434 486 2474 qui
510 2436 662 2475 sequitur
687 2436 792 2475 locus,
815 2442 851 2468 ut

160 2481 270 2511 obiter
303 2481 424 2519 dicam,
460 2490 637 2524 corruptus
672 2491 725 2516 est
761 2487 851 2527 apud

162 2531 304 2561 eundem
335 2532 592 2565 eruditissimum
624 2536 849 2576 scriptorem:

161 2580 303 2619 ‘Sipara
329 2581 386 2610 illa
410 2582 616 2623 vexillorum,
636 2590 670 2616 et
696 2587 851 2618 candela-

162 2629 296 2660 brorum
311 2631 406 2661 stolae
424 2633 570 2663 crucium
587 2635 690 2666 sunt.’
722 2637 853 2678 Legen-

163 2679 241 2709 dum
269 2680 375 2710 enim:
401 2680 512 2720 Sipara
532 2683 587 2713 illa
608 2685 801 2721 vexillorum,
823 2692 853 2719 et

163 2729 271 2759 candes
296 2729 479 2767 labarorum,
503 2733 588 2763 stolae
609 2735 746 2766 crucium
769 2741 851 2768 sunt.

896 1184 1024 1215 Notum
1042 1183 1191 1216 labarum
1215 1184 1305 1216 inter
1322 1185 1417 1225 signa
1433 1185 1589 1216 militaria

895 1234 1014 1272 fuisse,
1032 1244 1074 1264 ex
1091 1235 1159 1271 illo,
1180 1238 1216 1265 ut
1234 1245 1274 1265 ex
1289 1241 1447 1275 antenna,
1465 1236 1590 1276 pende-

896 1284 952 1315 bat
969 1284 1109 1325 candyS‚
1134 1285 1222 1325 quod
1251 1290 1303 1316 est
1330 1295 1434 1326 genus
1452 1286 1590 1325 paluda-

894 1335 999 1365 menti
1016 1334 1197 1365 barbarici.
1230 1334 1349 1375 Itaque
1367 1336 1399 1366 in
1419 1335 1591 1366 veteribus

895 1385 1120 1416 monumentis
1136 1385 1185 1415 ita
1202 1385 1318 1416 visitur
1333 1395 1465 1425 semper
1478 1386 1591 1417 Laba-

895 1444 967 1466 rum
985 1445 1022 1465 ea
1039 1434 1145 1465 forma
1158 1435 1307 1475 pictum:
1324 1445 1432 1477 neque
1448 1437 1591 1467 multum

896 1485 1025 1524 negotii
1048 1483 1112 1515 fuit
1138 1485 1360 1517 Constantino
1385 1485 1472 1527 Imp.
1500 1487 1533 1518 id
1557 1487 1591 1518 in

896 1535 1043 1574 speciem
1060 1535 1169 1565 crucis
1192 1536 1407 1571 concinnare,
1427 1547 1501 1567 cnm
1519 1538 1591 1577 jam

898 1589 1123 1616 transversum
1152 1590 1307 1616 antennae
1329 1587 1440 1626 specie
1467 1587 1591 1626 lignum

896 1634 1047 1665 haberet.
1096 1636 1218 1665 Gaudes
1230 1645 1311 1675 ergo
1328 1642 1405 1667 sunt
1422 1635 1559 1676 κάνδυες,
1573 1647 1593 1667 a

897 1685 1104 1715 nominativo
1131 1686 1264 1725 Candys.
1311 1686 1386 1717 Non
1407 1687 1525 1725 ignoro
1543 1692 1593 1717 ta-

897 1743 974 1764 men
1012 1735 1044 1764 in
1081 1735 1222 1765 veterib.
1260 1735 1354 1766 libris
1390 1736 1593 1767 Tertulliani

900 1784 1125 1814 Cantabrorum
1141 1784 1230 1823 legi:
1247 1789 1284 1815 ut
1303 1786 1402 1816 etiam
1421 1786 1509 1826 apud
1529 1786 1592 1816 Ar-

898 1834 1051 1865 nobinm:
1071 1840 1240 1874 praeterea
1256 1836 1422 1866 Labarnm
1440 1842 1593 1876 tempore

897 1884 1097 1915 Tertulliani
1127 1895 1190 1915 non
1223 1885 1338 1917 fuisse.
1385 1887 1499 1918 Quare
1529 1888 1592 1919 hoc

899 1935 997 1966 modo
1014 1933 1281 1968 labefactabi'tur
1304 1937 1502 1977 conjectura
1519 1948 1594 1968 nos·

899 1988 963 2016 tra.
986 1985 1056 2015 Jos.
1074 1984 1157 2016 Scal.

943 2036 1134 2077 Stipatores]
1161 2037 1300 2068 Frustra
1316 2042 1365 2069 est
1379 2039 1518 2069 Verrius
1540 2040 1596 2080 qui

900 2086 1082 2126 stipatores
1099 2096 1116 2117 a
1133 2088 1234 2127 stipe,
1257 2098 1333 2119 nam
1355 2090 1536 2129 stipatores
1561 2095 1596 2121 et

902 2137 1005 2176 stipes
1029 2147 1048 2167 a
1076 2137 1257 2177 stipando:
1284 2139 1412 2178 stipare
1441 2146 1552 2170 autem
1577 2150 1596 2171 a

901 2185 1018 2225 στύπω,
1045 2187 1228 2218 condenso.
1273 2188 1359 2220 Inde
1388 2189 1488 2220 etiam
1513 2191 1596 2231 stipa

903 2246 963 2276 pro
979 2240 1079 2276 stupa.
1126 2238 1240 2270 Quare
1255 2238 1339 2270 bene
1356 2240 1493 2271 Servius
1513 2242 1544 2271 in
1570 2251 1595 2274 1.

904 2287 1034 2318 AEneid.
1057 2288 1065 2304 ‘
1088 2288 1238 2328 Stipant,
1262 2289 1418 2329 densant,
1454 2292 1597 2322 transla-

903 2336 950 2366 tio
969 2345 986 2365 a
1005 2336 1157 2376 navibus,
1172 2337 1204 2367 in
1221 2338 1342 2378 quibus
1370 2344 1469 2380 stupa
1493 2341 1597 2372 iuter-

905 2385 1042 2424 ponitur
1060 2387 1161 2425 vasis,
1186 2397 1283 2427 quam
1308 2389 1430 2429 stipam
1457 2391 1600 2423 dicunt!

904 2437 949 2466 Et
966 2436 1014 2466 sic
1031 2437 1161 2476 melius,
1178 2449 1274 2479 quam
1293 2440 1320 2470 si
1339 2441 1380 2471 ad
1399 2441 1463 2472 duo
1482 2449 1597 2483 etyma

905 2496 1070 2527 recurraS,
1086 2487 1134 2519 ita
1146 2494 1183 2519 ut
1194 2490 1338 2530 stipator,
1352 2496 1386 2522 et
1398 2493 1492 2533 stipes
1503 2503 1598 2524 num-

906 2547 978 2568 mus
1002 2538 1069 2569 sint
1095 2548 1113 2569 a
1136 2540 1263 2580 stipare,
1280 2545 1314 2572 et
1332 2542 1419 2573 istud
1438 2554 1455 2573 a
1472 2543 1597 2583 στείβω,

907 2588 999 2618 calco
1015 2599 1022 2617 ι
1045 2589 1126 2628 stipa
1141 2600 1220 2621 vero
1235 2597 1268 2621 et
1285 2592 1392 2631 stipes,
1407 2592 1504 2624 fustis
1530 2600 1595 2624 ter-

907 2647 953 2668 rae
989 2638 1186 2675 destitutus,
1211 2651 1229 2671 a
1263 2641 1382 2681 στύπω,
1417 2644 1598 2676 condenso..

907 2688 1005 2718 Unde
1022 2690 1136 2729 στύπη,
1159 2695 1271 2731 stupa,
1293 2696 1327 2723 et
1351 2692 1478 2733 στύπος,
1505 2698 1597 2724 trun-

908 2748 979 2779 cuS,
1003 2740 1144 2771 caudex.
1167 2741 1246 2772 Dae.
