1876 3025
285 165 397 206 1140
728 171 878 204 SEX‘m
912 171 1115 202 POMPEII
1149 171 1286 202 FEs‘m

282 270 386 323 pulo
413 269 507 311 fieri
536 267 813 323 pergentis.¹⁶
872 267 1089 320 Stuppam
1123 266 1261 306 linum
1295 265 1546 319 impolitum
1579 266 1733 320 appel-

282 337 374 378 lant
390 337 538 379 Graeci
564 336 706 377 Dorii.
763 335 895 376 Stura
917 335 1076 375 flumen
1097 334 1143 374 in
1161 347 1265 386 agro
1287 334 1492 374 Laurenti
1510 337 1588 383 est,
1613 333 1732 387 quod

283 404 460 458 quidam
483 403 605 457 [126]
631 402 840 446 Asturam
863 406 1033 443 vocant.
1094 399 1255 441 Suberss
1280 399 1420 450 arbor,
1442 413 1494 441 ac
1516 400 1732 451 suberies,

281 486 367 526 qua
387 471 587 512 natabant
617 469 661 510 in
689 470 894 510 thermi.¹⁷
956 467 1174 510 Sterilemh
1211 466 1417 508 mulierem
1446 466 1732 521 appellabant,

283 553 415 592 quam
438 537 575 580 Graeci
594 538 744 593 στεῖραν
762 536 901 577 dicant
918 553 932 581 ;
963 549 1064 589 quae
1093 549 1182 577 non
1207 535 1360 589 cipit¹8
1394 548 1519 575 semen
1538 534 1731 589 genitale.

286 603 494 658 Seplasia,
518 609 592 645 aut
615 603 863 658 Seplasiam,
886 604 957 644 ubi
977 610 1231 658 unguentum
1243 604 1565 644 memorabatur
1577 601 1734 655 pretio-

280 687 381 713 sum.
443 670 697 726 Pomponius
721 673 763 712 in
786 671 999 726 Adelphis
1017 688 1029 711 .·
1054 669 1117 711 Di
1139 678 1175 712 te
1190 670 1367 726 perdant
1385 670 1509 711 inseri
1529 669 1733 723 Antipho,

280 740 378 795 quia
418 739 524 780 unde
565 739 635 780 lzoc
668 743 922 794 unguentum
954 740 1025 788 sit,
1055 738 1232 792 quaerz's,·
1263 738 1380 793 atqui
1413 736 1586 792 lepidum
1617 736 1731 777 unde

278 813 554 859 unguentum,
574 807 653 847 uisi
675 821 721 847 ex
738 805 923 860 Seplasia
944 807 1044 847 est?
1077 806 1314 847 Stultorum
1320 804 1446 861 feriae
1468 802 1734 858 appellabam·

279 880 348 915 tur
371 874 630 925 Quirinalia,
652 874 724 930 qui
744 881 832 916 erat
855 873 935 914 dies
951 872 1090 928 festus
1122 872 1211 923 Qui
1246 873 1375 927 primi
1390 878 1422 905 '9
1453 871 1565 926 quod
1595 885 1638 912 eo
1668 870 1734 912 die

283 939 461 983 Quirino
480 942 723 983 sacrificant
754 942 800 991 ii,
823 941 894 996 qui
914 940 1079 981 solemni
1101 940 1165 981 die
1186 947 1258 980 aut
1277 953 1366 981 non
1394 945 1626 994 potuerunt
1648 952 1732 979 rem

279 1007 459 1048 divinam
483 1007 647 1065 facere,
678 1014 751 1051 aut
781 1010 1071 1062 ignoraverunt
1102 1022 1267 1048 suorum
1296 1008 1579 1049 fornacalium
1600 1020 1735 1046 sacro-

279 1089 369 1114 rum
391 1076 510 1123 diem,
533 1077 862 1130 commissumq.
877 1076 1088 1130 piaculum
1111 1075 1331 1131 eapiabant
1346 1087 1482 1115 morae
1497 1086 1509 1113 t
1526 1080 1613 1128 atq.
1628 1071 1736 1127 quod

278 1143 358 1182 suis
380 1157 458 1183 ηοη
463 1143 675 1199 jecerant,
699 1144 817 1198 quib.
841 1143 1158 1197 permittebatur
1164 1142 1307 1198 feriis,
1335 1156 1493 1182 sacrum
1499 1139 1734 1195 faciebant.

280 1208 518 1250 Sanctumi
551 1209 611 1249 ait
630 1210 711 1250 dici
736 1208 897 1263 Opilius
926 1208 1146 1259 Aurelius,
1168 1209 1284 1263 quod
1306 1223 1374 1249 nec
1395 1222 1553 1248 sacrum
1572 1212 1644 1258 est,
1664 1219 1734 1246 nec

280 1276 528 1332 religiosum.
606 1277 668 1318 At
692 1278 837 1317 AElius
862 1276 983 1327 Stilo,
1014 1276 1124 1331 quod
1150 1284 1328 1331 utrumq.
1357 1289 1434 1316 esse
1453 1275 1669 1323 videatur,
1697 1279 1735 1313 et

275 1358 434 1385 sacrum
456 1344 618 1394 scilicet,
650 1351 687 1383 et
719 1343 980 1399 religiosum:
1015 1345 1169 1398 pleriq.
1201 1349 1363 1393 autem,
1389 1341 1497 1398 quod
1527 1342 1577 1391 ei,
1600 1341 1671 1396 qui
1690 1340 1735 1381 id

277 1410 463 1461 violavit,
485 1424 617 1465 poena
644 1412 714 1460 sit,
745 1411 930 1452 multave
960 1410 1143 1454 sancum,-
1177 1424 1224 1451 se
1254 1414 1434 1464 ponetur
1448 1414 1484 1432 ²0
1513 1422 1592 1463 pro
1620 1422 1733 1448 sacro

278 1483 453 1518 tantum.
520 1475 634 1517 Unde
654 1481 695 1518 et
719 1477 893 1518 sanctio
915 1477 1034 1518 dicta
1057 1476 1215 1532 legum:
1236 1483 1374 1517 sancta
1400 1476 1494 1516 item
1526 1480 1570 1517 et
1604 1488 1732 1528 roga-

276 1545 361 1586 tio:
382 1545 456 1598 qui
472 1550 483 1568 ¹
516 1543 742 1586 concionem
761 1544 923 1599 rogavit
937 1560 951 1588 ,·
988 1543 1027 1583 T
1025 1558 1058 1584 r.
1074 1542 1137 1597 pl.
1160 1544 1396 1598 Sanqualis
1418 1544 1514 1585 avis
1542 1541 1733 1596 appella-

278 1622 361 1662 tur,
382 1626 470 1667 quae
491 1612 533 1652 in
556 1612 865 1653 commentariis
887 1610 1158 1664 auguralibus
1188 1609 1396 1665 ossifraga
1429 1610 1604 1658 dicitur,
1627 1610 1734 1664 quia

276 1679 321 1719 in
344 1678 477 1734 Saugi
500 1678 583 1720 Dei
602 1680 741 1720 tutela
754 1684 840 1719 est.
899 1679 1203 1720 Saccomorum
1218 1675 1232 1699 ¹<
1250 1692 1378 1732 genus
1395 1684 1450 1718 est
1467 1676 1590 1731 [127]
1612 1675 1735 1716 arbo-

277 1747 348 1797 ris,
368 1761 490 1801 quam
511 1745 666 1787 dictam
696 1746 970 1799 Pomponius
991 1746 1052 1786 ait
1073 1759 1121 1785 ex
1133 1744 1235 1797 fico,
1269 1752 1306 1786 et
1325 1750 1450 1795 mor,²
1480 1744 1596 1799 quod
1619 1743 1732 1785 ficus

279 1827 331 1855 ea
352 1814 404 1854 sit
423 1821 461 1855 et
483 1828 615 1855 morus
632 1829 643 1853 :
665 1813 772 1854 unde
791 1826 948 1855 nomen
963 1826 1039 1867 per
1054 1826 1199 1854 moron
1216 1820 1254 1853 et
1269 1827 1386 1868 sycon
1405 1812 1636 1853 deductum
1650 1814 1734 1852 est.

279 1880 449 1922 Lolem³
473 1881 553 1922 clici
574 1881 650 1932 ait,
673 1881 782 1936 quod
805 1881 910 1922 solus
938 1881 1006 1923 sit.
1069 1879 1262 1921 Eundem
1284 1881 1416 1922 modo
1437 1878 1589 1928 Solem,
1616 1876 1732 1917 modo

281 1947 517 2001 Apollinem
537 1948 700 1989 vocari:
730 1953 778 1990 tu
810 1961 858 1989 es
880 1947 1059 2001 Apollo,
1092 1954 1136 1988 ut
1161 1954 1219 1988 est
1246 1948 1289 1988 in
1317 1947 1492 1988 carmine
1520 1944 1732 1986 Saeculari.

282 2013 485 2058 Sacrem¹
510 2030 681 2070 porcum
711 2015 792 2056 dici
821 2015 881 2057 ait
917 2013 1107 2066 Verrius,
1139 2015 1212 2056 ubi
1237 2015 1330 2069 jam
1363 2029 1387 2054 a
1410 2020 1537 2068 partu
1560 2012 1732 2052 habetur

884 2134 1124 2147 ”eeeeeeaeeaee

325 2213 365 2241 16
388 2210 413 2242 f.
437 2211 673 2251 pergetis.—-1⁷
708 2209 732 2241 f.
762 2211 988 2243 {hermis—18
1012 2211 1034 2242 f.
1062 2209 1291 2251 concipie.-—19
1321 2208 1347 2241 f.
1378 2208 1603 2245 Quirini.—20
1633 2206 1657 2238 f.
1677 2208 1730 2238 sed

277 2254 478 2293 ponamin—l
503 2252 527 2284 f.
543 2254 731 2293 quique.—2
756 2252 779 2283 f.
795 2257 954 2285 mora-3
980 2254 1095 2286 Solem.

932 2348 1079 2382 NOTAE

324 2419 339 2441 ἕ
363 2413 478 2453 Suber]
501 2412 590 2444 Vide
607 2413 641 2443 in
663 2413 869 2446 ‘Suberies.‘
1073 2414 1088 2435 Ι(
1111 2414 1343 2454 Saccomorum]
1369 2411 1519 2442 Isidorus
1546 2410 1602 2441 lib.
1635 2418 1729 2441 xvn.

323 2464 337 2483 ¹¹
363 2463 523 2503 Sterz'lem]
547 2463 699 2494 Verbum
714 2464 804 2504 cipit,
820 2464 908 2505 quod
925 2468 977 2495 est
1029 2474 1105 2504 cap.
1134 2467 1165 2496 7.
1189 2465 1198 2480 ‘
1213 2465 1427 2504 Sycomorns,
1451 2461 1533 2492 ficus
1557 2466 1592 2491 et
1614 2470 1728 2491 morus

278 2514 314 2557 >in
333 2513 533 2553 exemplari,
559 2517 672 2552 potest
696 2512 790 2549 ferri,
806 2515 833 2545 si
857 2514 889 2545 id
909 2524 976 2545 ma·
1030 2519 1108 2545 sunt
1125 2514 1247 2545 Graeca
1262 2511 1431 2544 nomina:'
1458 2511 1489 2541 in
1513 2510 1657 2550 vulgatis
1678 2514 1727 2540 ta-

276 2564 346 2603 jus,
364 2572 461 2603 quam
478 2562 622 2603 concipit.
1030 2573 1106 2594 men
1131 2564 1210 2594 sicut
1239 2573 1299 2603 pro
1325 2561 1406 2602 ficus
1436 2567 1598 2601 corrupte
1620 2560 1726 2600 scrip-

329 2612 336 2631 *
367 2612 532 2651 Sanctum]
571 2613 746 2644 Videndus
779 2613 976 2645 Macrobius
1031 2618 1100 2644 tum
1120 2617 1181 2643 est.

282 2664 315 2693 in
334 2663 582 2699 Saturnalibus,
607 2664 696 2696 unde
721 2665 791 2696 baec
816 2666 976 2707 suppleta
1071 2663 1078 2683 ¹
1105 2662 1246 2702 sacrem]
1271 2662 1357 2692 Cato
1382 2660 1542 2691 adversus
1557 2660 1598 2691 Q.
1614 2658 1726 2689 Minu-

280 2718 368 2746 sunt.
1032 2715 1119 2745 cium
1135 2713 1313 2744 Thermum
1340 2710 1465 2742 citatur
1489 2710 1521 2739 in
1547 2709 1610 2740 hoc
1636 2707 1723 2747 frag-
