1876 3025
644 142 1006 172 FRAGMENTUM.
1450 129 1561 171 1165

111 252 259 287 unum,
289 237 367 279 ubi
397 249 510 277 nunc
545 239 611 277 est
642 236 751 277 aedis
782 236 1043 277 Concordiae
1074 237 1183 277 inter
1213 235 1485 289 Capitolium
1517 242 1564 278 et

111 308 300 357 Forum3
333 306 376 345 in
398 318 487 359 quo
511 304 718 346 solebant
739 305 1022 357 magistratus
1047 304 1103 345 D.
1123 302 1194 344 ¹116
1228 316 1325 344 cum
1355 305 1564 346 seniorib.

112 374 383 414 deliberare:
415 367 623 422 alterum,
645 372 700 413 ad
731 376 903 425 portam
937 371 1188 425 Capenam:
1226 372 1413 420 tertium,
1454 372 1564 413 citra

111 441 250 482 aedem
268 441 482 490 Bellonae,
504 441 546 481 in
569 453 659 494 quo
682 444 929 481 exterarum
950 440 1176 479 nationum
1198 439 1367 490 legatis,
1390 451 1499 492 quos
1520 439 1564 479 in

109 509 260 550 urbem
283 508 505 549 admittere
526 509 745 556 nolebant,
778 512 956 548 senatus
979 507 1178 547 dabatur.
1238 506 1414 547 Scholae
1436 506 1565 547 dietae

109 580 226 625 sunt,
248 589 335 616 non
353 577 408 616 ab
430 576 518 616 otio
541 589 592 617 ac
613 576 847 616 vacatione
870 576 1002 624 omni,
1033 575 1111 615 sed
1134 574 1268 628 quod,
1291 574 1450 615 ceteris
1471 574 1562 614 rebu

110 644 302 693 omissis,
317 656 476 684 vacare
497 643 712 684 liberalib.
734 643 892 684 studiis
914 643 1037 696 pueri
1054 643 1230 692 debent,
1246 647 1296 683 ut
1315 643 1448 683 etiam
1471 641 1565 682 ludi

111 711 405 764 appellantur,
420 712 464 751 in
479 712 640 764 quibus
657 711 832 751 minime
850 711 1099 760 luditur,ne
1112 711 1226 751 tristi
1258 709 1380 763 [154]
1411 709 1562 762 aliquo

109 779 286 818 nomine
305 777 473 830 fugiant
489 777 610 832 pueri
628 792 696 818 suo
699 776 836 832 fungi
855 790 1040 817 munere.
1102 778 1255 818 Subici
1277 777 1378 818 aries
1399 775 1564 826 dicitur,

111 845 183 900 qui
216 845 372 900 agitur,
404 852 449 884 ut
480 845 686 885 caedatur:
727 846 848 899 quod
882 846 932 886 fit
966 848 1032 894 (ut
1064 845 1124 885 ait
1159 846 1339 886 Cincius
1379 845 1421 884 in
1461 843 1564 884 libro

111 911 159 951 de
188 912 314 965 qfficio
330 912 691 966 jurisconsulti27
722 913 926 965 exemplo
963 911 1288 962 Atheniensium,
1321 911 1434 966 apud
1470 926 1566 966 quos

111 979 325 1032 expiandi
370 979 513 1032 gratia
555 980 668 1020 aries
702 978 878 1033 inigitur
923 979 975 1019 ab
1011 993 1069 1028 eo,
1104 980 1175 1034 qui
1206 980 1337 1020 scelus
1371 979 1566 1029 admisit,

111 1059 254 1099 poenae
276 1045 494 1100 pendendae
517 1046 612 1087 loco.
662 1046 841 1101 Speciem
857 1061 989 1100 quam
1005 1060 1084 1088 nos
1099 1048 1303 1097 dicimus,
1320 1045 1407 1094 εἶδος
1431 1045 1567 1086 Graeci

109 1113 315 1153 dixerunt.
380 1111 542 1154 Platon
576 1114 754 1167 quidem
785 1114 937 1155 idean:
980 1113 1091 1153 nobis
1131 1113 1273 1168 species
1306 1129 1386 1167 pro
1426 1113 1565 1154 eadem

104 1182 299 1235 ponitur.
370 1182 582 1223 Sestertir
626 1189 731 1222 nota
777 1181 888 1235 apud
927 1182 1114 1236 antiquos
1142 1180 1241 1236 fuit
1280 1182 1491 1236 dupondi,
1521 1187 1567 1223 et

112 1249 342 1290 semissis:
394 1248 500 1289 unde
550 1249 751 1289 sestertius
798 1249 930 1289 dictus
975 1249 1085 1303 quod
1130 1249 1412 1289 semistertius.
1479 1249 1567 1290 Sed

113 1316 290 1357 auctos8
334 1320 401 1357 est
444 1315 545 1357 bello
586 1314 742 1356 Punico
787 1316 981 1356 secundo.-
1024 1316 1141 1370 apud
1176 1316 1383 1369 antiquos
1421 1322 1567 1358 autem

111 1382 319 1434 denarius,
351 1390 388 1424 et
417 1384 646 1439 quinquesz's
680 1384 723 1424 in
760 1399 832 1424 usu
874 1389 1006 1434 erant,
1042 1390 1087 1424 et
1127 1383 1337 1424 valebant
1371 1384 1568 1424 denarius

110 1450 230 1491 denos
260 1465 378 1502 αεεεε,
400 1451 657 1507 quadrigati,
680 1453 838 1504 bigati:
871 1452 1122 1505 quinquesis
1143 1451 1308 1505 quinos.-
1340 1450 1410 1491 sed
1437 1458 1567 1506 uterq.

111 1525 255 1558 auctus
304 1523 384 1569 est,
434 1533 661 1560 numerum
706 1519 807 1560 aeris
857 1519 1146 1573 perductum
1195 1532 1272 1558 esse
1321 1518 1440 1558 aizmt
1482 1518 1566 1574 lege

114 1583 335 1626 Flaminia
376 1587 520 1626 minus
555 1586 774 1635 solvendi,
806 1599 900 1626 cum
942 1601 1019 1626 aere
1053 1585 1187 1625 alieno
1222 1591 1477 1639 premeretur
1514 1587 1567 1627 P.

114 1651 171 1693 R.
221 1652 374 1694 Solida
402 1653 542 1702 sella,S
574 1654 635 1694 ait
662 1650 842 1702 Verrius,
864 1652 997 1694 sedere
1029 1660 1111 1693 tum
1135 1653 1222 1708 quis
1247 1653 1440 1707 jubetur,
1469 1667 1568 1694 cum

113 1733 239 1760 mane
280 1733 464 1773 surgens,
499 1720 738 1774 auspicandi
775 1721 916 1775 gratia
961 1720 1196 1775 evigilavit,
1230 1722 1351 1775 quod
1397 1721 1569 1775 antiqui

113 1799 310 1840 exprese,
346 1787 490 1842 nihilq.
524 1787 575 1827 ab
610 1787 806 1828 interiore
841 1793 964 1841 parte
1007 1792 1260 1838 excavatas,
1297 1794 1370 1828 aut
1409 1787 1568 1827 laxatas

100 1851 341 1908 faciebant
362 1856 515 1897 sedes:
549 1869 661 1909 quas
694 1853 820 1904 sedes,
854 1854 1002 1895 solidas
1033 1855 1136 1904 z'cleo,
1170 1854 1342 1909 quadiu
1365 1856 1434 1896 his
1464 1855 1569 1895 nihil

115 1928 209 1961 erat
244 1935 490 1967 concavum,
518 1923 691 1962 maxime
724 1921 1013 1976 appellabant,
1047 1924 1187 1975 inquit
1220 1922 1421 1971 Verrius,
1451 1921 1570 1976 quod

116 1987 264 2029 scilicet
293 1997 418 2030 essent
449 1996 567 2030 totae:
599 1990 802 2039 absurde,
834 1996 884 2030 ut
910 1990 1016 2030 mihi
1044 1990 1234 2036 videtur,
1267 2004 1354 2029 cum
1386 2003 1497 2029 omne
1527 1987 1572 2028 zfd

116 2055 224 2110 quod
242 2057 299 2098 sit
319 2062 472 2107 totum,
493 2059 554 2097 ait
574 2058 743 2098 dictum
761 2057 968 2097 solidum.
1032 2056 1213 2096 §ilatum
1236 2056 1398 2111 antiqui
1418 2069 1496 2110 pro
1514 2069 1568 2097 eo

118 2124 235 2177 quod
265 2137 380 2165 nunc
404 2124 702 2178 jantaculumt
736 2123 935 2174 dicimus,
972 2123 1251 2178 appellabant,
1286 2125 1391 2178 quia
1421 2124 1567 2178 jajuni

164 2322 184 2350 6
207 2317 232 2350 f.
248 2320 490 2350 ‹mmmmm—7
515 2318 636 2360 ().—-8
660 2319 683 2352 f.
706 2324 893 2352 auctus.—9
916 2321 940 2352 s.
955 2323 1148 2361 productum.

772 2417 912 2449 NOTAE

163 2484 175 2500 ¹·
197 2478 346 2520 Sesterti]
365 2478 452 2510 Vide
470 2480 502 2510 in
519 2481 528 2497 ‘
541 2481 774 2513 Sextantarii.'
915 2482 924 2501 t
946 2481 1153 2512 Jnntaculum
1170 2485 1205 2510 et
1217 2480 1323 2518 jajzmz'
1340 2485 1392 2510 est
1410 2480 1440 2510 in
1454 2490 1567 2512 exem-

164 2534 175 2549 s
200 2529 308 2560 Solisla
333 2529 423 2569 sella]
467 2530 558 2561 Vide
590 2531 621 2561 in
652 2532 817 2563 ‘Silentio
872 2532 971 2571 plari.
1005 2531 1213 2562 Glossarium
1239 2531 1319 2560 item
1346 2530 1447 2561 habet
1466 2531 1567 2562 ‘Janu

122 2588 260 2618 surgere
274 2579 296 2609 :'
331 2585 367 2610 et
393 2581 425 2610 in
455 2580 618 2612 ‘Silet-e?
655 2583 818 2614 videndus
872 2584 935 2619 tat,
954 2579 1133 2620 ἆκρατίζει.’
1149 2581 1394 2619 ‘Jantaculmn‚
1410 2580 1569 2621 ἄκρατον.’

123 2630 225 2660 etiam
252 2630 368 2660 Livius
395 2630 450 2661 lib.
468 2640 501 2661 x.
522 2641 648 2671 exprese
670 2634 770 2665 unico
792 2644 818 2673 s,
873 2632 983 2663 Quam
1011 2631 1145 2672 quidem
1185 2633 1390 2671 scripturam
1430 2633 1461 2662 in
1494 2634 1567 2664 aliis

124 2682 264 2721 antiqua
282 2680 462 2721 scriptura.
678 2721 682 2725 .
874 2683 973 2713 etiam
988 2684 1226 2723 manuscriptis
1240 2683 1333 2714 libris
1351 2683 1504 2714 vidimus,
