1876 3025
267 129 350 170 740

267 233 458 286 Regium
479 236 561 283 ost,
581 232 702 286 quod
719 237 803 281 est,
827 233 902 272 aut
923 230 1007 271 fuit
1026 230 1154 282 regis.

711 136 857 168 SEXTI
893 135 1091 166 POMPEII
1127 134 1262 166 FES'I'I

1526 228 1703 279 [PAUL.

265 300 467 354 Relegati
483 306 500 322 ²²
529 300 727 341 dicuntur
747 299 937 352 proprie,
961 298 1120 350 quibus
1140 296 1407 350 ignominiae,
1430 299 1507 336 aut
1540 296 1702 351 [FEST.

318 380 465 421 poenae
485 379 622 408 causa
642 378 817 407 necesse
840 370 905 405 est
926 365 982 406 ab
1003 364 1110 404 urbe
1128 363 1289 413 Roma,
1312 364 1456 404 aliove
1485 375 1574 416 quo
1604 363 1703 403 loco

318 435 476 475 abesse
506 434 615 487 lege,
645 433 927 485 Senatusque
964 431 1184 481 consulto,
1206 435 1284 472 aut
1302 430 1446 472 edicto
1472 431 1704 484 magistra-

319 506 409 551 tus,
431 506 481 542 ut
501 502 633 542 etiam
655 501 802 541 AElius
825 500 982 542 Gallus
1003 499 1184 540 indicat.

262 567 482 621 Religioni
502 573 569 609 est
604 568 900 621 quibusdam*
933 570 1060 620 porta
1098 566 1363 607 Carmentali
1391 555 1549 618 egredi,
1580 570 1624 605 et
1660 565 1703 605 in

315 636 410 676 aede
426 636 452 676 J
460 636 545 684 ani,
565 648 665 689 quae
688 638 754 675 est
768 638 894 676 extra
911 640 1044 684 eam,y
1067 638 1265 675 senatum
1285 633 1469 674 habere:
1500 631 1615 685 quod
1649 643 1703 671 ea

317 703 475 755 egressi
507 715 589 742 sex
621 707 664 742 et
700 701 884 742 trecenti
909 701 1036 742 Fabii
1056 700 1175 754 apud
1199 699 1448 741 Cremeram
1470 710 1619 740 omnes
1638 698 1702 737 in-

313 769 482 810 terfecti
501 772 615 818 sunt,
631 781 728 809 cum
746 768 788 808 in
807 768 903 809 aede
924 768 1031 810 Jani
1054 768 1245 809 Senatus
1267 767 1516 808 consultum
1538 765 1701 806 factum

311 840 444 885 esset,
466 837 532 876 uti
554 835 946 888 proficiscerentur.

257 901 532 955 Religionis²
563 902 836 956 praecipuae⁵
872 902 1060 942 habetur
1099 899 1315 941 Censoria
1351 899 1553 954 majesta3‚
1589 897 1701 951 cnjus

317 969 359 1009 in
385 968 498 1009 libris
524 969 572 1009 de
605 969 691 1010 vita
715 968 771 1011 P.
796 967 852 1009 R.
899 968 1034 1009 Varro
1062 966 1250 1021 exempla
1287 965 1364 1007 lzoec
1397 964 1571 1021 profert.
1632 962 1699 1005 Μ.

874 1109 987 1120 eeeeee

296 1200 314 1228 5
341 1195 425 1228 Ead.
443 1196 497 1227 ed.
510 1196 679 1236 proecz'pue‘.

991 1108 1105 1120 eeeeee

909 1304 1048 1335 NOTAE

292 1384 305 1399 υ
331 1378 492 1418 Relegatz']
518 1378 661 1409 Exulum
683 1378 749 1409 tria
770 1377 864 1409 fuere
890 1389 946 1417 ge-

249 1439 359 1467 nera;
391 1430 449 1460 alii
480 1429 666 1468 interdicti,
697 1429 836 1469 relegati
876 1429 945 1466 alii,

248 1479 304 1510 alii
335 1479 521 1519 deportati.
575 1478 758 1510 Interdicti
790 1480 949 1510 dicuntur

247 1529 369 1568 quibus
386 1529 602 1559 interdictum
621 1534 673 1559 est
690 1530 777 1559 certi
796 1530 859 1559 loci
878 1529 947 1559 adi-

246 1584 283 1609 tu
301 1579 585 1620 commercioque.
629 1579 801 1619 Relegam
818 1581 869 1610 vel
887 1581 944 1620 qui

245 1629 279 1658 in
313 1629 420 1659 locum
451 1629 596 1669 aliquem
628 1630 866 1667 amandantur,
894 1630 945 1659 vel

245 1678 302 1718 qui
336 1682 431 1709 certo
467 1678 609 1719 quodam
650 1679 723 1709 loco
754 1679 944 1718 ignominiae

245 1738 349 1758 causa
367 1728 534 1768 jubentur
556 1728 736 1763 excedere,
755 1739 821 1769 quo
844 1738 944 1759 sensu

244 1778 388 1816 relegati
413 1778 570 1808 dicuntur
596 1778 650 1818 qui
677 1778 852 1809 interdicti
871 1788 944 1817 pro-

244 1828 316 1868 prie
333 1833 423 1859 sunt.
470 1828 653 1867 Deportati
680 1838 772 1867 vero,
792 1829 845 1868 qni
863 1829 943 1859 civi-

244 1882 317 1908 tate
346 1887 404 1908 sua
435 1878 569 1908 multati
601 1878 703 1908 vincti
743 1888 845 1909 nervo
884 1884 942 1909 aut

243 1927 464 1967 compedibus
481 1927 514 1957 in
531 1927 643 1957 navim
669 1927 811 1967 aliquam
836 1928 941 1967 impo-

242 1976 421 2011 nebantur,
450 1977 622 2016 servisque
651 1976 795 2015 publicis
824 1982 861 2007 ut
883 1987 940 2007 eos

242 2025 277 2055 iu
293 2026 432 2056 insulam
455 2024 690 2061 transferrent,
707 2026 941 2057 tradebantur.

242 2074 295 2105 De
311 2075 373 2106 hac
391 2075 631 2114 deportatione
642 2076 777 2107 Terent.
790 2077 822 2106 in
835 2077 941 2107 Phor-

240 2125 364 2156 mione.
411 2129 418 2141 ‘
433 2125 554 2156 Nonne
577 2125 640 2156 hoc
664 2125 846 2165 publicitus
867 2135 941 2157 sce·

241 2175 293 2205 lus
324 2175 401 2205 hinc
433 2175 644 2215 deportarier
682 2176 716 2206 in
746 2177 833 2207 solas
873 2181 940 2207 ter-

242 2224 329 2255 ras?
353 2225 441 2256 Vide
460 2225 642 2257 Hotoman.
658 2225 700 2257 de
719 2226 939 2267 verbisjuris.

242 2275 340 2306 Idem.

282 2330 298 2344 x
326 2325 486 2363 Religioni
498 2329 542 2356 est
558 2326 754 2366 quibusdam]
778 2326 880 2358 Ovid.
896 2336 938 2358 11.

243 2374 337 2405 Fast.
366 2377 577 2407 ‘Carmentis
609 2381 717 2416 portae
743 2377 864 2407 dextro
887 2383 940 2407 est

243 2426 297 2455 via
313 2425 467 2464 proxima
481 2426 592 2457 Jano:
618 2426 672 2456 Ire
691 2435 751 2465 per
767 2426 853 2457 lianc
880 2436 939 2457 no-

240 2474 276 2508 li,
300 2475 448 2514 quisquis
465 2484 500 2504 es
514 2485 523 2512 3
539 2484 637 2505 omen
654 2475 768 2506 habet.
811 2475 875 2505 Illa
890 2475 938 2506 fa·

241 2532 297 2553 ma
323 2522 428 2554 refert
462 2523 585 2554 Fabios
617 2525 725 2554 exisse
756 2529 938 2556 trecentos.

244 2572 349 2603 Porta
374 2578 472 2603 vacat
492 2574 603 2612 culpa,
629 2573 688 2604 sed
713 2579 822 2604 tamen
841 2583 938 2604 omen

241 2621 368 2652 habet.’
394 2622 478 2652 Vide
493 2624 502 2639 ⁴
513 2623 681 2654 scelerata
695 2623 823 2653 Porta!
840 2624 937 2654 Idem.

286 2676 297 2695 ἵ
323 2672 365 2703 Et
381 2672 414 2702 in
427 2673 493 2703 cede
508 2673 673 2713 Jani‚quae
688 2677 732 2704 est
750 2677 840 2705 extra
858 2673 938 2713 eam]

1001 1378 1054 1409 Ad
1072 1378 1225 1408 dextram
1251 1375 1353 1406 fuisse
1377 1374 1485 1405 aedem
1501 1372 1578 1404 Jani
1600 1378 1699 1413 porta

1001 1428 1207 1460 Carmentali
1224 1424 1488 1467 egredientibus,
1504 1422 1602 1453 tidem
1616 1421 1698 1453 facit

1001 1478 1141 1518 insignis
1165 1478 1257 1507 locus
1284 1476 1369 1506 Livii
1391 1474 1447 1505 lib.
1474 1482 1512 1504 11.
1536 1477 1619 1503 sect.
1644 1475 1698 1503 49.

1001 1528 1010 1545 ⁶
1024 1527 1159 1558 Infelici
1178 1527 1241 1561 via,
1257 1526 1377 1557 dextro
1389 1525 1476 1556 Jano
1492 1529 1597 1564 portae
1615 1524 1696 1554 Car-

1001 1578 1158 1609 mentalis
1186 1574 1357 1617 profecti‚'
1383 1573 1511 1615 (Fabii)
1534 1576 1542 1590 ‘
1557 1574 1597 1603 ad
1615 1575 1696 1604 Cre-

999 1637 1124 1658 meram
1141 1636 1271 1657 amnem
1287 1622 1511 1665 perveniunt.’
1534 1623 1632 1653 Idem.

1041 1684 1054 1699 z
1077 1677 1268 1718 Religionis]
1295 1675 1360 1706 Hic
1387 1675 1494 1705 multa
1519 1673 1655 1704 fuerunt
1677 1683 1697 1703 a

998 1729 1102 1759 Festo
1126 1727 1262 1767 scripta=
1280 1736 1356 1766 quae
1382 1724 1534 1755 divinare
1550 1733 1614 1754 non
1639 1733 1696 1763 po-

1000 1779 1132 1809 tuimus.
1180 1777 1349 1808 Videntur
1366 1782 1477 1806 tamen
1494 1774 1605 1805 omnia
1622 1783 1697 1814 per-

998 1829 1135 1858 tinuisse
1150 1827 1191 1857 ad
1202 1828 1380 1858 Censores.
1403 1826 1442 1856 In
1460 1824 1579 1864 quibus
1593 1833 1695 1853 unum

997 1883 1061 1916 est,
1092 1877 1181 1917 quod
1213 1877 1346 1907 Plinius
1379 1875 1483 1906 tradit
1514 1874 1573 1904 lib.
1604 1882 1695 1904 xvn.

996 1936 1070 1966 cap.
1092 1930 1145 1957 25.
1170 1925 1333 1960 ‘Rotuae‚’
1358 1925 1479 1965 inquit,
1508 1925 1564 1954 ‘in
1596 1922 1695 1963 Capi-

996 1977 1079 2006 tolio
1096 1978 1128 2006 in
1145 1976 1259 2015 capite
1286 1975 1335 2005 bis
1360 1975 1456 2007 Jovis
1474 1973 1561 2004 bello
1578 1971 1695 2003 Persei

996 2031 1097 2057 enata
1136 2027 1246 2066 palma
1284 2025 1462 2056 victoriam
1493 2023 1695 2062 triumphos-

996 2085 1061 2117 que
1100 2075 1272 2116 portendit
1290 2086 1298 2106 :
1329 2075 1392 2105 liae
1431 2071 1693 2113 tempestatibus

996 2130 1178 2166 prostrata,
1195 2126 1313 2157 eodem
1331 2126 1403 2156 loco
1420 2124 1501 2155 fieus
1518 2126 1620 2154 enata
1640 2128 1694 2153 est

994 2177 1045 2208 M.
1062 2177 1244 2211 Messanae,
1255 2177 1293 2207 C.
1306 2176 1413 2207 Cassii
1425 2176 1609 2206 Censor-um
1626 2173 1693 2203 lus-

995 2230 1059 2256 tro.
1098 2225 1128 2256 A
1146 2235 1211 2265 quo
1228 2231 1382 2265 tempore
1399 2224 1598 2264 pudicitiam
1618 2222 1693 2253 sub-

992 2285 1125 2306 versam
1143 2276 1222 2306 Piso
1239 2277 1350 2316 gravis
1372 2280 1490 2305 auctor
1518 2272 1693 2314 prodi‹lit.'

991 2327 1043 2357 M.
1074 2326 1232 2357 Valerius
1270 2326 1444 2359 Messalla,
1483 2324 1522 2355 C.
1557 2324 1693 2354 Cassius

994 2377 1166 2414 Longinus
1183 2377 1346 2407 Censores
1362 2374 1498 2405 fuerunt
1513 2383 1601 2404 auno
1615 2379 1693 2413 post

994 2426 1036 2457 R.
1061 2427 1099 2457 C.
1118 2426 1189 2457 fere
1207 2426 1462 2459 sexcentesimo,
1481 2425 1689 2463 lustruinquc

992 2476 1148 2507 fecerunt
1166 2484 1223 2514 ΙΝ,
1242 2482 1279 2507 ut
1302 2485 1345 2506 ex
1369 2474 1570 2515 Capitolinis
1596 2473 1690 2503 fastis

992 2532 1137 2557 constat.
1162 2526 1240 2556 Ant.
1255 2526 1341 2563 Aug.
1569 2530 1575 2536 ’

1036 2575 1215 2613 Religionis
1228 2577 1393 2615 proecipuoe
1409 2574 1537 2604 habetur
1557 2571 1688 2610 Censor]

995 2624 1061 2655 Hic
1079 2625 1242 2655 Censores
1255 2626 1468 2655 nominantur
1482 2621 1689 2654 continuatis

992 2674 1227 2714 quinquenniis
1253 2675 1295 2705 ab
1317 2683 1403 2704 anno
1421 2674 1460 2704 U.
1478 2673 1515 2704 C.
1535 2678 1690 2702 DLxxiv·
