1876 3025
625 158 991 189 FRAGMENTUM.
1433 144 1545 185 1035

86 259 187 300 Sint.
243 257 405 298 Ateius
431 254 599 309 Capito,
622 253 801 310 iygfantes
821 267 898 294 esse
919 249 1379 307 noudmnfrendenteS,
1400 247 1445 300 id
1468 254 1549 298 est,

74 326 339 383 frangentes,
375 322 521 364 Livius
552 324 594 363 in
629 320 812 378 Odyssea
843 321 989 363 veteri:
1024 319 1168 370 Quem
1201 330 1282 371 ego
1312 314 1550 371 nefrendem

87 393 176 434 alai
196 393 365 433 lacteam
383 390 624 445 immulgens
645 403 776 444 opem
839 419 848 429 .
923 419 932 428 .
992 392 1034 429 et
1152 418 1161 428 .
1282 417 1290 425 .
1411 414 1421 424 .
1457 383 1548 425 Pro

88 461 368 502 nefrendibus
385 466 533 509 autem,
555 466 601 499 ut
633 457 794 513 antiqui
813 456 1012 505 dicebant,
1036 454 1163 496 rienes
1189 467 1293 494 nanc
1322 448 1420 491 dicit
1446 464 1551 492 usus

88 541 265 570 recens:
287 534 382 568 sant
402 529 473 582 qai
504 525 713 582 nefrendes
745 524 826 566 dici
844 531 991 579 putent
1020 521 1234 571 testiculos,
1267 533 1382 575 quos
1404 517 1554 561 Lanu-

89 596 174 637 vini
187 594 396 650 appellant
415 594 705 639 nebrundines;
725 593 876 635 Graeci
893 590 1059 647 νεφροῦς;
1083 590 1337 642 Praenestini,
1349 591 1553 647 nefrones,

92 664 316 714 Necerim‚
337 678 416 704 nec
439 677 550 705 eum.
600 661 795 712 Nemora,
810 661 1011 717 signfficat
1033 658 1167 714 sylvas
1188 672 1412 701 amoenas:
1436 657 1547 700 valet

92 733 197 773 enim
220 732 337 774 idem.
367 733 453 786 ejus
481 737 613 771 antem
641 730 829 770 vocabuli
856 736 1012 770 auctor
1035 728 1261 776 Homerus,
1284 726 1355 781 qui
1382 726 1491 766 dixit
1512 725 1552 765 2'72

98 799 251 850 Iliade,
275 801 307 839 ἐν
327 800 425 853 νέμεϊ
446 801 584 854 σκιερῷ
605 796 664 838 ἐπί
679 815 720 837 τε
742 799 798 838 λῖν
821 796 967 850 ἔμβαλε
989 796 1142 849 δαίμων,
1174 795 1355 835 dubium
1377 809 1465 836 non
1488 801 1557 843 est,

99 868 198 923 quin
239 882 327 908 eam
367 867 545 923 designet
581 866 723 916 locam,
759 866 834 919 qui
868 878 1052 918 campos
1092 868 1134 904 et
1174 876 1347 916 pascua
1379 861 1558 903 habeat.-

96 935 199 988 νέμος
220 951 244 976 α
271 935 426 976 Gratis
447 937 504 974 διαὶ
526 935 567 974 τὸ
594 936 705 986 νομὰς
738 931 824 972 εἶναι
861 934 893 973 ἐν
921 934 1023 986 αὐτῷ
1055 930 1317 985 appellatum.
1385 928 1556 980 Nemut,

95 1004 180 1045 nisi
216 1005 347 1045 etiam
373 1004 441 1044 vel
465 1016 628 1056 nempe:
653 1016 746 1042 usas
767 1007 823 1041 est
848 999 952 1041 Cato
980 999 1027 1039 de
1052 1005 1253 1053 potestate
1280 997 1555 1047 Tribunici,¹¹

97 1086 196 1114 cum
221 1073 283 1113 ait
403 1102 412 1111 .
530 1102 539 1111 .
660 1101 668 1110 .
744 1082 974 1111 aerumnas.
1036 1068 1242 1109 Nominis
1262 1065 1443 1122 genitivo
1468 1080 1559 1105 casa

99 1154 194 1180 usas
231 1147 286 1180 est
321 1138 442 1188 Cato,
474 1153 561 1179 cnm
583 1137 712 1179 dixit:
750 1144 792 1179 et
826 1140 926 1191 quis
959 1137 1121 1177 diceret
1153 1148 1251 1175 cum
1284 1135 1343 1175 sit
1377 1133 1562 1173 neminis.

101 1207 215 1249 Idem
238 1208 285 1249 de
307 1207 584 1262 magistratib.
606 1207 715 1247 vitio
739 1206 913 1254 creatis,
936 1198 1169 1256 neminisq.
1546 1231 1557 1242 .

103 1274 266 1316 Ennius
282 1275 323 1315 in
343 1275 586 1316 Erechtheo
605 1274 781 1327 lapideo
796 1277 895 1313 sunt
911 1271 1006 1326 [ke]
1028 1271 1162 1311 corde
1181 1269 1321 1319 multi,
1340 1282 1454 1323 quos
1476 1281 1562 1309 non

101 1346 278 1385 miseret
293 1344 491 1384 neminis.
536 1343 682 1383 Nemo
698 1342 991 1395 compositum
1009 1339 1180 1380 videtur
1194 1350 1251 1377 ex
1266 1350 1334 1387 ne,
1348 1342 1389 1377 et
1402 1337 1563 1379 homo:

103 1413 222 1466 quod
245 1411 518 1452 confirmatur
548 1410 708 1461 magis,
747 1409 855 1462 quia
882 1409 927 1448 in
960 1419 1155 1461 persona
1181 1419 1350 1458 semper
1373 1406 1564 1458 ponitur,

103 1493 182 1521 nec
219 1479 444 1533 pluraliter
479 1478 657 1518 formari
699 1478 831 1526 solet,
874 1477 980 1529 quia
1019 1474 1277 1526 intelligitur
1315 1487 1395 1527 pro
1433 1473 1567 1513 nullo.

106 1547 219 1588 Neci
242 1547 372 1587 datus
405 1547 580 1600 proprie
600 1546 774 1595 dicitur,
806 1544 882 1597 qui
905 1544 997 1583 sine
1024 1542 1200 1582 volnere
1223 1541 1480 1581 interfectus
1502 1544 1568 1579 est

106 1619 155 1655 ut
177 1623 362 1663 veneno,
385 1618 458 1654 aut
477 1614 603 1653 fame.
664 1611 980 1652 Necessarium
1015 1610 1077 1650 ait
1105 1622 1203 1649 esse
1227 1608 1403 1662 Opillus
1418 1612 1450 1631 ¹2
1471 1607 1568 1648 Au-

107 1683 257 1731 relius,
290 1683 332 1722 in
363 1694 451 1734 quo
484 1694 571 1721 non
607 1681 663 1721 sit
698 1679 981 1727 cessandum,
1015 1681 1089 1718 aut
1120 1677 1214 1716 sine
1245 1689 1334 1729 quo
1366 1675 1457 1715 vivi
1480 1688 1568 1715 non

108 1750 278 1803 possit:
302 1754 379 1790 aut
401 1750 492 1789 sine
515 1761 603 1802 quo
620 1761 703 1788 non
723 1749 831 1788 bene
853 1747 1053 1787 vivatur:
1086 1750 1162 1785 aut.
1181 1744 1299 1797 quod
1323 1756 1406 1784 non
1425 1743 1570 1796 possit

110 1818 346 1871 prohiberi,
368 1817 472 1870 quin
494 1816 584 1856 fiat.
647 1815 885 1855 Necessari
909 1817 1020 1863 sunt,
1053 1818 1104 1853 ut
1126 1811 1284 1853 Gallus
1308 1812 1454 1852 AElius
1492 1811 1568 1859 ait,

112 1888 189 1939 qui
209 1896 286 1926 aut
308 1886 498 1937 cognati,
521 1889 597 1925 aut
619 1883 770 1924 affines
804 1887 921 1931 sunt,
945 1883 986 1922 in
1011 1895 1124 1935 quos
1148 1880 1400 1921 necessaria
1423 1878 1571 1919 officia

112 1954 394 1994 conseruntur
426 1958 584 2006 praeter
621 1956 808 1992 ceteros.
869 1950 1120 2003 Ncglegens
1142 1948 1287 1988 dictus
1306 1954 1385 1996 est,
1405 1960 1489 1987 non
1510 1946 1572 1986 le-

114 2035 233 2075 genS,
255 2034 399 2074 neque
432 2020 640 2061 dilectum
671 2020 853 2068 habens,
885 2018 991 2071 quid
1023 2017 1167 2058 facere
1199 2016 1372 2065 debeat,
1405 2015 1574 2055 omissa

114 2090 280 2131 ratione
320 2088 452 2129 officii
489 2089 573 2129 sui.
636 2088 734 2128 Nec
776 2087 1123 2140 conjunctionem
1165 2083 1451 2125 Grammatici
1485 2081 1573 2122 fere

117 2157 269 2198 dicunt
291 2170 391 2197 esse
412 2156 742 2209 disjunctivam,
763 2160 813 2195 ut
833 2168 916 2195 nec
944 2154 1064 2206 legit,
1093 2165 1176 2193 nec
1204 2152 1374 2200 scribit,
1410 2163 1509 2191 cum
1535 2150 1574 2189 si

119 2225 374 2278 diligentius
414 2226 689 2278 inspiciatur,
723 2229 769 2265 ut
806 2223 910 2264 fecit
959 2222 1136 2263 Sinnius
1176 2219 1357 2272 Capito,
1392 2217 1576 2269 intelligi

120 2294 274 2347 possit,
297 2307 392 2334 eam
426 2294 619 2347 positam
643 2305 741 2333 esse
764 2292 819 2332 ab
841 2291 1032 2344 antiquis
1063 2301 1140 2342 pro
1162 2301 1260 2336 non,
1282 2292 1330 2328 ut
1350 2290 1393 2327 et
1412 2287 1455 2326 in
1481 2295 1578 2325 ΧΠ.

121 2366 211 2402 est:
235 2367 303 2402 ast
319 2362 358 2402 ei
380 2365 529 2402 custos
552 2374 632 2401 nec
654 2360 765 2401 escit
782 2365 816 2398 ;Ξ
837 2361 953 2408 item,
973 2359 1009 2399 si
1032 2357 1186 2398 adorat
1206 2354 1336 2403 furto,
1360 2353 1481 2408 quod
1498 2365 1577 2392 nec-

728 2467 959 2480 eeeeeeeeeeee

132 2519 136 2526 Χ
170 2538 206 2566 ll
234 2535 259 2567 f.
279 2535 558 2566 Tribunicz'n.—-l2
584 2534 608 2567 f.
628 2536 763 2575 Opilius.

779 2621 922 2653 NOTAE

171 2693 183 2707 Ζ
209 2686 290 2726 Nec]
332 2686 395 2715 Nec
421 2686 497 2716 escit
523 2686 735 2717 scribendum
764 2697 826 2726 pro
884 2685 1018 2724 cebant,
1035 2687 1069 2714 et
1086 2680 1251 2722 superescit
1269 2688 1325 2718 pro
1345 2676 1508 2717 supererit.

129 2748 180 2769 uec
199 2738 267 2769 esic.
285 2746 359 2767 nam
377 2738 450 2768 escit
474 2746 533 2777 pro
556 2737 613 2767 erit
633 2737 759 2779 antiqui
776 2737 824 2767 di-
