1876 3025
285 120 369 162 766

741 129 890 161 SEXTI
927 128 1129 159 POMPEH
1164 128 1301 159 FESTI

344 241 423 282 quo
447 223 644 266 Flamina
676 239 756 280 pro
788 224 981 279 palliolo,
1001 224 1185 265 mitrave
1218 222 1455 273 utebantur,
1487 227 1533 261 ut
1569 219 1732 261 Verrius

342 295 581 337 existimat.

639 292 840 343 Titinius,
862 292 946 331 rica
968 305 1013 330 ex
1030 290 1127 331 lana
1148 292 1301 333 sucida
1322 292 1425 333 alba
1445 289 1643 338 vestitas,
1660 288 1734 328 alii

343 361 497 410 dicunt,
513 359 691 414 pallium
712 373 790 400 esse
810 360 988 413 triplex,
1018 359 1138 412 quod
1160 357 1382 413 conficiant
1405 357 1582 413 virgines
1621 356 1733 410 inge-

341 443 441 471 nuae
462 430 663 483 patrimae
683 427 902 476 matrimae,
923 425 1032 481 quod
1051 425 1219 466 coeruleo
1240 426 1369 467 colore
1390 425 1595 482 iiffectum
1615 425 1732 465 laveu

343 503 414 538 tur
435 510 553 551 aqua
571 510 694 549 pura.

755 494 845 535 Alii
861 509 939 549 quo
959 492 1190 535 Flaminica
1210 494 1343 548 tingat
1357 501 1373 526 7
1398 494 1579 549 pileum.

286 565 403 607 Rica
433 569 498 606 est
516 564 820 606 vestimentum
844 562 1109 616 quadratum
1130 562 1398 603 fimbriatum
1425 573 1523 615 pur·
1552 560 1731 614 [PAUL.

341 635 543 686 pureum,
575 644 662 685 quo
698 630 959 671 Flaminicae
1001 643 1082 683 pro
1109 629 1292 683 palliolo
1331 629 1578 669 utebantur.

1639 626 1734 667 Alii

344 701 507 750 dicunt,
528 699 646 753 quod
668 712 727 740 ex
746 699 851 740 lana
870 699 950 739 fiat
984 698 1168 740 succida
1196 698 1316 747 alba,
1339 696 1462 751 quod
1494 695 1736 737 conficiunt

343 769 529 821 virgines
559 769 760 820 ingenuae
776 767 788 790 t
818 767 1040 821 patrimae,
1063 765 1277 806 matrimae
1299 765 1435 814 cives,
1452 767 1497 805 et
1517 762 1734 804 inficiatur

345 836 540 876 coeruleo
562 835 724 876 colore.

288 903 431 954 Ricae,
464 908 507 944 et
546 904 694 945 riculae
737 906 946 944 vocantur
976 914 1117 955 parva
1146 900 1320 950 ricinia,
1348 899 1430 940 uts
1462 897 1646 954 palliola
1680 897 1736 938 ad

344 985 470 1013 usum
493 972 656 1025 capitis
677 971 809 1012 facta.

288 1038 431 1088 Ricae,
450 1043 493 1080 et
513 1039 664 1080 riculae
694 1041 910 1079 vocantur
928 1048 1066 1090 parva
1094 1035 1264 1084 ricinia,
1285 1039 1334 1077 ut
1354 1035 1540 1090 palliola
1569 1032 1735 1087 [FEST.

343 1107 398 1149 ad
420 1120 549 1148 usum
570 1106 731 1159 capitis
752 1105 884 1146 facta.

944 1103 1139 1146 Granius
1169 1103 1348 1157 quidem
1370 1104 1432 1144 ait
1464 1115 1566 1143 esse
1587 1100 1737 1141 mulie-

343 1176 424 1216 bre
452 1176 676 1227 cingulum
706 1175 880 1228 capitis,
902 1187 990 1227 quo
1021 1185 1101 1226 pro
1131 1173 1239 1214 vitta
1260 1170 1507 1227 Flaminica
1533 1168 1738 1210 redimia-

345 1248 427 1284 tur.

291 1311 489 1363 Rictus,¹¹
512 1310 624 1361 rixae,
646 1311 800 1364 rixosae,
824 1309 1005 1364 ringitur
1027 1308 1117 1349 dici
1147 1307 1364 1357 videntur,
1400 1307 1506 1361 quia
1535 1304 1576 1345 in
1609 1301 1740 1344 diver-

896 1431 1033 1443 'trem

332 1523 351 1551 7
376 1520 440 1551 Ed.
457 1519 545 1551 Scal.
571 1520 754 1559 cingat.—S
779 1520 858 1551 Vet.
875 1519 933 1550 lib.
948 1521 1006 1550 vel.

1035 1430 1111 1442 eveo
1116 1429 1131 1440 e

946 1617 1088 1649 NOTAE

291 1699 497 1734 tegumenta.
521 1694 604 1727 Qnae
619 1695 740 1731 omnia,
757 1695 834 1736 quia
850 1695 940 1736 pilea
956 1699 991 1725 et

291 1745 414 1785 pileola
438 1744 653 1783 dicebantur,
677 1745 756 1775 inde
780 1744 906 1776 factum
924 1750 990 1785 est,

291 1800 330 1826 ut
357 1800 475 1836 postea
503 1800 583 1835 toga
607 1795 774 1836 quadrata
801 1796 902 1827 etiam
926 1797 991 1827 rica

291 1846 384 1877 dicta
398 1846 464 1884 sit;
487 1855 562 1876 nani
589 1848 728 1886 pallium
754 1850 989 1887 tegumentum

291 1896 492 1937 quadratum
509 1897 643 1937 capitis,
667 1902 702 1927 et
720 1902 832 1937 togam
850 1897 989 1937 quadra-

293 1954 361 1977 tam
380 1947 566 1986 significat3
590 1947 667 1977 inde
679 1951 714 1977 et
729 1947 873 1978 reciniati
890 1947 989 1982 mimi,

293 1998 348 2037 qui
376 2002 412 2028 et
437 1998 562 2037 palliati
588 1997 670 2028 dicti
698 2002 798 2028 sunt:
827 2003 864 2029 ut
888 2008 990 2037 supra

292 2052 457 2078 notatum.
505 2049 600 2078 Idem
626 2049 776 2080 recinium
801 2049 890 2090 quod
914 2049 991 2085 rica,

293 2108 416 2139 nempe
443 2103 522 2139 toga
548 2099 728 2139 quadrata,
751 2104 789 2131 ut
813 2110 916 2140 supra
939 2110 991 2130 os-

293 2153 426 2179 tensum
451 2152 514 2187 est,
538 2154 573 2179 et
589 2149 712 2189 capitis
729 2150 992 2190 operimentum,

294 2199 364 2229 sive
382 2199 566 2239 cingulum,
588 2201 674 2240 quod
699 2205 734 2231 et
752 2201 851 2231 aliter
867 2200 992 2233 dicitur

294 2249 496 2287 IlIafurtivm.
527 2251 676 2281 Nonius:
695 2251 704 2267 ‘
717 2251 882 2281 Ricinium
901 2252 991 2292 quod

293 2310 381 2331 nunc
395 2300 591 2331 masan—tium
606 2301 728 2331 dicitur
747 2301 916 2340 palliolum
931 2300 992 2332 foe-

294 2351 442 2382 mineum
472 2351 598 2381 breve!
644 2352 733 2382 Nam
752 2352 796 2382 ibi
819 2352 991 2392 palliolum

295 2402 337 2431 de
353 2402 566 2442 operimento
587 2402 710 2441 capitis
736 2402 990 2441 intelligendum

296 2456 361 2490 cst,
385 2457 423 2482 ut
450 2451 481 2480 in
507 2450 617 2481 verbis
639 2451 743 2489 Festi,
763 2453 849 2492 ‘quo
868 2453 992 2482 Flami-

295 2502 381 2531 nicae
412 2510 473 2541 pro
507 2500 641 2541 palliolo
669 2501 879 2531 utebantur!
935 2502 990 2532 Sic

297 2551 464 2591 κρήδεμνον
476 2550 563 2591 quod
581 2556 631 2581 est
645 2551 729 2589 rica,
743 2551 911 2591 ricinium,
925 2552 991 2582 Eu-

296 2602 440 2633 stamius
479 2602 725 2641 interpretatur
758 2600 920 2642 μαφόριον,
958 2607 993 2633 et

300 2653 413 2683 Latini
439 2651 615 2690 majoriam.
640 2694 643 2695 ⁷
668 2651 818 2683 Isidorus
844 2652 994 2692 appellat

298 2703 428 2740 maforte
442 2709 473 2733 el
489 2706 663 2733 ›izai-ortem.
688 2703 835 2742 Sei-vius,
850 2707 996 2733 vmrorte.

1044 1692 1245 1724 Mafortium
1263 1696 1389 1733 autem,
1407 1695 1490 1723 utet
1506 1689 1686 1730 μαφόρτιον,
1701 1688 1743 1719 de

1045 1743 1162 1785 fascia,
1186 1745 1286 1784 vitta,
1303 1744 1374 1775 sive
1393 1743 1511 1782 taenia,
1528 1741 1692 1782 capitulo,
1709 1744 1744 1770 et

1046 1791 1743 1836 sudario,sivecapitistegumentodictum

1045 1850 1109 1877 est.
1134 1846 1231 1877 Idem.

1088 1897 1098 1915 ῑ
1122 1897 1211 1931 Quod
1235 1895 1402 1937 conficiunt
1424 1895 1566 1935 virgines
1586 1889 1746 1931 ingenuoe]

1047 1946 1210 1982 Lanificio
1227 1946 1317 1976 enim
1335 1950 1476 1976 assuetae
1503 1945 1653 1975 honestae
1680 1943 1745 1972 vii·-

1045 1996 1151 2036 gineS.
1175 1996 1314 2026 Sueton.
1330 1995 1418 2035 Aug.
1436 2005 1512 2034 cap.
1529 1996 1582 2024 73.
1608 1993 1703 2022 Idem.

1088 2051 1102 2065 ¹¹
1135 2045 1263 2085 Rictus]
1301 2045 1455 2076 Pessime
1487 2045 1608 2075 Festus
1637 2042 1748 2081 rictus,

1045 2097 1130 2131 rixa,
1154 2097 1289 2136 rixosus,
1314 2096 1402 2135 ringi
1423 2095 1520 2126 ducit
1536 2103 1556 2124 a
1571 2093 1749 2134 rumpendo,

1046 2148 1116 2177 sive
1143 2147 1257 2186 potius
1283 2157 1302 2177 a
1327 2148 1472 2186 regendo.
1520 2145 1634 2175 Rectus
1659 2143 1747 2174 enim

1046 2204 1097 2229 est
1108 2208 1128 2228 a
1139 2198 1249 2237 ringo;
1262 2198 1354 2236 ringo
1364 2202 1476 2228 autem
1492 2206 1510 2226 a
1522 2195 1646 2226 Graeco
1656 2194 1747 2233 ῥῖνες,

1045 2259 1148 2287 nares,
1164 2249 1241 2290 quia
1266 2248 1454 2279 irascentes
1474 2246 1585 2277 solent
1601 2254 1658 2275 eas
1673 2254 1745 2275 coi·-

1048 2310 1179 2339 rugare.
1226 2299 1302 2330 Nisi
1330 2297 1422 2339 apud
1450 2298 1587 2328 Festum
1614 2305 1676 2335 pro
1699 2304 1747 2325 re·

1045 2352 1146 2390 gendo
1172 2349 1430 2380 rescribendum
1456 2349 1500 2378 sit
1525 2347 1678 2386 rigendo:
1709 2350 1748 2376 ut

1046 2401 1137 2439 ringo
1162 2400 1207 2430 sit
1233 2409 1251 2430 a
1274 2399 1375 2438 rigeo,
1397 2397 1514 2428 addito
1530 2407 1562 2435 η,
1581 2402 1615 2428 et
1632 2396 1746 2435 conjn-

1047 2451 1184 2490 gaiione
1213 2455 1353 2480 mutata.
1401 2449 1525 2488 Neqm¹
1552 2447 1584 2478 id
1614 2456 1748 2487 prorsus

1047 2501 1180 2531 ratione
1204 2505 1310 2539 caret,
1334 2509 1410 2530 cum
1434 2508 1452 2529 a
1476 2499 1577 2529 nimio
1601 2497 1673 2528 fere
1690 2496 1746 2527 fri-

1047 2561 1127 2590 gore
1144 2551 1307 2582 soleamus
1324 2552 1460 2589 ringere.
1494 2550 1593 2581 Unde
1610 2554 1645 2585 et
1658 2548 1746 2589 apud

1047 2602 1236 2632 Varronem
1255 2601 1297 2632 de
1315 2602 1354 2634 R.
1373 2603 1413 2632 R.
1441 2612 1471 2633 c.
1486 2604 1538 2632 45.
1567 2601 1624 2631 lib.
1641 2609 1665 2631 ι.
1690 2600 1745 2629 ubi

1050 2651 1090 2682 de
1105 2652 1289 2691 segetibus,
1307 2653 1316 2668 ‘
1332 2661 1435 2693 supra
1452 2650 1603 2689 terram‚'
1627 2651 1746 2689 inquii,

1047 2705 1055 2719 ⁴
1071 2702 1148 2733 ae're
1165 2701 1341 2742 frigidiore
1355 2701 1559 2742 ring-intur!
1587 2702 1642 2732 Sic
1657 2702 1745 2731 enirn
