1876 3025
288 171 351 201 DE
384 170 655 201 VERBORUM
691 168 1102 201 SIGNlFlCATIONE
1138 168 1228 197 LlB.
1264 167 1392 197 xvii.

1480 156 1564 197 847

172 279 263 308 rum
294 267 468 315 habent,
502 269 562 315 ut,
595 267 689 305 ἑπτὰ
721 270 904 317 septem,
936 261 1003 312 ὅλη
1036 262 1190 316 sylva:
1224 262 1288 302 sic
1312 261 1396 302 ista
1416 261 1471 302 ab
1495 276 1563 311 eo,

173 335 289 389 quod
311 336 371 376 illi
396 335 548 375 dicunt
568 334 696 385 ἥμισυ,
718 333 932 373 declinata
953 336 1067 371 sunt.

116 403 275 452 Samis,
306 403 548 452 semodius,
575 400 790 450 semuncia,
822 413 903 455 qua
936 400 1104 440 ratione
1134 411 1189 438 ex
1213 397 1366 438 Graeco
1398 395 1564 449 [FEST.

172 468 396 509 trahuntur
417 468 516 518 alia,
536 467 644 523 quod
672 469 702 509 S
726 469 896 509 literam
929 480 1008 520 pro
1040 465 1286 520 aspiratione
1317 477 1454 504 eorum
1488 462 1566 502 ha-

170 538 288 586 bent,
320 544 368 577 ut
387 539 481 576 ἑπτοὶ
511 542 672 589 septem,
704 534 791 575 ὗλαι
815 535 967 589 sylvae,
991 535 1056 574 sic
1079 532 1155 572 ista
1186 531 1238 571 ab
1268 546 1326 581 eo,
1358 528 1468 585 quod
1503 527 1564 567 illi

171 605 284 654 ἥμισυ
307 605 467 653 dicunt,
491 603 693 643 declinata
715 602 918 643 videntur.

115 673 402 726 Semproniar
431 673 587 713 horrea
620 673 695 725 qui
732 673 858 712 locus
892 671 1069 719 dicitur,
1103 669 1147 709 in
1174 682 1228 709 eo
1261 667 1435 707 suerunt
1468 665 1560 716 lege

171 741 377 790 Gracchi,
399 740 452 780 ad
475 740 723 781 custodiam
745 738 948 779 frumenti
970 737 1150 791 publici.

115 808 357 849 Senaculas
389 808 472 848 tria
506 807 644 848 fuisse
668 807 843 854 Romae,
866 806 910 845 in
931 805 1089 858 quibus
1112 804 1299 844 Senatus
1318 799 1466 842 haberi
1491 813 1563 840 so-

169 876 275 916 litus
298 875 368 922 sit,
398 874 622 916 memoriae
654 873 899 927 prodidit¹³
934 872 1220 913 Nicostratus
1252 870 1295 909 in
1325 870 1454 917 libro,
1487 867 1563 920 qui

169 943 416 984 inscribitur
436 942 489 983 de
506 942 671 982 Senatu
691 941 896 982 habendo
914 954 923 982 ε
956 953 1105 988 unum,
1128 939 1204 979 ubi
1223 951 1335 978 nunc
1353 940 1420 977 est
1451 935 1563 976 aedis

170 1009 460 1058 Concordiae,t
479 1009 765 1063 Capitolium,
787 1012 830 1049 et
851 1008 1031 1057 Forum,
1053 1008 1096 1047 in
1119 1019 1207 1059 quo
1241 1005 1445 1046 solebant
1472 1015 1564 1043 ma-

171 1080 384 1131 gistratus
419 1078 477 1120 D.
498 1077 551 1118 Τ.
582 1091 680 1118 cum
715 1077 960 1117 senioribus
995 1075 1260 1115 deliberare:
1294 1073 1471 1113 alterum
1504 1070 1561 1111 ad

169 1152 343 1200 portam
367 1146 588 1201 Capenam
607 1159 616 1187 ε
632 1152 647 1167 ¹¹
671 1145 841 1187 tertium
865 1145 971 1185 citra
993 1143 1134 1184 aedem
1156 1141 1390 1190 Bellonae,'‘
1411 1139 1456 1179 in
1473 1151 1560 1192 quo

719 1278 834 1290 ἀἀἀἀἀ

156 1368 194 1396 13
219 1366 298 1397 Vet.
313 1365 387 1397 cod.
402 1365 530 1396 rodidit.

838 1276 953 1288 eeeeee

768 1483 907 1516 NOTAE

153 1575 165 1590 ¹·
189 1567 386 1609 Sempronia]
413 1567 558 1598 Videtur
586 1564 811 1606 repetendum

112 1631 186 1652 esse
204 1621 340 1651 verbum
364 1619 472 1649 horrea
496 1623 570 1658 post
590 1616 811 1655 verbumsue-

111 1674 195 1701 runt.
242 1670 408 1709 Loquitur
436 1674 548 1699 antem
572 1668 613 1698 de
638 1669 709 1706 lege
727 1668 809 1697 Fru-

111 1720 278 1751 mentaria
295 1721 334 1751 C.
352 1719 511 1757 Gracchi,
532 1717 574 1748 de
599 1727 662 1758 qua
687 1717 810 1748 Cicero

110 1771 209 1801 Tnsc.
228 1770 287 1801 lib.
305 1778 362 1800 ιιι.
379 1774 414 1799 et
431 1769 523 1800 Flor.
539 1768 623 1808 epit.
639 1771 692 1798 60.
731 1768 808 1798 Ant.

112 1821 198 1859 Aug.

156 1869 340 1910 Sempronia
352 1868 476 1908 horrea]
500 1869 583 1908 Lege
602 1868 749 1908 Gracchi,
761 1868 810 1898 le-

113 1932 188 1961 gem
226 1921 481 1951 frumentariam
520 1921 683 1960 intellige,
709 1930 809 1960 quam

110 1972 188 2002 tulit
206 1971 243 2002 C.
265 1970 483 2010 Sempronius
500 1971 685 2001 Gracchus.
718 1969 809 2000 Livi-

111 2031 161 2062 us,
180 2023 309 2058 Florus,
326 2026 361 2052 et
377 2021 444 2051 alii.
470 2021 551 2051 Duc.

152 2077 163 2091 ⁵
186 2071 352 2112 Senacula]
382 2073 481 2102 Notae
502 2072 546 2102 D.
562 2071 601 2101 T.
617 2069 809 2110 significant

110 2122 290 2153 Duntaoeat.
322 2121 419 2152 Infra
434 2132 441 2152 :
467 2123 476 2138 ‘
492 2120 740 2161 Simplndearia
756 2119 808 2150 fn·

110 2182 191 2202 nera
217 2177 306 2213 sunt,
331 2172 449 2213 quibus
472 2171 675 2202 adhibentur
698 2172 744 2201 D.
766 2171 807 2203 T.

111 2221 208 2260 lndi‚'
221 2223 282 2253 hoc
299 2228 364 2262 est,
380 2223 569 2253 Dnntaxat.
593 2223 661 2252 Jos.
679 2222 763 2253 Scal.

155 2273 304 2304 senacula
338 2273 401 2303 tria
425 2272 541 2312 fuisse]
576 2274 585 2289 ‘
605 2273 806 2304 Senaculnm

112 2329 268 2353 vocatum
294 2323 348 2354 nbi
372 2324 527 2360 Senatus,
549 2327 608 2354 aut
625 2323 681 2353 ubi
699 2323 808 2353 senio-

112 2382 166 2403 res
188 2373 427 2411 consisterent,
451 2373 579 2404 dictum
607 2379 643 2405 ut
661 2373 809 2414 ’γερουσία

111 2422 201 2462 apud
220 2422 381 2455 Graeeos.'
404 2424 502 2454 Varr.
518 2424 574 2455 lib.
592 2433 640 2455 iv.
657 2425 698 2455 de
712 2424 752 2455 L.
770 2425 807 2456 L.

112 2473 193 2504 Dac-

155 2526 164 2545 ῑ
184 2525 297 2564 Unum,
313 2524 365 2555 ubi.
375 2535 454 2556 nunc
465 2529 509 2556 est
524 2525 598 2556 cedis
612 2524 807 2565 Concordioe]

112 2575 272 2605 Meminit
300 2575 410 2605 Varro
442 2576 514 2606 loco
546 2585 647 2615 supra
679 2577 807 2606 citato:

113 2625 337 2656 ‘Senaculnm
354 2635 454 2665 supra
478 2626 722 2661 Graecostasin,
751 2626 809 2656 nbi

114 2674 202 2705 aedes
216 2675 431 2714 Concordiae,
443 2680 476 2705 et
487 2676 632 2706 Basilica
650 2675 808 2715 Opimia.'

114 2724 211 2756 Infra
228 2732 317 2758 notae
339 2727 382 2757 D.
398 2726 435 2756 T.
452 2725 643 2766 significant
659 2726 807 2757 Duntax-

862 1567 917 1595 at:
943 1563 1030 1594 male
1058 1562 1161 1601 igitur
1177 1561 1233 1602 qui
1255 1570 1367 1591 earnm
1393 1559 1468 1590 loco
1485 1558 1562 1588 snb-

863 1615 1009 1645 stitunnt
1025 1615 1071 1644 D.
1091 1613 1131 1643 R.
1147 1612 1211 1642 hoc
1235 1616 1298 1648 est,
1318 1613 1355 1641 (Ie
1373 1609 1490 1648 Repub.
1508 1609 1561 1639 vel

863 1675 918 1695 eas
949 1665 1231 1704 interpretantur,
1270 1661 1361 1691 Dicit
1393 1660 1563 1691 Titinnius.

862 1716 972 1746 Idem.

903 1771 917 1785 ¹¹
939 1765 1083 1795 Alterum
1098 1765 1137 1794 ad
1152 1767 1273 1803 portam
1291 1761 1462 1801 Capenam]
1489 1760 1562 1791 Liv.

861 1816 919 1846 lib.
935 1823 1046 1845 xxm.
1062 1816 1070 1830 ‘
1085 1814 1272 1851 Consules‚’
1287 1813 1409 1853 inquit,
1423 1813 1432 1826 ‘
1446 1810 1562 1841 edixe-

862 1873 941 1898 runt
965 1867 1097 1907 quoties
1124 1867 1284 1896 Senatum
1305 1867 1495 1898 vocassent,
1511 1861 1560 1891 uti

862 1918 1044 1948 Senatores
1056 1916 1243 1957 quibusque
1260 1915 1291 1944 in
1305 1915 1432 1944 Senatu
1447 1912 1561 1942 dicere

861 1968 1064 1999 sententiam
1093 1967 1226 2004 liceret,
1244 1965 1285 1995 ad
1305 1968 1433 2004 portani
1453 1963 1562 2002 Cape·

860 2028 936 2048 nam
952 2016 1198 2047 convenirent.'
1222 2016 1320 2046 Idem.

902 2075 918 2090 x
944 2071 1082 2101 Tertium
1097 2070 1177 2100 citra
1190 2071 1286 2100 aedem
1300 2066 1452 2106 Bellonae]
1470 2065 1560 2098 Quid

859 2121 938 2151 citra
959 2121 1054 2151 cedem
1080 2120 1242 2150 Bellonae?
1286 2118 1394 2148 Immo
1417 2117 1502 2147 intra
1520 2126 1561 2146 ιε-

860 2173 927 2202 dem
948 2172 1097 2201 Bellonae.
1136 2171 1204 2201 Liv.
1224 2169 1282 2199 lib.
1300 2176 1464 2198 xxxvui.
1481 2169 1489 2183 ⁴
1504 2167 1559 2206 Ip-

861 2222 915 2253 se'
948 2221 1056 2263 (Pub.
1089 2219 1218 2261 Scipio)
1256 2219 1375 2260 inquit,
1413 2223 1420 2235 ‘
1440 2218 1559 2248 decem

859 2272 1001 2303 navibus
1036 2272 1178 2302 Romam
1210 2270 1332 2300 rediit:
1364 2274 1399 2300 et
1430 2269 1559 2299 Senatu

860 2328 960 2353 extra
984 2321 1101 2352 urbem
1129 2321 1210 2351 dato
1238 2321 1270 2350 in
1295 2319 1367 2350 aede
1392 2319 1559 2356 Bellonae,

860 2382 941 2413 quas
958 2382 1011 2402 res
1030 2373 1062 2402 in
1080 2370 1246 2410 Hispania
1264 2371 1436 2410 gessisset,
1454 2369 1560 2398 disse—

861 2422 954 2454 ruit.’
1016 2423 1068 2453 Ex
1094 2422 1215 2462 quibus
1235 2422 1335 2452 etiam
1355 2420 1436 2450 illud
1454 2419 1560 2448 anim-

860 2475 1060 2513 advertitur,
1091 2474 1125 2504 in
1155 2484 1195 2504 ea
1233 2473 1307 2503 aede
1343 2480 1409 2502 non
1438 2471 1558 2510 legatis

861 2530 993 2556 tantum
1024 2528 1218 2554 exterarum
1247 2522 1421 2552 nationum
1453 2520 1557 2551 Sena-

861 2581 930 2606 tum
962 2574 1032 2604 dari
1074 2573 1210 2603 solitum
1240 2571 1366 2602 fnisse:
1412 2580 1488 2600 nam
1524 2574 1559 2599 et

861 2624 1116 2664 Magis-natibus
1133 2624 1187 2664 qni
1207 2622 1249 2653 ad
1267 2623 1382 2653 urbem
1400 2621 1558 2652 diceban-

862 2682 928 2717 tur,
945 2675 1046 2706 datus
1063 2679 1126 2706 est.
1153 2674 1249 2704 Idem.
