1876 3025
308 167 371 197 DE
404 162 678 194 VERBORUM
712 155 1129 191 SIGNIF'ICATIONE
1164 154 1260 184 [ΑΒ.
1295 153 1424 183 XVII.

1500 139 1586 182 927

131 264 387 306 Sudiculum
403 267 438 285 20
452 259 469 282 ‘¹
488 272 624 314 genus
644 256 806 311 flagelli
829 255 1011 303 (lictum,
1029 251 1146 306 quod
1170 250 1379 304 vapulan-
1407 248 1586 302 [PAUL.

187 338 251 374 tes
273 331 483 372 sudantes
504 329 625 369 facit.

131 401 312 450 Sudum,
335 400 518 447 siccum,
541 396 670 450 quasi
697 393 899 442 seudum,
928 391 973 434 id
997 396 1079 440 est,
1103 390 1195 429 sine
1219 387 1338 438 udo3
1371 387 1582 433 Securus,

189 468 281 509 sine
304 480 424 508 cura.

133 536 292 577 Sudam
308 541 322 558 θ
351 532 519 574 Verrius
540 531 600 572 ait
621 529 866 584 significare
888 529 971 569 sub
993 525 1131 574 udum,
1153 523 1222 565 sed
1241 529 1382 564 ancto-
1419 521 1585 575 [Fsss'r.

186 618 282 645 rum
305 604 498 645 omnium
519 601 606 641 fere
638 597 818 652 exempla
852 596 1062 637 voluntat
1089 594 1219 635 sudus
1253 593 1421 633 siccum
1452 589 1586 643 Signi-

188 674 304 714 ficet.
353 670 514 712 sadum
534 668 638 709 enim
658 666 778 723 quasi
797 664 975 716 seudum,
1006 663 1050 704 z'd
1083 668 1168 713 est,
1200 662 1295 703 sine
1326 660 1432 708 udo,
1456 664 1503 699 ut
1524 671 1589 698 se-

189 755 310 781 curus
330 740 414 781 sine
434 751 533 778 cura
554 736 706 777 dictum
726 743 796 776 est.

133 809 262 849 Sufes
278 806 292 829 f
319 807 451 848 dictus
476 803 698 844 Paenorum
719 802 1011 855 magistratus,
1033 803 1082 840 ut
1110 799 1323 839 Oscorum
1356 793 1590 835 Mediastn-

190 876 291 916 zicus
307 874 509 916 Calidius
539 873 584 913 in
614 871 820 912 Oratione
841 869 883 909 in
910 867 965 911 Q.
999 867 1212 909 Ccecilium
1234 881 1243 906 :
1278 865 1435 907 Nonne
1457 862 1586 903 vobis

193 943 360 985 „Iudices
380 943 512 997 ignem
531 945 575 982 et
603 940 751 982 fumus
785 939 995 992 prosequi
1016 944 1053 978 et
1073 936 1250 990 flamma
1279 934 1478 976 videtur:
1513 929 1591 970 Se-

191 1019 322 1054 natus
344 1010 515 1052 censuit
538 1006 769 1064 rcferencz'b.
801 1005 981 1047 Sufetis.

754 1137 853 1149 evm
856 1134 995 1147 eeeeee

180 1225 221 1253 20
244 1222 321 1253 Vet.
338 1221 395 1252 lib.
413 1219 610 1251 Seduculum.

792 1301 939 1335 NOTAE

136 1375 295 1416 imperite
323 1375 478 1409 snccuiae,
495 1373 626 1414 quasia
648 1371 762 1402 suibus
788 1379 837 1401 es-

138 1431 227 1466 sent,
258 1435 323 1456 non
358 1425 399 1456 ab
422 1424 600 1462 imbribus,
630 1421 838 1453 nominatae!

136 1477 225 1508 Vide
242 1476 334 1508 Geli.
350 1476 407 1506 lib.
426 1484 512 1507 xtu.
526 1484 600 1515 cap.
612 1477 643 1504 9.
659 1473 735 1504 Ant.
752 1473 838 1511 Aug.

180 1526 195 1547 d
217 1525 413 1565 Sudiculum]
447 1526 574 1556 Forsan
605 1524 839 1555 diminutivum

138 1588 156 1608 a
173 1579 274 1608 sudes.
321 1578 413 1607 Male
430 1578 486 1617 qui
502 1577 688 1607 seduculum.
710 1576 795 1606 Dac.

181 1633 195 1648 Ε
217 1627 352 1667 Surium]
374 1628 486 1657 Verrii
509 1626 711 1657 senteutiam
730 1624 840 1655 secuti

139 1678 293 1719 Angelus
312 1678 536 1709 Decembrius
561 1677 620 1708 lib.
638 1686 690 1708 1v.
708 1676 749 1706 de
774 1675 838 1706 Po-

138 1730 210 1760 litia
224 1729 406 1769 [iterat-ia,
419 1739 492 1768 cap.
505 1731 557 1759 48.
570 1733 604 1759 et
619 1730 671 1758 50.
705 1727 839 1756 Philar-

141 1780 257 1820 gyrius
274 1789 323 1809 lv.
349 1779 476 1819 Georg.
501 1779 607 1808 sudum
630 1777 726 1818 qnasi
749 1776 840 1807 semi-

139 1832 244 1861 ndum.
288 1829 354 1860 Sed
374 1830 499 1860 rectius
516 1829 658 1859 Festus:
684 1837 761 1858 nam
791 1837 841 1857 su-

139 1882 211 1911 dum
241 1890 376 1919 semper
413 1879 598 1920 opponitur
626 1880 696 1909 udo.
741 1878 844 1908 Voss.

139 1932 260 1966 sudum,
276 1940 294 1961 a
311 1931 436 1961 Graeco
448 1930 523 1969 ἴδος,
538 1930 626 1971 quod
643 1931 765 1960 coelum
780 1930 844 1961 sic-

141 1991 217 2012 cum
233 1987 267 2012 et
284 1981 430 2011 calidum
450 1985 560 2012 notat.
586 1980 684 2011 Idem.

185 2030 196 2051 s
216 2029 327 2069 Sufes]
358 2030 449 2067 Sufes
475 2031 578 2061 dictus
603 2034 648 2061 est
675 2030 843 2061 Poenorum

142 2083 251 2122 lingua
275 2092 411 2112 summus
439 2082 656 2120 magistratus,
679 2085 713 2112 ut
747 2082 842 2112 Osco-

141 2144 211 2164 rum
242 2133 365 2165 Medix.
413 2133 557 2163 Calidius
580 2133 613 2162 in
642 2132 782 2164 oratione
810 2133 844 2164 in

146 2184 306 2214 Coecilz'um
325 2195 335 2214 .·
364 2184 478 2214 Nonne
505 2183 601 2220 vohis,
631 2184 683 2223 &c-
735 2183 844 2213 Porro

143 2235 200 2274 qui
218 2234 392 2264 Hebraice
409 2234 533 2271 sciunt,
547 2238 582 2263 et
604 2243 670 2263 non
688 2232 846 2272 ignorant

146 2285 270 2315 Poenos
295 2285 472 2325 Tyriorum
500 2284 636 2314 colonos
659 2292 744 2322 esse,
764 2291 842 2313 con-

147 2335 271 2365 cedent
294 2334 386 2372 mitti,
410 2333 502 2372 Sufes
521 2333 610 2363 idem
635 2342 723 2372 esse,
753 2332 844 2373 qnod

146 2384 276 2415 Graecis
314 2383 434 2424 ἔφορος,
475 2382 624 2422 ἐπόπτης,
667 2383 846 2423 ἐπίσκοπος,

146 2442 231 2466 rimu.
277 2435 334 2466 Sic
352 2435 679 2475 Carthaginiensium
697 2445 757 2465 arx
770 2433 846 2474 βύρ-

147 2496 189 2515 σα
204 2484 297 2514 dicta
315 2494 374 2523 per
391 2484 594 2515 metathesin
614 2484 708 2526 quasi
735 2484 848 2525 βύσρα.

149 2535 238 2565 Nam
256 2534 327 2564 sine
345 2533 445 2564 dubio
459 2542 573 2573 namn,
585 2535 646 2565 hoc
661 2540 727 2573 est,
741 2535 848 2566 niuni-

149 2590 202 2616 tus
219 2585 324 2620 locus,
341 2583 428 2623 ἄκρα.
458 2585 534 2617 Quo
550 2585 684 2615 nomine
702 2585 849 2616 Idumae-

150 2646 246 2666 orum
263 2634 459 2674 metropolis
476 2634 524 2664 ita
537 2634 640 2674 dicta,
656 2635 712 2676 qui
729 2635 849 2666 eadem

148 2686 265 2726 lingua
290 2695 366 2716 cum
398 2685 706 2724 Carthaginiensib.
735 2686 849 2726 loque-

151 2737 288 2769 bantur.
335 2736 494 2777 Nugaces
525 2735 653 2776 Graeci,
690 2736 851 2777 quicquid

894 1366 935 1398 ad
975 1375 1091 1396 eorum
1123 1364 1273 1404 linguam
1311 1361 1442 1396 alludit,
1479 1362 1596 1392 statim

894 1418 1054 1450 Graecnm
1083 1425 1159 1447 esse
1197 1420 1350 1446 censent.
1400 1413 1488 1444 Nam
1520 1423 1595 1443 cum

895 1480 956 1512 pro
986 1469 1099 1509 βύσρα,
1129 1468 1217 1508 quod
1246 1476 1360 1497 eornm
1390 1466 1504 1505 lingua
1532 1474 1598 1496 non

894 1521 1101 1562 patiebatur,
1129 1518 1248 1559 βύρσαν
1271 1518 1445 1555 dixerunt,
1469 1517 1597 1547 dictum

894 1572 1024 1604 factum
1043 1582 1102 1612 pro
1115 1571 1239 1602 Graeco
1251 1568 1479 1609 publicarunt,
1495 1572 1599 1608 atque

897 1624 1186 1666 proscripserunt.
1234 1620 1309 1650 Hoc
1326 1619 1415 1659 quod
1433 1618 1487 1648 hic
1506 1624 1599 1648 nota-

896 1685 982 1710 mus,
1009 1673 1185 1704 scribimus
1210 1670 1262 1706 iis,
1287 1670 1343 1710 qui
1366 1669 1393 1699 si
1411 1669 1464 1698 vel
1483 1668 1599 1709 primis

895 1726 1078 1757 Hebraicis
1108 1722 1212 1754 literis
1235 1721 1330 1752 tincti
1354 1725 1444 1758 sunt,
1472 1728 1523 1749 me
1544 1728 1600 1749 ve-

897 1787 968 1807 rum
997 1775 1111 1806 dicere
1136 1783 1202 1804 non
1222 1772 1394 1810 negabunt
1413 1781 1421 1800 ε
1451 1771 1485 1801 in
1508 1775 1602 1800 utro—

897 1837 962 1868 que
1001 1831 1114 1857 autem
1152 1831 1220 1855 tam
1245 1830 1330 1857 now,
1364 1832 1463 1863 quani
1500 1829 1601 1853 ΠἾΥὉ,

898 1877 1044 1908 schurtk
1062 1886 1122 1916 pro
1138 1875 1249 1905 holem
1267 1872 1409 1904 effertur
1432 1882 1523 1902 more
1541 1872 1602 1912 Sy-

899 1938 1022 1960 rorum.
1045 1929 1113 1958 Jos.
1129 1926 1214 1957 Scal.

942 1978 1047 2018 Sufes]
1085 1977 1173 2008 Vide
1203 1978 1212 1993 ‘
1239 1973 1409 2017 Meddjxss
1454 1971 1602 2004 Suffetes

899 2032 988 2072 apud
1005 2027 1305 2068 Carthaginenses,
1331 2033 1367 2056 ut
1389 2024 1478 2065 apud
1496 2024 1604 2055 Athe-

898 2083 1033 2113 nienses
1060 2079 1241 2110 archontes
1265 2077 1431 2116 perpetui.
1478 2075 1522 2105 Et
1540 2074 1603 2112 sus-

889 2132 945 2170 fes
960 2131 1002 2162 ab
1021 2130 1171 2162 Hebraeo
1187 2127 1351 2167 sophetim,
1365 2136 1440 2157 nam
1458 2126 1604 2156 Hebrae-

899 2193 993 2215 orum
1006 2188 1040 2213 et
1050 2181 1227 2222 Tyriorum
1240 2179 1355 2218 lingua
1366 2177 1498 2211 eadem,
1512 2186 1605 2207 nem-

900 2245 943 2277 pe
960 2235 1165 2266 Chananoea.
1189 2231 1370 2272 Tyriorum
1385 2234 1498 2260 autern
1513 2229 1603 2259 colo-

899 2296 959 2316 nos
994 2285 1120 2315 Poenos
1154 2292 1253 2313 nemo
1284 2282 1433 2320 ignorat.
1468 2281 1604 2311 Vossius.

901 2337 1109 2371 Scaligerum
1129 2335 1244 2365 videl.
1261 2343 1318 2365 111.
1338 2334 1512 2364 Canonum
1533 2332 1605 2362 Isa-

902 2387 1098 2427 gogicorum
1114 2385 1261 2416 Eusebio
1275 2384 1510 2424 adjunctorum
1527 2392 1605 2422 pag.

902 2439 978 2468 321.
1009 2442 1043 2467 et
1075 2439 1150 2466 331.
1187 2440 1223 2466 et
1258 2433 1607 2465 animadversionibus

904 2485 1104 2517 Eusebianis
1132 2485 1173 2515 ad
1211 2494 1332 2515 annum
1365 2486 1459 2514 1242.
1493 2493 1524 2524 p.
1554 2486 1608 2513 64.

903 2537 1161 2568 Ilffediastuticum
1183 2540 1295 2566 autem
1314 2541 1412 2566 vocat
1431 2543 1529 2574 quam
1553 2542 1607 2563 su-

904 2597 967 2627 pra
996 2587 1121 2623 IlIede'x,
1154 2586 1322 2617 Oscorum
1355 2584 1608 2623 Magistratnm.

903 2637 971 2668 Sed
1003 2638 1118 2677 potius
1152 2636 1333 2677 legendum
1367 2633 1605 2664 Medinzcticzffi.

906 2688 995 2719 Nam
1014 2688 1060 2718 ita
1078 2692 1198 2728 aperte
1214 2696 1231 2716 a
1249 2685 1371 2715 Medix.
1428 2684 1472 2714 Et
1489 2684 1535 2714 ita
1554 2683 1608 2713 Li-

906 2737 980 2768 vius
998 2737 1054 2768 lib.
1074 2745 1177 2768 xxiv.
1195 2740 1228 2766 et
1245 2744 1350 2766 xxm.
1376 2734 1457 2764 Duc.
