1876 3025
296 132 407 173 1070
739 141 887 171 sux‘rl
925 141 1127 171 POMPEJI
1164 141 1302 171 Fus‘rl

297 237 521 294 inferorum
542 236 645 278 bunc
666 235 952 292 cliemfestum,
967 252 1064 291 quos
1086 244 1227 278 vocant
1246 237 1386 288 Lares,
1402 243 1615 291 putarent,
1632 236 1744 292 quib.

296 321 338 346 eo
361 305 425 346 die
446 312 504 346 tot
518 305 629 359 pilae,
653 310 762 359 quot
783 304 917 358 capita
945 319 1175 349 servoruum
1214 312 1274 345 tot
1304 305 1464 360 effigies,
1497 312 1594 360 quot
1619 312 1745 346 essent

294 373 430 423 liberi,
445 372 733 427 ponebantur:
765 379 810 412 uc
830 372 1012 422 vivis‚sic
1033 373 1136 413 enim
1157 373 1425 424 invocantur,
1437 380 1653 427 parcerent
1672 390 1685 417 ,·
1707 380 1744 412 ec

295 449 419 483 essent
441 441 501 482 lu's
529 440 628 494 pilis
655 447 692 480 et
721 439 947 481 simulacris
969 442 1166 483 contenti.
1228 440 1396 481 Punica:
1412 440 1601 497 fortunce
1623 441 1743 481 cedem

294 510 446 551 vovisse
476 508 626 548 dicitnr
650 507 864 549 Cornelius
899 507 1046 562 Scipio
1077 523 1166 549 cum
1194 508 1486 563 Carthaginem
1518 508 1742 550 obsideret:

296 594 344 620 ne
365 578 534 618 adversa
566 592 612 617 ea
637 577 831 618 Fortuna
854 584 1053 618 uteretur.
1115 576 1229 617 Idem
1250 592 1369 632 quoq.
1390 577 1500 617 vovit
1519 577 1639 617 aedem
1666 574 1745 617 Ve-

295 648 423 698 neris,
443 660 530 701 qua:
547 651 850 700 cognomentum
867 644 1050 686 babuisse
1066 645 1215 686 dicitur
1234 643 1474 694 Genitricis,
1491 659 1612 698 quam
1632 643 1743 684 dedi-

293 716 416 765 cavit,
438 714 509 754 ubi
522 713 703 768 primum
726 711 922 754 aemulanz
944 710 1141 754 Romance
1160 713 1338 753 civitatis
1363 711 1742 767 Carthaginiensem

294 786 445 826 urbem
480 780 755 837 expugnavit.-
792 781 976 836 quamvis
1012 780 1087 821 alii
1120 780 1272 832 dicant,
1308 780 1465 836 aliquot
1491 787 1583 833 post
1618 782 1743 821 annis

294 850 535 892 dedicavisse
655 879 663 886 .
801 878 810 887 .
864 850 865 854 ’
941 880 949 888 .
1068 881 1077 890 .
1195 864 1271 889 cos.
1295 863 1392 890 cum
1410 849 1575 890 Punic-ce
1594 847 1742 888 Fortu-

293 934 352 959 na’
374 918 508 968 cedem,
530 932 650 973 quam
681 931 728 958 ex
759 920 853 958 voto
888 917 1076 958 debebat
1100 918 1280 971 primam
1310 915 1507 966 dedicare,
1531 914 1740 955 locandam

293 1002 373 1027 non
403 994 591 1029 curasset.
653 986 801 1035 Pueri,
836 984 1049 1039 inpuberes
1087 984 1295 1035 dicuntur,
1330 984 1371 1025 in
1404 998 1481 1039 quo
1511 981 1739 1038 signficant

293 1057 430 1097 utitur
451 1056 559 1096 Atta
580 1054 622 1094 in
737 1084 747 1094 .
868 1084 876 1092 .
996 1084 1005 1092 .
1114 1052 1273 1106 plurib.
1292 1053 1450 1094 versib.
1466 1052 1596 1092 docet

610 1120 743 1162 Pueri
774 1119 981 1175 inpuberis
1012 1134 1160 1161 (cneum
1187 1122 1359 1173 signum
1380 1120 1435 1160 ad
1460 1120 1625 1160 salinas
1647 1116 1741 1158 olim

292 1206 315 1230 a
440 1220 449 1229 .
569 1222 577 1229 .
688 1186 984 1243 posicumjuit,
1006 1187 1115 1242 quod
1134 1189 1299 1241 signum
1322 1188 1501 1228 allatum
1524 1200 1542 1226 e

536 1255 845 1312 faissejerunc,
867 1256 985 1308 quod
1009 1260 1107 1296 sunt
1129 1255 1275 1296 conati
1294 1254 1460 1309 quidam
1478 1252 1657 1309 auferre,
1674 1252 1743 1293 sed

292 1325 468 1366 avellere
495 1338 624 1365 nemo
661 1337 870 1377 umquam
898 1322 1048 1377 potuit.
1110 1321 1201 1361 Alii
1231 1322 1368 1362 dicunt
1400 1321 1582 1361 avulsam
1614 1321 1739 1362 basim

291 1399 451 1447 praeter
471 1394 618 1447 ipsum
651 1392 820 1444 signum
851 1406 874 1430 a
898 1389 1138 1445 quibusdam
1157 1388 1308 1445 juisse,
1340 1390 1450 1445 qqu.
1481 1389 1738 1438 abstulerint,

292 1462 404 1501 5111)Ξ
442 1462 564 1513 signo
600 1461 814 1506 abierunt,
851 1457 937 1497 basi
969 1457 1053 1498 sola
1081 1457 1219 1512 potiti.
1281 1456 1372 1497 Alii
1396 1464 1528 1496 tamen
1552 1455 1739 1505 tradunt,

292 1529 423 1569 Simul
445 1534 492 1570 ut
508 1528 668 1582 signum
689 1527 819 1580 ipsum
841 1524 1096 1574 abstulerint,
1120 1526 1158 1565 in
1182 1540 1281 1580 agro
1309 1523 1470 1565 Tiburti
1487 1537 1663 1565 erexere
1681 1525 1739 1565 ad

292 1597 483 1650 quintum
506 1595 557 1635 ab
580 1594 678 1634 urbe
699 1593 937 1634 miliarium.
980 1593 1118 1634 Plena
1139 1607 1217 1634 sue
1239 1592 1409 1633 Telluri
1429 1591 1569 1632 Matri
1585 1592 1739 1646 sacriti-

291 1662 477 1712 cabatur,
507 1660 616 1717 quod
640 1660 805 1715 pecudis
830 1661 875 1701 id
903 1673 1040 1713 genus
1067 1674 1165 1701 cum
1187 1664 1384 1701 seretur4
1402 1659 1501 1700 sacis
1519 1659 1739 1709 inimicum,

290 1730 387 1785 quia
409 1736 536 1770 rostro
553 1742 685 1769 semen
702 1727 911 1769 fodiendo
930 1734 1229 1781 corrumperet.
1292 1726 1411 1767 Ploti
1431 1726 1630 1781 appellati
1647 1734 1741 1767 sunt

291 1799 462 1848 Umbri,
503 1797 655 1851 pedib.
692 1796 837 1850 planis
873 1795 995 1849 quod
1023 1802 1147 1836 essent
1162 1812 1174 1834 :
1207 1795 1309 1835 unde
1342 1794 1466 1836 soleas
1505 1792 1740 1834 dimidiatas

289 1865 402 1920 quib.
423 1870 602 1906 utuntur
623 1866 667 1905 in
689 1864 907 1913 venando,
925 1877 1002 1917 quo
1019 1862 1185 1916 planius
1200 1862 1340 1917 pedem
1357 1869 1566 1917 ponerent,
1586 1868 1740 1902 vocant

291 1934 559 1987 semiplotia,
584 1936 628 1973 et
647 1931 698 1971 ab
717 1931 988 1971 eadem'causa
1011 1929 1078 1972 M.
1100 1930 1254 1971 Accius
1275 1930 1425 1984 poeta,
1447 1931 1553 1983 quia
1575 1929 1739 1971 Umber

289 2002 378 2052 [48]
411 2001 616 2041 Sarsinas
639 2003 746 2048 erat,
778 2012 805 2039 a
840 1998 1004 2051 pedum
1028 1998 1219 2051 planicie
1240 1999 1363 2038 initio
1384 1998 1559 2047 Plotus,
1580 2001 1737 2051 postea

290 2068 478 2109 Plautus
501 2072 675 2119 coeptus
697 2070 765 2106 est
786 2065 888 2105 dici.
928 2065 1173 2105 Postumus
1194 2065 1524 2116 cognominatur
1543 2067 1645 2117 post
1658 2076 1736 2116 pa-

289 2136 366 2175 tris
385 2138 564 2175 mortem
579 2138 722 2174 natus.
756 2132 941 2172 Plautus
958 2132 1000 2171 in
1015 2131 1273 2173 Aulularia:
1299 2131 1412 2172 Post
1431 2131 1619 2171 mediam
1634 2136 1738 2172 aeta—

289 2206 374 2243 tem
403 2203 478 2255 qui
498 2200 686 2242 mediam
708 2200 829 2240 ducit
849 2212 1031 2239 uxorem
1063 2199 1239 2239 domum
1272 2200 1309 2239 si
1334 2213 1430 2240 eam
1449 2212 1580 2239 senex
1604 2212 1735 2239 anum

289 2273 585 2322 praegnantem
614 2269 799 2308 fortuito
829 2267 1001 2319 feeerit;
1033 2266 1140 2320 quid
1171 2267 1364 2316 dubitas,
1388 2268 1493 2319 quin
1523 2267 1580 2307 sit
1609 2279 1736 2319 para-

289 2342 378 2377 tum
399 2338 464 2378 his
484 2350 643 2377 nomen
665 2336 814 2389 pueris
845 2335 1078 2376 Postumi?
1139 2333 1332 2385 Ροιτῑαε,ἰ
1355 2348 1456 2388 quae
1480 2336 1586 2375 iuter
1606 2334 1705 2374 duci
1723 2338 1737 2361 5

894 2454 1123 2466 eeeeeeeeeeee

334 2537 351 2564 3
377 2533 401 2565 f.
418 2535 556 2565 sina—4
582 2533 605 2565 f.
622 2537 874 2565 censeretur.—5
899 2533 921 2564 f.
936 2535 1021 2564 duos.

942 2641 1082 2673 NOTAE

336 2704 342 2724 ἰ
379 2706 509 2746 Porcus]
546 2706 655 2736 Varro
681 2706 737 2737 lib.
766 2716 789 2736 1.
815 2705 857 2737 de
885 2706 933 2736 Re
967 2705 1107 2737 Rustica
1132 2714 1208 2745 cap.
1232 2708 1284 2736 29.
1312 2704 1431 2737 ‘Quod
1458 2709 1510 2736 est
1538 2705 1624 2736 inter
1650 2704 1732 2739 dnos
