1876 3025
270 170 354 217 658

271 276 543 327 Promellere‚
568 272 734 316 Verrius
750 273 810 314 ait
826 269 1053 328 significare
1069 268 1228 330 lituum
1247 268 1463 322 provere.¹

726 176 875 209 sEx'rl
909 174 1111 207 POMPEH
1144 173 1281 205 FESTI

1546 265 1714 320 [FEST.

271 346 584 388 Promenervat
601 349 618 366 '‘
638 343 742 384 item
761 354 841 395 pro
861 342 1008 380 monet
1024 337 1085 388 (in
1106 336 1268 379 Saliari
1287 331 1514 388 carmine.)

271 413 605 462 Promerion‚²³'
637 409 924 465 praecipuum,
954 409 1114 460 praeter
1152 409 1325 446 ceteros
1358 402 1587 443 meritum:
1636 405 1712 441 aut

328 495 409 536 pro
442 479 650 528 medium,
671 478 754 518 hoc
787 479 869 524 est,
891 473 1147 528 participat,
1185 476 1235 513 ut
1263 483 1344 526 pro
1382 469 1574 511 indiviso
1605 467 1714 508 dici·

328 562 442 590 mus.

271 616 547 658 Promiscam
564 619 578 635 ²
606 612 815 653 dicebant
835 609 1109 663 promiscue.³

1535 602 1711 656 [PAUL.

272 684 530 725 Promissus
546 687 561 703 ³
591 679 779 733 capillus
800 676 958 718 dicitur
987 675 1167 728 longus:
1197 673 1303 715 item
1322 672 1459 714 barba
1477 669 1712 725 promissa,

329 751 452 792 velut
472 761 604 803 porro
622 746 774 787 missa.

272 814 594 864 Promonstra,b
613 812 826 867 prodigia.

273 883 507 925 Promulco
522 887 536 903 ⁰
558 882 629 934 agi
650 880 806 920 dicitur
826 877 970 926 navis,
987 889 1087 918 cum
1111 874 1292 928 scaphae
1306 879 1323 904 4
1353 873 1529 915 ducitur
1547 873 1665 914 fune.

273 949 548 1003 Promulgari
563 948 579 971 ἀ
614 948 733 1000 leges
756 946 974 994 dicuntur,
1009 956 1105 985 cum
1127 943 1315 997 primum
1334 941 1380 982 in
1402 941 1556 994 vulgus
1579 940 1713 982 edun-

328 1023 412 1067 tur,
437 1016 563 1070 quasi
584 1014 850 1069 provulgari.

877 1120 1116 1134 ΟΝΝΜΟΟΟ

315 1195 331 1222 1
359 1190 459 1232 Legit
483 1190 569 1221 Dae.
592 1189 677 1220 litem
697 1190 949 1229 promovere—2
971 1187 1052 1218 Vet.
1068 1186 1125 1218 lib.
1146 1184 1349 1217 Promorion:
1373 1188 1408 1215 et
1433 1192 1511 1214 mox
1534 1182 1633 1214 medio
1655 1192 1716 1223 pro

271 1235 482 1266 medium—3
505 1233 585 1263 Vet.
601 1232 657 1263 lib.
678 1232 820 1262 dicebant
833 1241 888 1271 pro
902 1230 1179 1271 promissivum—4
1205 1229 1273 1259 Pro
1288 1227 1409 1268 scapha.-
1431 1224 1567 1266 quidam
1592 1225 1717 1257 substi-

273 1283 374 1309 tuunt
388 1276 521 1317 scapha;
546 1275 828 1316 pessime‚judice
844 1275 933 1305 Dae.

928 1380 1068 1413 NOTAE

273 1470 292 1491 a
309 1470 374 1501 quo
391 1464 427 1491 et
442 1459 635 1499 remeligines
656 1459 772 1498 dictae,
794 1467 870 1499 quae
889 1467 907 1488 a
922 1467 970 1488 re-

271 1512 429 1550 morando,
444 1520 582 1541 remoroe.
607 1510 691 1540 Dac.

314 1565 330 1581 Χ
353 1560 593 1600 Promenervat]
618 1559 649 1591 A
665 1559 829 1597 Menervu,
841 1566 971 1588 mener-

271 1620 353 1641 vare
383 1615 419 1642 et
449 1618 722 1650 promenervare.
768 1607 856 1638 Vide
882 1608 892 1625 ‘
905 1606 970 1637 Mi-

271 1660 400 1691 nerva.’
444 1659 535 1691 Illud
565 1659 640 1690 item
668 1668 735 1689 non
771 1656 970 1688 mutandum

272 1715 338 1750 est,
355 1714 393 1741 ut
406 1709 486 1740 viris
501 1709 611 1740 doctis
633 1709 739 1739 visum
762 1707 839 1739 fuit.
884 1706 970 1737 Nam

271 1762 376 1793 hocce
397 1765 499 1800 caput
515 1759 676 1790 continuo
699 1763 777 1800 post
790 1761 972 1799 praeceptat,

272 1817 306 1843 et
320 1822 361 1852 pa
373 1821 431 1852 pro
444 1814 533 1851 parte
549 1809 739 1850 legebatur,
754 1808 811 1840 ubi
828 1808 870 1839 de
886 1807 972 1839 Sali-

220 1868 223 1870 '
274 1863 322 1894 ari
340 1863 499 1893 carmine.
522 1862 621 1892 Idem.

314 1919 328 1940 y
354 1911 554 1951 Promerz'on]
569 1909 852 1949 Corruptissimus
865 1909 971 1948 locus,

273 1962 377 2003 siquis
395 1962 490 1993 alius.
534 1960 731 2000 Legendum
749 1959 798 1990 ita
810 1958 898 1989 haud
911 1957 972 1988 du-

272 2013 327 2043 bie
342 2023 349 2043 :
377 2010 562 2050 Promerit0‚
576 2010 776 2051 proecijmum,
794 2011 910 2049 praeter
924 2018 971 2039 ce-

273 2067 356 2093 teros
384 2062 540 2099 meritum,
563 2064 596 2090 ut
619 2070 674 2100 pro
699 2059 810 2097 medio,
833 2059 888 2089 hoc
913 2063 972 2098 est,

272 2113 467 2153 participem,
503 2115 534 2142 et
567 2121 623 2151 pro
660 2109 794 2140 indiviso
831 2108 972 2140 dicimus.

275 2163 358 2194 Quae
377 2161 480 2192 verba
502 2166 664 2201 qnantum
682 2159 793 2190 Latini
810 2159 971 2189 sermonis

274 2213 454 2250 intererat,
465 2211 569 2248 salva,
581 2214 682 2250 atque
691 2209 870 2240 incolumia
879 2219 972 2240 man-

275 2263 370 2297 sisse,
387 2271 484 2291 nemo
502 2270 566 2291 non
583 2259 688 2290 videt.
715 2259 784 2290 Jos.
800 2258 884 2290 Scal.

318 2310 517 2350 promerion]
552 2309 718 2341 Promedz‘o
733 2309 894 2340 dicebant
911 2319 972 2349 pro

276 2362 459 2402 participe,
489 2360 567 2402 quia
597 2368 673 2400 pars
705 2363 758 2390 est
785 2359 971 2390 dimidium.

275 2412 364 2443 Vide
395 2421 471 2453 quae
508 2406 663 2441 notamus
694 2409 762 2441 od.
789 2419 814 2442 1.
848 2410 972 2442 Horat.

276 2461 357 2492 Dae.

320 2517 332 2531 2
355 2509 560 2550 Promiscam]
574 2510 602 2541 A
615 2510 724 2541 misceo
734 2509 865 2545 dixere,
880 2510 888 2526 ‘
900 2510 974 2540 mis-

276 2560 344 2592 cus’
379 2565 415 2591 et
445 2560 454 2577 ‘
470 2559 655 2592 misenus:’
677 2562 686 2578 ‘
710 2558 912 2600 promiscus’
936 2564 971 2590 et

276 2611 285 2627 ‘
301 2609 533 2651 promiscuus:
580 2609 608 2640 A
635 2609 816 2650 promiscas,
842 2608 971 2649 promis-

276 2671 354 2691 cum.
373 2661 382 2667 “
400 2660 516 2692 Plaut.
539 2659 666 2691 Pseud.
683 2669 733 2691 1v.
755 2663 785 2690 5.
809 2660 818 2676 ‘
834 2659 881 2690 Ut
897 2668 972 2690 mea

277 2710 397 2743 laetitia
412 2711 509 2743 laetus
525 2710 726 2751 promiscam
742 2709 830 2741 siet.'
841 2710 969 2742 Varro:

1019 1456 1029 1473 ⁴
1048 1455 1173 1487 Cetera
1189 1453 1387 1495 promiscam
1405 1452 1511 1484 voluit
1529 1451 1720 1483 communia

1019 1505 1141 1537 haberi
1154 1517 1159 1534 :
1171 1505 1179 1518 ²
1197 1505 1356 1536 dicebant
1371 1509 1407 1535 et
1416 1504 1576 1545 promisce.
1602 1503 1719 1534 Plaut.

1022 1556 1120 1586 Pers.
1151 1565 1185 1586 v.
1215 1556 1275 1586 ult.
1298 1554 1496 1586 ‘Promisce
1526 1553 1615 1584 hunc
1642 1552 1719 1583 volo

1023 1606 1211 1638 ludificarie
1233 1606 1334 1637 Idem.

1064 1661 1079 1676 ὃ
1100 1656 1294 1697 Promissus]
1311 1656 1423 1688 Gloss.
1436 1656 1540 1697 Cyril.
1558 1657 1568 1674 ‘
1581 1656 1721 1697 προβάλ-

1022 1712 1078 1742 λω,
1094 1705 1280 1747 promitto.'
1313 1706 1402 1737 Item
1420 1711 1428 1724 ‘
1439 1707 1620 1747 προπέμπω,
1636 1707 1721 1737 Pro—

1023 1755 1147 1787 mitto.'
1190 1755 1293 1794 Item,
1308 1757 1317 1772 ‘
1332 1755 1516 1795 καθειμένος,
1528 1755 1577 1787 ἐπὶ
1591 1754 1722 1795 γενείου.

1023 1805 1227 1837 Promissus.
1250 1805 1490 1848 Promissaque
1509 1806 1621 1838 barba.
1646 1806 1722 1837 Vir-

1023 1857 1121 1897 gilius
1137 1856 1170 1886 in
1188 1856 1322 1887 Bucol.'
1345 1856 1442 1888 Idem.

1067 1905 1081 1925 b
1103 1905 1326 1946 Promonstra]
1350 1906 1378 1936 A
1393 1916 1462 1946 pro,
1486 1906 1520 1937 id
1543 1912 1609 1946 est,
1636 1916 1721 1947 prae,

1024 1959 1058 1985 et
1073 1964 1189 1986 moneo.
1215 1955 1324 1985 Idem.

1065 2010 1078 2025 0
1103 2005 1281 2045 Promulco]
1320 2005 1406 2036 Mihi
1436 2006 1555 2038 mirum
1585 2007 1721 2039 videtur

1019 2056 1175 2095 promulco
1202 2054 1269 2086 dici
1303 2056 1390 2087 trahi
1420 2066 1553 2097 navem,
1583 2066 1659 2089 cum
1687 2058 1721 2088 id

1024 2105 1149 2136 Graeco
1163 2104 1266 2135 verbo
1281 2106 1414 2136 remulco
1430 2106 1482 2146 agi
1501 2106 1644 2143 dicatur,
1664 2119 1722 2137 πα-

1023 2154 1061 2196 ρὰ
1072 2154 1110 2185 τὸ
1125 2155 1318 2195 ῥυμουλκεΐν.
1341 2156 1410 2187 Jos-
1426 2157 1511 2188 Scal.

1067 2204 1248 2244 Promulco]
1274 2206 1362 2237 Vide
1382 2208 1390 2224 ‘
1406 2207 1583 2239 remulco.'
1604 2208 1686 2239 Dac-

1065 2254 1080 2274 ‘¹
1102 2255 1320 2294 Promulgari]
1335 2254 1537 2287 Addendum
1552 2263 1654 2293 esset,
1667 2267 1722 2287 an-

1024 2310 1053 2337 ie
1068 2316 1158 2346 quam
1173 2306 1378 2345 accipiantur,
1394 2308 1605 2345 velserantur.
1651 2309 1722 2339 Ne-

1024 2366 1089 2397 que
1114 2357 1200 2387 enim
1228 2356 1271 2387 de
1296 2356 1426 2396 legibus
1450 2359 1602 2397 acceptis
1619 2357 1723 2398 jama

1024 2406 1151 2446 populo
1180 2405 1212 2436 id
1244 2410 1336 2437 recte
1366 2406 1504 2437 dicitnr.
1547 2407 1615 2438 Sed
1646 2417 1722 2438 cum

1024 2456 1219 2487 trinnndino
1242 2455 1296 2487 die
1321 2456 1504 2497 propositae
1526 2462 1615 2493 sunt,
1635 2462 1724 2488 toto-

1024 2516 1090 2548 que
1114 2506 1172 2537 illo
1189 2512 1342 2547 tempore
1362 2512 1542 2548 antequam
1560 2506 1723 2548 suffraga-

1025 2561 1096 2588 tum
1114 2557 1170 2588 sit.
1194 2558 1271 2588 Ant.
1287 2556 1372 2596 Aug.

1069 2606 1283 2647 Promulgari]
1301 2607 1406 2639 Quasi
1421 2608 1611 2648 provulgari.
1635 2608 1721 2638 Bec-

1023 2667 1164 2690 mannus
1189 2669 1209 2690 a
1235 2659 1360 2692 Graeco
1386 2659 1598 2702 προμολογέω,
1618 2669 1637 2690 a
1662 2659 1720 2699 πρὸ

1024 2709 1097 2749 ἐμοῦ
1119 2715 1154 2742 et
1178 2709 1285 2749 λόγος.
1332 2711 1401 2743 Alii
1426 2722 1444 2743 a
1466 2710 1608 2752 μύλλειν,
1629 2710 1719 2753 quod
