1876 3025
477 123 623 155 SEXTI
659 121 859 153 POMPEI!
896 121 1032 152 FESTI
1068 121 1162 151 LIB.
1197 121 1303 150 xlv.

171 226 250 251 sunt
263 219 368 250 avidae
386 218 449 250 illae
463 220 618 250 volucres
636 218 718 250 ferae
735 218 870 259 griphes

170 276 311 305 vocatae,
350 279 467 300 altrum
501 281 518 300 e
549 270 703 301 cavernis
735 269 868 310 penitus

169 325 362 360 egerentes.
389 320 474 350 Idem
491 319 543 350 lib.
560 329 614 350 ιιι.
630 329 695 359 cap.
712 322 762 350 10.

209 372 302 402 PAG.
319 372 393 402 596.
417 371 542 411 Pilare]
570 370 716 401 Dubium
735 379 798 400 non
817 374 868 400 est

164 420 244 462 quin
262 421 336 451 liaec
354 430 373 450 a
399 421 500 451 verbo
515 420 636 452 Graeco
655 420 867 452 deducantur

163 471 292 502 AEolico
302 472 446 508 πιλητὴς,
460 471 491 502 id
505 471 644 510 est‚fur,
657 472 710 511 qui
724 470 863 510 φιλητὴς

166 520 208 551 ab
226 520 378 552 Hesiodo
398 528 547 561 vocatur,
568 521 625 552 sed
655 521 784 552 AEolum
811 527 863 553 est

165 571 386 611 aspirationes
410 573 441 602 in
469 578 588 603 tenues
611 577 756 607 mutare,
775 577 810 602 ut
831 577 865 603 et

164 621 198 651 in
218 622 392 661 superiore
413 622 576 653 vocabulo
602 631 661 663 pro
683 620 790 661 σφὶγξ,
807 621 865 653 do-

165 670 236 701 rice
252 670 360 712 πὶξ,εῐ
378 672 503 703 AEolice
520 672 582 712 φὶξ,
601 673 686 703 unde
705 673 863 704 Latinum

164 722 304 752 verbum
325 723 396 762 pica
413 728 447 753 et
465 723 599 762 picata&
624 722 678 754 Id.
696 722 776 753 ibid.

206 772 330 812 Pilare]
356 773 551 812 Legendum
578 773 778 810 censuerim,
804 773 862 803 Pi·

160 822 225 853 lare
239 826 269 854 et
282 824 447 863 compilare
463 828 535 854 sunt
552 826 606 864 qui
624 824 745 854 Groecre
763 825 860 863 origi-

160 874 208 903 nis
228 878 348 913 putent.
391 874 497 905 Graeci
521 876 602 906 enim
619 874 712 912 fures
727 876 861 913 φιλήτας

159 923 277 956 dicunt.
324 925 391 955 Pro
410 926 502 963 fares
530 925 664 966 quidem
694 926 726 956 in
753 926 860 957 Paulo

159 974 288 1015 legitur
309 976 426 1016 plures,
448 986 490 1006 ex
515 986 580 1017 quo
595 977 686 1014 fures
712 985 784 1006 esse
811 975 859 1007 fa-

160 1026 317 1058 ciendum
342 1028 443 1058 etiam
466 1034 543 1058 ante
570 1038 628 1058 nos
646 1028 701 1058 alii
719 1033 858 1058 annota-

159 1081 250 1108 runt.
294 1078 394 1110 Quod
421 1084 535 1109 autem
559 1078 659 1110 iidem
686 1079 798 1118 piletus
825 1079 857 1109 in

158 1126 303 1167 πειράτας
324 1133 509 1165 mutarunt,
534 1138 598 1159 non
623 1135 705 1169 puto
722 1130 858 1169 elegan-

156 1177 237 1208 tiori
261 1179 414 1219 cuiquam
440 1179 574 1219 probari
602 1188 711 1219 posse.
758 1180 856 1210 Cete-

161 1238 233 1259 rum
261 1229 351 1270 quod
383 1228 443 1259 ἀπὸ
469 1231 533 1260 τῶν
555 1231 696 1269 φιλητῶν
719 1229 857 1260 deducit

159 1280 282 1311 Festus
300 1280 439 1310 verbum
459 1280 578 1316 Pilare,
601 1280 765 1311 neminem
788 1287 855 1310 tur-

158 1330 238 1361 bare
256 1330 371 1370 debet,
389 1332 521 1362 tametsi
545 1332 662 1371 prima?
681 1332 855 1372 utriusque

154 1380 280 1411 litterae
309 1385 387 1412 sunt
415 1381 612 1412 dissimiles:
646 1381 854 1422 quandoqui-

155 1431 231 1462 dem
248 1432 311 1463 ista
330 1433 488 1472 aspiratae
507 1433 539 1462 in
558 1438 692 1463 tenuem
709 1435 853 1463 mutatio

154 1481 318 1524 frequens
336 1484 368 1513 in
387 1483 509 1514 talibus
527 1484 711 1522 contingit:
738 1493 852 1523 quem—

155 1532 336 1563 admodum
367 1537 402 1563 et
432 1532 552 1563 Festus
584 1533 653 1572 ipse
682 1533 712 1562 iu
750 1532 851 1563 verbo

155 1583 263 1614 Pit—ati
291 1583 405 1621 docet,
421 1592 496 1614 cum
524 1583 611 1624 quod
636 1582 748 1614 Graeci
765 1584 852 1622 φῖκα,

152 1632 187 1663 id
220 1632 331 1663 Latini
364 1633 466 1672 picum
497 1632 656 1663 dixerint.
716 1632 850 1674 Alioqui

153 1693 252 1714 nemo
278 1684 387 1714 nescit
405 1683 516 1714 AEoles
538 1683 685 1722 aspirata
704 1683 851 1714 tenuiter

153 1733 273 1766 efferre
305 1735 425 1766 solere.
483 1734 648 1765 Similiter
677 1733 850 1775 φάσκελον,

152 1785 242 1826 quod
268 1794 356 1816 nunc
382 1786 414 1815 in
438 1790 585 1815 mentem
604 1785 709 1822 venit,
736 1785 848 1815 Latini

154 1837 317 1867 Pascolum
335 1836 503 1871 dixerunt,
530 1840 562 1866 et
582 1844 640 1875 per
658 1835 850 1867 diminutio-

151 1897 228 1918 nem
265 1887 416 1922 Plautus,
459 1887 626 1926 Rudente,
660 1887 849 1918 Pasceozum.

151 1938 267 1979 Atque
295 1939 364 1969 liaec
389 1948 463 1968 cum
489 1938 633 1978 primum
660 1938 851 1977 edidissem,

150 1988 352 2028 prodierunt
367 1998 443 2019 mox
459 1988 652 2019 doctissima
667 1988 850 2020 doctissimi

150 2039 302 2070 Turnebi
325 2039 550 2070 Adversaria:
576 2040 609 2070 in
632 2040 750 2081 quibus
770 2050 850 2081 quo-

150 2091 240 2122 niam
258 2091 376 2122 eodem
395 2090 494 2121 modo
510 2091 617 2122 locum
636 2092 722 2122 bunc
739 2101 850 2122 ernen-

149 2142 255 2182 davit,
286 2151 327 2172 ea
358 2151 411 2172 res
441 2151 506 2171 non
538 2141 741 2173 mediocrem
769 2142 850 2172 milii

148 2192 302 2224 laetitiam
326 2193 438 2223 attulit
457 2203 464 2222 ε
490 2202 552 2223 nec
570 2192 704 2228 mirum,
721 2203 794 2223 nam
814 2199 848 2224 et

149 2242 205 2273 ille
233 2242 285 2283 (at
309 2243 418 2283 qualis
442 2243 528 2282 vir!)
552 2244 663 2283 placet
680 2243 848 2275 interdum

148 2293 213 2324 sibi
230 2294 255 2324 si
273 2304 356 2334 quos
373 2293 654 2334 imbet‚quamvis
672 2305 850 2334 suppares,

150 2345 334 2375 sententiae
367 2354 435 2374 suae
462 2349 660 2376 assertores.
696 2346 852 2376 Canterus

150 2395 270 2426 Novar.
289 2396 358 2425 lect.
372 2395 424 2425 lib.
439 2404 463 2425 1.
479 2405 546 2435 cap.
562 2397 593 2426 3.

192 2445 282 2476 PAG.
293 2448 365 2476 599.
391 2445 528 2476 Piscina’
543 2445 689 2485 publicae]
714 2446 782 2476 Pro
798 2446 848 2476 ob-

152 2499 219 2527 tuso
234 2506 285 2526 ore
304 2496 395 2536 pugil
418 2496 600 2535 piscinensis
621 2506 670 2527 res
685 2501 744 2535 est,
769 2498 848 2528 scri-

151 2547 300 2578 bendum
314 2547 471 2586 conjicio,
487 2546 604 2577 Obtnso
620 2557 670 2578 ore
688 2550 775 2587 pugil
787 2549 849 2588 pis·

149 2597 342 2637 cinensisque
364 2607 517 2637 resesque.
542 2598 689 2629 Turneb.
705 2599 850 2631 lib.xvr.

151 2650 294 2688 cap.22.

193 2696 283 2730 PAG.
307 2700 381 2728 604.
420 2698 564 2739 Plorare]
601 2700 730 2733 Plorare
761 2702 847 2743 apud

1509 110 1525 151 ]
1536 110 1619 151 *223

921 218 1050 258 priscos
1066 222 1139 248 erat
1152 216 1313 257 quiritatu
1329 218 1362 245 et
1376 216 1509 255 ploratu
1524 216 1617 246 auxi-

920 269 999 299 lium
1031 273 1161 308 petere,
1189 272 1223 298 et
1251 266 1437 306 appellare,
1456 266 1617 296 clamare-

919 328 997 359 que.
1043 319 1186 350 Festus:
1206 318 1232 348 si
1245 319 1402 357 parentem
1418 326 1494 356 puer
1511 316 1617 346 verbe-

918 369 1023 409 rassit,
1039 372 1088 399 ast
1105 369 1181 399 ollas
1194 367 1336 408 plorassit
1353 370 1508 405 parentes,
1524 365 1617 396 Divis

915 424 1078 458 parentum
1099 428 1187 450 sacer
1206 421 1272 448 est:
1296 416 1342 447 sic
1360 414 1432 446 fere
1448 416 1616 455 corrigen-

916 468 993 499 dum
1008 469 1142 500 Festum
1157 467 1376 505 crediderim;
1393 467 1426 497 in
1441 476 1504 506 quo
1516 466 1617 497 verbe·

915 520 958 560 rit
989 530 1054 551 non
1083 519 1185 550 credo
1215 524 1307 549 recte
1334 518 1412 557 legi,
1430 522 1487 548 aut
1505 518 1616 556 potius

913 570 1048 602 verberit
1065 570 1129 601 erit
1150 569 1298 604 verberet,
1323 574 1357 599 ut
1376 568 1440 598 alio
1458 568 1530 599 loco
1547 568 1613 598 vin-

914 621 1002 655 dicit,
1019 621 1170 651 vindicet.
1196 619 1247 650 ld.
1265 619 1348 650 ibid.

960 672 1050 703 PAG.
1065 675 1138 702 622.
1163 669 1382 710 Proecidauea]
1410 669 1540 700 Glebam
1556 679 1614 700 ηοη

914 722 1095 761 objecisset.-
1132 722 1193 752 lioe
1230 720 1383 759 intelligo
1415 719 1456 750 de
1488 729 1612 760 genere

916 773 1114 812 sepulturae,
1128 771 1216 812 quod
1233 780 1293 811 per
1310 770 1527 811 injectionem
1546 771 1613 809 gle-

914 822 964 853 bae
983 822 1100 862 fiebat,
1117 821 1205 863 quod
1224 831 1328 862 genus
1346 821 1528 860 sepulturae
1544 830 1612 851 om-

911 873 1002 903 nium
1030 872 1178 903 infimum
1206 878 1292 911 erat,
1318 870 1612 910 usurpabaturque

910 932 986 953 cum
1004 922 1075 963 quis
1092 923 1124 953 in
1142 921 1287 953 cadaver
1302 921 1509 961 insepultum
1526 921 1611 951 inci-

910 974 1020 1015 derat,
1033 984 1106 1005 uam
1125 974 1329 1014 insepultum
1349 973 1540 1013 relinquere
1557 982 1612 1003 ne-

908 1023 958 1055 fas
971 1025 1171 1063 habebatur,
1182 1024 1272 1065 quod
1289 1032 1388 1063 porca
1403 1022 1609 1062 expiandum

909 1082 1010 1115 esset,
1037 1076 1069 1106 id
1095 1082 1157 1113 est,
1180 1074 1409 1115 piacularibus
1426 1075 1530 1105 sacris
1547 1074 1611 1104 sol-

909 1127 1066 1157 vendum.
1114 1126 1237 1157 Horat.
1278 1126 1287 1141 ‘
1308 1125 1440 1156 Licebit
1467 1124 1605 1165 Iujecto

908 1183 960 1209 ter
993 1178 1131 1218 pulvere
1163 1176 1305 1208 curras.'
1360 1176 1608 1215 lnexpiabilem

908 1238 1004 1269 paene
1033 1227 1185 1259 fraudem
1214 1227 1317 1258 fuisse
1346 1227 1378 1257 id
1404 1236 1468 1257 uon
1495 1226 1608 1257 facere

906 1279 1075 1310 ostendit:
1113 1280 1122 1295 ⁴
1143 1279 1296 1318 Negligis
1322 1277 1494 1308 immeritis
1520 1278 1607 1307 noci-

907 1335 1011 1361 turam
1038 1331 1126 1361 Post
1156 1329 1255 1360 modo
1281 1335 1314 1359 te
1338 1329 1425 1359 natis
1451 1327 1606 1358 fraudem

905 1382 1116 1412 committere
1133 1380 1258 1410 forsan.
1307 1380 1431 1410 Debita
1451 1380 1529 1419 jura
1556 1380 1602 1409 vi‹

904 1441 1026 1472 cesque
1066 1431 1222 1470 superbie
1264 1430 1312 1460 Te
1356 1436 1513 1460 maneant
1558 1430 1606 1469 ip-

903 1493 994 1513 sum:
1024 1482 1179 1523 precibus
1219 1490 1282 1511 non
1311 1481 1443 1520 linquar
1476 1480 1605 1514 inultis,

901 1534 1016 1574 Teque
1036 1533 1168 1573 piacula
1190 1532 1279 1562 nulla
1301 1531 1495 1561 resolvent.'
1540 1531 1604 1562 At-

901 1593 964 1624 que
982 1583 1099 1614 eadem
1118 1586 1192 1613 erat
1205 1582 1336 1613 Graecis
1351 1582 1463 1622 opinio
1477 1586 1511 1611 et
1530 1582 1603 1621 purl-

902 1634 988 1665 veris
1015 1633 1188 1673 injiciendi
1213 1633 1341 1672 religio.
1400 1633 1603 1671 Sophocles:

900 1684 1005 1721 Λεπτὴ
1027 1684 1051 1715 δ’
1068 1683 1144 1723 ἄγος
1156 1682 1328 1722 φεύγοντος
1349 1683 1388 1714 ὣς
1412 1683 1490 1720 ἐπῆν
1513 1682 1604 1714 κόνις.

901 1735 984 1766 lianc
1004 1736 1123 1766 saltem
1147 1735 1357 1775 sepulturam
1386 1736 1538 1774 postulat
1562 1734 1603 1765 ab

901 1786 1006 1817 AEnea
1032 1784 1214 1826 naufragus
1238 1785 1434 1823 Palinurus,
1460 1794 1534 1815 cum
1557 1787 1605 1816 ait

902 1836 990 1877 apud
1015 1837 1210 1867 Maronem:
1235 1836 1244 1852 ‘
1263 1834 1332 1866 Aut
1360 1839 1395 1866 tu
1422 1835 1500 1866 milii
1530 1840 1597 1866 ter*

900 1898 970 1919 ram
988 1887 1119 1928 Injice.’
1147 1887 1202 1918 Sic
1221 1887 1323 1917 etiam
1340 1886 1430 1927 apud
1452 1887 1603 1917 Halicar-

902 1949 1054 1969 nasseum
1072 1943 1166 1969 metu
1185 1937 1311 1978 piaculi
1329 1949 1346 1968 a
1364 1938 1489 1978 populo
1507 1948 1604 1978 sepe-

899 1990 979 2020 litur
996 1989 1153 2028 Horatia,
1177 1987 1262 2018 ἆλλὰ
1277 1989 1306 2019 οἱ
1325 1988 1487 2028 παριόντες
1504 1989 1601 2025 αὐτὴν

901 2039 1079 2080 ἐῤῥιμμένην
1096 2041 1129 2071 ἐν
1144 2037 1170 2079 ιέἶ
1185 2039 1354 2079 διεχρήσθη
1369 2040 1483 2080 χωρίῳ,
1497 2040 1603 2072 λίθους

901 2092 1116 2132 ἐπιφοροῦντες
1132 2090 1180 2121 καὶ
1194 2092 1267 2130 γῆν,
1281 2090 1449 2128 ἐκήδευσαν
1463 2092 1501 2122 ὡς
1514 2093 1598 2122 πτῶ-

899 2156 943 2182 μα
973 2143 1084 2183 ἔρημον
1113 2142 1299 2180 κηδομένων.
1344 2144 1420 2176 Jain
1451 2143 1505 2174 hic
1536 2154 1602 2174 nou

901 2195 1056 2226 omittam
1085 2204 1234 2234 mouere,
1261 2194 1349 2235 quod
1376 2204 1405 2225 c.
1438 2203 1469 2226 v.
1498 2195 1602 2225 Petro

901 2246 1014 2276 Fabro
1031 2246 1132 2285 Regis
1147 2246 1338 2276 consiliario
1356 2252 1533 2285 acceptum
1552 2245 1601 2277 se-

900 2306 950 2335 ro,
967 2306 1043 2327 cum
1062 2298 1093 2326 in
1114 2297 1217 2326 Festo
1235 2296 1410 2335 ipsiusque
1436 2295 1602 2326 breviario

901 2349 1007 2378 omnis
1024 2347 1145 2385 hostia,
1163 2357 1237 2387 quae
1259 2347 1311 2376 vel
1338 2345 1470 2386 frugum
1487 2356 1601 2387 causa,

901 2398 954 2428 vel
977 2396 1114 2435 mortui,
1142 2396 1194 2426 eui
1213 2396 1307 2436 justa
1326 2396 1398 2436 quis
1416 2405 1480 2426 non
1500 2395 1600 2426 fecis-

900 2452 963 2483 set,
991 2447 1194 2481 immolatur,
1215 2447 1413 2486 proecz'danea
1440 2451 1599 2478 vocetur:

899 2509 917 2529 a
943 2499 1054 2529 Mario
1079 2498 1254 2528 Victorino
1275 2497 1417 2536 culpari,
1445 2497 1500 2537 qui
1526 2507 1599 2527 eam

900 2551 947 2580 ita
966 2549 1161 2590 appellarit,
1186 2558 1261 2579 cum
1287 2549 1505 2587 proecidariam
1532 2548 1599 2579 dici

900 2601 1027 2631 debere
1042 2600 1254 2640 pronunciet,
1268 2599 1426 2639 dicatque
1438 2607 1456 2628 a
1466 2608 1599 2638 praesen-

900 2656 989 2683 tanea
1006 2649 1156 2688 differre,
1178 2650 1233 2690 qui
1259 2654 1431 2689 praesente
1454 2654 1599 2685 mortuo,

899 2711 998 2743 quem
1016 2700 1184 2732 condituri
1201 2705 1288 2739 sunt,
1302 2699 1505 2730 immoletur.
1540 2700 1598 2730 Er-
