1876 3025
302 131 412 173 1121}
746 140 894 172 sssx‘m
928 139 1128 170 romum
1163 139 1299 171 Fsssm

302 227 424 292 alque
457 237 515 277 ita
536 235 729 277 inclinato
765 237 912 276 vinum
942 236 985 275 iu
1006 240 1144 289 caput
1164 232 1437 275 infundebant
1457 232 1619 274 solemni
1653 248 1742 274 cnm

295 306 565 359 precatione.
624 304 830 344 Remisso
853 302 1042 353 exercita,
1061 301 1183 342 simul
1210 302 1331 342 etiam
1362 301 1455 356 [99]
1486 301 1650 356 Augur,
1665 315 1743 356 quo

302 372 440 412 consul
457 372 500 412 ‘in
523 370 623 412 bello
657 384 761 412 usus
782 376 850 412 est
881 371 926 411 in
958 369 1219 424 auspicando,
1240 369 1435 410 discedere
1455 384 1537 410 una
1553 369 1745 422 Jubetur,

302 440 423 494 quod
459 446 552 480 tunc
587 438 658 480 illo
692 438 911 479 discedente
946 443 1101 480 certum
1134 443 1217 484 est,
1253 438 1482 480 exercitum
1514 436 1638 477 etiam
1667 449 1746 476 esse

303 507 522 556 remissum,
548 511 596 547 ut
625 519 727 547 cum
753 519 868 559 opus
898 507 969 556 sit,
1000 511 1095 546 tunc
1124 504 1158 545 sz‘
1196 504 1309 555 velit,
1340 503 1539 545 discedere
1570 503 1744 558 possit:

303 588 406 615 nam
441 572 634 614 Consules
673 579 711 614 et
755 572 948 615 Censores
997 587 1079 614 non
1120 573 1165 614 in
1212 578 1471 627 perpetuum
1504 569 1747 626 Augur-ibas

296 641 562 695 praesentibus
593 646 780 691 utantur,
802 647 850 683 ut
871 643 936 683 ait
956 640 1040 695 Ap.
1071 640 1268 690 Pulcher,
1291 639 1360 681 sed
1388 646 1548 680 tantum
1580 638 1623 679 in
1655 652 1748 679 aas·

297 709 431 763 picio,
448 707 587 762 quas⁶
602 715 744 763 postea
764 708 948 750 dimittat
967 709 1016 760 is,
1038 724 1061 749 a
1086 723 1164 764 qao
1187 707 1270 764 lege
1285 721 1452 749 secures
1466 708 1631 748 habitae
1655 713 1748 747 sanc

298 777 417 831 prius
433 793 448 822 ,·
478 791 595 831 quem
619 783 656 817 et
671 777 852 831 priorem
874 790 971 818 esse
992 778 1055 818 ait
1075 775 1293 817 Antistius
1309 773 1463 825 Labeo,
1482 775 1593 830 quiq.
1613 775 1749 816 eadem

304 858 431 900 quoq.
459 845 555 898 lege
591 844 834 899 significari,
856 851 901 886 ut
927 844 1048 899 prior
1073 844 1126 884 sit
1157 844 1201 884 in
1227 844 1489 898 auspicando
1511 844 1681 893 dicitur,
1702 848 1751 885 ut

305 913 365 953 ait
392 912 497 953 idem
530 910 668 952 Labeo
700 913 741 953 in
772 912 875 953 libro
907 911 954 953 de
990 912 1135 954 officio
1170 910 1378 966 Auguris.
1438 910 1580 952 Potest
1615 918 1750 952 autem

305 978 459 1035 Augur
489 979 535 1020 id
562 987 601 1020 et
629 981 674 1021 in
705 980 892 1022 consilio
915 980 1068 1028 sacere3
1097 979 1162 1021 vel
1188 979 1231 1020 in
1251 978 1349 1030 alio,
1377 993 1454 1034 quo
1481 979 1599 1020 sedet
1620 979 1750 1027 loco;

305 1048 517 1103 pullisque
535 1047 688 1103 pultem
709 1047 912 1088 edentibus
940 1046 1185 1087 solistimum
1207 1047 1313 1088 facit
1331 1046 1595 1100 auspicium:
1619 1051 1752 1099 potest

306 1116 443 1165 etiam,
465 1115 499 1156 si
518 1116 629 1165 velit,
652 1116 765 1156 intra
787 1114 1044 1169 pomoerium
1061 1130 1073 1154 .-
1102 1114 1326 1164 sinautem,
1346 1113 1388 1154 in
1409 1115 1562 1168 templo
1585 1114 1750 1155 consis-

306 1184 376 1225 tit.
436 1183 665 1238 Repertam
705 1182 855 1223 dicitur
880 1182 983 1223 idem
1010 1181 1120 1237 quod
1156 1183 1366 1223 amissum
1400 1181 1599 1236 recipere,
1634 1181 1752 1236 quasi

307 1258 516 1304 repartum
549 1257 586 1291 et
617 1256 881 1304 reparatum.
943 1251 1115 1299 Rictus,
1136 1249 1248 1300 νίκας,
1281 1248 1434 1300 rixosae,
1462 1249 1643 1304 ringitur
1664 1249 1753 1290 dici

306 1318 523 1369 videntur,
545 1319 649 1372 quia
666 1319 706 1358 in
728 1318 929 1358 diversam
948 1324 1207 1371 rumpantur,
1228 1317 1490 1371 contrariaq.
1513 1318 1602 1358 sint
1633 1323 1752 1367 recto,

309 1385 418 1441 quod
433 1385 671 1426 vocabulum
689 1401 713 1425 a
734 1387 942 1440 regendo,
963 1391 1012 1427 ut
1031 1385 1293 1428 commodius
1316 1384 1530 1425 deductum
1549 1384 1752 1436 videatur,

310 1454 475 1495 dictum
492 1454 629 1494 videri
645 1460 797 1508 potest.

314 1520 479 1575 Sesopia
511 1520 553 1560 in
591 1520 799 1577 Aagurale'
836 1528 875 1562 et
912 1519 1068 1562 Saliari
1108 1520 1299 1562 carmine
1347 1519 1627 1575 appellantur,
1667 1535 1755 1575 qacc

310 1588 414 1629 alias
434 1590 573 1642 esopia
603 1603 682 1642 pro
703 1590 874 1630 sedilib.
906 1589 1036 1630 dicere
1068 1587 1256 1630 habemas
1287 1602 1391 1629 manc
1413 1587 1555 1630 adhuc
1586 1589 1627 1629 in
1655 1601 1755 1630 con-

310 1657 546 1698 suetudine.
609 1656 726 1711 Sasq.
748 1656 834 1711 deq.
849 1655 1068 1711 frequens
1089 1661 1172 1706 est,
1200 1669 1279 1710 pro
1300 1656 1400 1710 plus
1420 1656 1639 1697 minusve:
1674 1655 1756 1710 sig-

310 1722 451 1776 nificat
479 1731 610 1764 antem
640 1724 682 1764 z'd
703 1725 821 1778 quod
844 1725 1012 1778 antiqui
1033 1738 1131 1779 usq.
1155 1724 1297 1765 dicere
1316 1722 1426 1763 soliti
1445 1730 1574 1763 erant.
1637 1721 1756 1763 Soni-

310 1792 385 1833 vio
408 1792 623 1844 significat
643 1793 684 1833 in
709 1792 888 1833 carmine
911 1791 1069 1832 Saliari
1088 1799 1126 1833 et
1149 1791 1372 1845 Augurali,
1395 1792 1585 1833 sonanti.

316 1857 413 1899 Sine
444 1859 567 1899 sacris
595 1858 794 1900 hereditas
834 1861 877 1901 in
918 1861 1152 1914 proverbio
1179 1860 1267 1901 dici
1312 1860 1440 1908 solet,
1480 1874 1568 1899 cam
1597 1856 1757 1912 aliquid

314 1924 513 1967 obvenerit
535 1928 631 1968 sine
659 1928 750 1969 ulla
782 1928 1049 1970 incommodi
1068 1927 1188 1982 [100]
1206 1927 1476 1981 appendice:
1509 1927 1626 1980 quod
1649 1926 1756 1967 olim

313 2006 441 2035 sacra
461 2007 546 2035 non
567 1995 708 2036 solum
731 1996 915 2049 publica
944 1996 1244 2037 curiosissime
1277 1995 1655 2043 administrabant,
1678 1994 1756 2034 sed

313 2061 443 2102 etiam
464 2063 664 2115 privata:
698 2063 920 2116 relictusq.
940 2062 1061 2103 heres
1083 2063 1147 2103 sic
1166 2067 1181 2093 ⁷
1214 2062 1429 2115 pecuniae,
1451 2062 1581 2102 etiam
1609 2074 1757 2102 sacro-

313 2139 407 2169 rum
427 2134 546 2181 erat3
575 2134 625 2170 ut
652 2143 706 2170 ea
726 2130 1061 2182 diligentissime
1084 2124 1387 2170 administrare
1408 2132 1526 2169 esset
1552 2141 1756 2170 necessa-

314 2195 436 2237 rium.
471 2197 674 2251 Suppum
687 2202 700 2218 ²
721 2197 892 2250 antiqui
913 2196 1139 2246 dicebant,
1157 2209 1287 2250 quem
1303 2209 1416 2237 nunc
1433 2196 1639 2250 supinum
1649 2196 1756 2237 dici-

915 2339 1149 2352 eeeeeeeeeeee

357 2418 378 2446 0
400 2415 423 2447 f.
438 2420 584 2456 quos.—7
608 2415 631 2447 f.
647 2418 736 2449 sicut.

967 2511 1105 2544 NOTAE

362 2593 372 2605 ²¹
396 2587 548 2628 Suppum]
576 2587 712 2628 Suppum
745 2588 876 2628 jactum
906 2597 1012 2629 quen·
1065 2588 1120 2619 lib.
1140 2596 1248 2619 xvui.
1266 2597 1338 2629 cap.
1354 2591 1404 2619 65.

319 2635 441 2668 damin
460 2639 597 2669 tesseris
615 2637 725 2669 vocari
743 2638 846 2670 tradit
862 2638 1012 2670 Isidorus
