1876 3025
607 527 920 579 CODICES
981 524 1134 575 MSS.

507 705 703 748 SEXTI
744 701 1016 748 POMPEII
1056 699 1235 743 FESTI

240 881 324 913 QUI
352 881 404 913 IN
430 878 777 912 BIBLIOTHECIS
808 875 1122 908 BRITANNICIS
1149 871 1504 906 ASSERVAN'I'UR,

526 1234 692 1276 Codices
716 1235 758 1275 in
783 1232 931 1275 Museo
959 1230 1222 1273 Britannico.

201 1351 362 1392 INTER
404 1349 598 1392 Codices
642 1346 911 1397 Har-lemnos,
952 1345 1080 1387 3520.
1120 1345 1188 1385 est
1235 1342 1401 1392 codex„
1448 1340 1607 1395 partim

141 1419 337 1461 chartac.
379 1419 540 1473 partim
580 1418 819 1459 membran.
859 1415 1139 1469 complexus,
1182 1413 1295 1453 inter
1343 1411 1446 1460 alia,
1499 1409 1605 1450 Sex.

140 1488 344 1542 Pompeii
376 1487 501 1528 Festi
531 1487 585 1528 de
610 1485 856 1526 Verborum
888 1481 1225 1536 Significatione
1259 1479 1431 1520 Libros.
1492 1476 1605 1517 Saec.

145 1568 231 1598 xv.

197 1624 325 1667 5028.
357 1625 463 1666 Sex.
495 1622 699 1677 Pompeii
733 1620 857 1663 Festi
879 1618 991 1661 Cod.
1012 1617 1253 1659 membran.
1286 1627 1391 1656 saee.
1415 1623 1499 1654 xv.
1532 1612 1604 1653 cui

142 1693 420 1747 subjungitur
439 1691 618 1733 libellus
638 1690 692 1732 de
714 1686 1060 1742 Orthographia.

200 1761 282 1803 Est
301 1761 435 1803 etiam
457 1760 564 1801 Sex.
587 1758 794 1813 Pompeii
826 1756 951 1798 Festi
973 1755 1073 1797 cod.
1100 1753 1386 1802 Harleianus‚
1414 1750 1607 1792 chartae.

143 1843 253 1872 saec.
277 1841 365 1871 XV.
387 1829 457 1871 eui
480 1826 800 1882 subjunguntur
820 1825 873 1866 P.
897 1822 1140 1873 Candidus,
1173 1818 1522 1868 Grammaticus,
1551 1817 1605 1858 de

141 1899 393 1941 Verborum
416 1897 710 1952 Proprietate‚
732 1900 778 1936 et
798 1894 1022 1947 Excerpta
1043 1904 1103 1933 ex
1126 1889 1280 1932 Nonio
1304 1886 1538 1930 Marcello.

201 1968 327 2009 Inter
373 1965 565 2007 Codices
609 1962 883 2013 Burneianos,
938 1961 997 2003 N.
1034 1959 1132 2002 206.
1209 1958 1314 1999 Sex.
1357 1954 1602 2009 Pompeius

144 2036 306 2078 Festus
326 2035 471 2077 collat.
494 2033 550 2076 ad
572 2033 754 2088 paginas
777 2031 949 2085 aliquot
970 2029 1079 2071 edit.
1106 2026 1248 2069 Paris.
1272 2024 1400 2067 1519.
1422 2023 1494 2064 fol.

200 2104 261 2146 N.
283 2103 382 2146 23⁴2.
414 2103 637 2157 Excerpta
657 2114 713 2142 ex
738 2100 874 2142 Festo
895 2099 950 2140 de
980 2094 1316 2150 Significatione
1338 2092 1608 2140 Verborum,

142 2172 242 2214 eod.
258 2173 448 2214 chartac.
467 2183 599 2225 pagg.
614 2170 714 2211 174.
737 2168 892 2211 collat.
910 2167 966 2208 ad
984 2164 1171 2221 paginas
1188 2163 1357 2218 aliquot
1373 2160 1444 2203 ed.
1465 2159 1609 2201 Paris.

143 2241 270 2282 1519.
332 2237 619 2292 Subjungitur
648 2236 786 2278 Nonii
819 2235 1019 2277 Marcelli
1042 2234 1097 2274 de
1120 2231 1371 2275 Verborum
1402 2229 1609 2284 Proprie-

143 2314 232 2351 tate
254 2305 595 2359 Compendium.

660 2427 796 2469 Codex
842 2424 1096 2466 Oxoniensis.

206 2530 260 2570 In
295 2526 498 2569 Biblioth.
537 2526 662 2570 Bodl.
696 2526 911 2570 Canonici
946 2525 1043 2566 Lat.
1081 2523 1178 2565 169.
1214 2521 1339 2565 Festi
1385 2518 1609 2573 Pompeii,

146 2598 454 2648 Grammatiei‚
504 2596 760 2647 Vocabula,
815 2596 915 2637 cod.
963 2593 1205 2635 membran.
1243 2604 1348 2634 saee.
1386 2600 1472 2629 xv,
1517 2586 1609 2627 sino

147 2667 327 2710 scholiis
356 2670 433 2708 aut
466 2666 846 2708 annotationibus.
910 2661 1199 2716 Subjungitur
1222 2660 1321 2702 Caii
1352 2657 1496 2700 Servii
1519 2654 1608 2695 Vo-

148 2736 435 2779 cabularium.
