1876 3025
320 175 382 205 DE
416 174 443 203 V
455 170 685 203 ERRORUM

722 166 1134 200 SIGNIFICATIONE
1169 167 1266 197 LIB.
1299 167 1407 199 XVI.

1498 159 1525 198 ’7
1528 158 1582 199 47

202 271 246 311 in
268 269 464 311 Casina.4
521 267 639 310 Nam
669 265 774 321 quid
804 265 892 305 iuae
921 275 1031 303 nunc
1061 266 1147 303 tam
1181 262 1253 302 diu
1277 262 1394 303 intus
1412 267 1425 291 ⁵
1446 275 1587 303 remo-

202 342 348 379 rantur
374 334 679 388 remeligines‘?
712 334 766 373 ab
803 331 986 373 Afranio
1020 330 1065 370 in
1100 329 1299 370 Prodito.

1359 330 1588 380 Remeligo

203 418 230 445 a
248 405 412 446 laribus
433 403 569 444 missa
590 415 702 450 sum,
724 401 853 450 hanc,
874 411 974 452 quae
995 410 1170 438 cursum
1197 395 1413 437 cohibeam
1431 396 1544 437 navis
1559 395 1590 435 :⁶

203 486 359 512 remora
394 469 497 510 alias
530 467 702 510 tarditas
732 466 976 514 nominatur,
1010 463 1061 504 ab
1091 478 1134 504 eo
1162 462 1269 519 quod
1288 478 1440 504 moram
1459 462 1591 519 facit.

207 539 386 579 Plautus
405 538 448 578 in
476 536 696 586 Trinumo,
727 549 813 590 quae
835 534 877 573 in
899 532 1016 573 rebus
1050 528 1186 572 multis
1220 531 1395 581 obstant,
1425 531 1593 573 odiosae-

207 620 294 661 que
327 612 440 656 sunt,
462 600 917 658 remoramquefaciunt
935 600 994 640 rei
1008 600 1198 654 privatae,
1216 605 1253 639 et
1274 600 1474 652 publica:
1507 596 1594 638 Lu-

210 673 323 714 cilius
345 686 524 729 qucenam
545 685 620 712 vox
639 685 686 711 ex
707 676 744 710 te
774 681 958 709 resonans
988 682 1070 708 meo
1099 666 1264 722 gradffl
1297 680 1494 706 remoram
1514 664 1595 722 fa-

212 742 278 782 cit.

152 809 463 861 Remeligines‚
485 811 528 848 et
550 818 730 847 remorae
753 816 779 844 a
800 803 1009 844 morando
1032 802 1182 844 dictae.
1233 802 1369 843 Plau·
1411 802 1593 855 [PAUL.

209 881 302 918 tus:
335 875 456 926 Quid
488 874 578 915 illae
606 885 723 913 nunc
745 876 835 912 tam
858 870 1100 912 divinitusss
1131 875 1404 910 remorantur
1426 869 1598 910 remeli-

209 945 358 997 gines?
390 948 433 983 et
462 941 683 983 Lucilius:
717 939 939 990 Quaenam
974 951 1065 979 vox
1097 952 1154 979 ex
1190 942 1231 979 te
1266 950 1475 978 resonans
1501 949 1597 979 meo

211 1013 348 1066 gradu
370 1023 585 1053 remoram
602 1009 708 1050 facit
724 1009 741 1049 ’ἱ

155 1081 389 1121 Remillum
404 1086 419 1101 Χ
438 1079 607 1127 dicitur,
624 1076 752 1130 quasi
772 1075 1031 1128 repandum.

158 1146 385 1188 Remillum
406 1146 569 1195 dicitur,
589 1142 704 1200 quusi
726 1141 947 1197 repandum

212 1215 432 1256 Lucilius:
465 1213 591 1253 suda.

212 1282 423 1323 remilium
446 1286 492 1321 et
515 1279 711 1320 Afranius
738 1277 794 1318 in.

213 1349 406 1391 xendice
428 1361 607 1402 pergam
658 1377 666 1385 .

1435 1104 1600 1194 iFES‘r:

1559 1289 1601 1314 CO

159 1418 399 1459 Remissoy
432 1415 621 1464 ezer-citu,
658 1412 779 1454 simul
812 1413 935 1453 etiam
975 1411 1124 1467 Augur
1153 1426 1231 1467 quo
1263 1408 1398 1451 consul
1429 1411 1470 1451 in
1503 1410 1603 1452 bello

757 1531 897 1545 eeeeeee

900 1531 976 1543 ‘ote

199 1606 218 1634 4
242 1602 305 1633 Ed.
322 1602 410 1633 Scal.
428 1604 460 1633 z'n
478 1602 673 1633 Pastum—5
699 1602 776 1631 Ver.
793 1599 868 1630 cod.
892 1598 1120 1630 divinitus-G
1144 1598 1262 1629 Verba
1282 1598 1412 1630 Afranii
1429 1598 1475 1628 ita
1494 1598 1606 1632 legen-

159 1645 237 1675 dnm
266 1651 379 1676 monet
406 1647 491 1676 Dae.
525 1646 685 1684 Remeligo
708 1654 727 1675 a
751 1643 885 1674 Laribus
910 1642 1002 1671 missa
1025 1652 1093 1671 sum
1116 1642 1185 1680 huc,
1213 1652 1280 1681 quae
1306 1651 1427 1672 cursum
1452 1641 1607 1672 cohibeam

159 1689 270 1724 nuvis;
294 1690 344 1718 vel
362 1689 471 1727 potius
492 1689 586 1718 missa
610 1697 690 1726 sum,
713 1687 783 1717 huic
798 1695 865 1725 quoe
879 1694 1001 1715 cursum
1015 1684 1170 1714 cohibeam
1187 1685 1332 1715 7111vz'.—-7
1358 1684 1421 1715 Ed.
1438 1684 1528 1715 Scal.
1547 1694 1605 1715 uno

158 1732 336 1769 gratim—8
361 1731 421 1761 vir
437 1731 527 1761 doct.
543 1731 576 1760 in
592 1740 697 1770 marg.
715 1729 867 1769 ejusdem
882 1728 935 1757 ed.
951 1727 1041 1766 conj.
1063 1726 1118 1757 diu
1133 1727 1227 1756 intus.

813 1823 951 1855 NOTAE

161 1912 198 1932 ra
234 1901 359 1932 dicitnr
386 1901 622 1942 quodcumque
657 1905 858 1939 remoratur,

164 1953 252 1984 unde
277 1952 390 1992 piscis,
414 1952 469 1991 qui
486 1962 604 1982 navem
623 1951 789 1990 retardat,
811 1960 859 1981 re-

163 2003 273 2042 meligo
290 2008 323 2033 et
339 2012 458 2033 remora
470 2001 578 2033 dictus
596 2006 661 2037 est,
674 2006 712 2033 nt
728 2001 858 2033 Graecis

165 2052 297 2092 ἐχενηῒς,
328 2052 370 2083 ab
399 2052 498 2092 ἔχειν,
524 2052 683 2092 retinere,
710 2057 746 2083 et
777 2050 860 2092 νηὺς,

164 2103 277 2134 navis:
293 2103 421 2133 Versus
439 2102 554 2133 Plauti
571 2107 652 2133 este
669 2102 858 2134 Casin.act.

167 2162 216 2184 1v.
235 2162 281 2184 sc.
304 2155 335 2184 3,
358 2153 367 2170 ‘
385 2152 472 2183 Nam
500 2152 580 2192 quid
604 2152 670 2183 inae
697 2152 778 2183 Tam
803 2151 862 2182 diu

166 2204 255 2234 intus
273 2207 483 2234 remorantur
499 2202 712 2243 remeligines
725 2201 746 2232 ?’
771 2201 851 2233 Duc.

208 2259 224 2275 Χ
249 2253 431 2293 Remillum]
454 2252 485 2283 A
498 2252 618 2292 Remo,
634 2251 800 2290 remmam,
815 2261 862 2281 re-

166 2306 300 2344 pandum
315 2305 419 2335 instar
436 2304 518 2335 remi
535 2304 592 2344 qui
610 2301 756 2334 reflexus
772 2302 864 2333 vide-

169 2360 223 2384 tur
254 2354 286 2384 in
317 2363 414 2395 aqua.
460 2353 599 2384 Periere
630 2361 705 2392 quae
731 2350 820 2382 infra
845 2361 864 2382 e

170 2406 298 2436 Lucilio
322 2411 356 2437 et
382 2405 522 2437 Afranio
548 2406 668 2436 Festus
695 2404 866 2435 laudabat.

116 2473 119 2476 ν
171 2455 217 2486 Et
232 2455 409 2495 niljuvant
423 2454 577 2486 Schedae.
602 2454 699 2485 Idem.

212 2510 225 2530 y
253 2505 404 2544 Remisso]
434 2504 482 2535 Ut
501 2503 705 2535 confidentis
722 2503 863 2534 hominis

172 2559 263 2585 esset
292 2560 455 2594 praestare
485 2555 609 2593 omnia,
634 2564 708 2595 quae
733 2553 864 2584 deside-

172 2609 286 2635 rantur
300 2604 368 2643 hic,
380 2604 482 2634 verba
498 2604 734 2644 repraesentari
755 2613 865 2644 posse,

174 2656 221 2685 sic
252 2654 373 2685 morosi
401 2658 437 2684 et
460 2654 547 2683 anxii
572 2654 683 2684 omnia
707 2659 865 2693 tanquam

174 2707 240 2738 sint
271 2707 302 2737 in
330 2710 503 2738 numerato
530 2706 677 2746 exigere,
735 2705 801 2736 Hic
824 2715 866 2736 ae=

915 1909 1015 1940 quum
1036 1899 1186 1940 judicem
1212 1898 1358 1939 postulo,
1385 1902 1421 1929 nt
1437 1898 1470 1928 in
1487 1896 1520 1928 id
1538 1902 1610 1928 tan-

915 1955 984 1981 tum
1001 1950 1090 1990 quod
1107 1948 1224 1980 facere
1239 1958 1370 1989 possum
1387 1957 1438 1978 me
1453 1948 1610 1978 condem-

914 2005 992 2031 net:
1022 2001 1083 2031 hoc
1107 2005 1168 2039 est,
1191 2005 1350 2041 quantum
1375 2009 1416 2029 ex
1441 1999 1613 2030 sententia

913 2051 1064 2091 indagari
1089 2051 1234 2091 poterit:
1260 2059 1325 2081 non
1351 2054 1512 2091 quantum
1538 2059 1613 2079 ver-

914 2101 1031 2133 borum
1049 2102 1197 2142 ipsorum
1221 2102 1307 2132 ratio
1332 2101 1500 2141 postulare
1523 2099 1614 2130 vide-

914 2156 979 2183 tur.
1005 2152 1255 2193 Propemodum
1278 2161 1423 2191 auguror
1441 2150 1518 2192 quid
1536 2151 1614 2181 Fes-

915 2207 970 2233 tus
997 2202 1092 2242 velit,
1124 2201 1226 2243 idque
1257 2211 1322 2232 non
1352 2201 1425 2242 ejus
1457 2201 1614 2241 integris,

916 2252 974 2283 sed
993 2253 1115 2292 partim
1132 2253 1216 2293 ejus,
1234 2252 1356 2292 partim
1383 2252 1464 2282 meis
1489 2252 1612 2286 verbis,

916 2303 941 2334 si
960 2308 1089 2344 potero,
1105 2303 1285 2334 declarabo
1309 2303 1374 2333 ita:
1406 2303 1546 2333 Remissa
1561 2313 1614 2333 ex-

916 2355 1015 2384 ercitu
1030 2354 1120 2384 simul
1136 2357 1166 2384 et
1185 2353 1309 2392 Augur,
1333 2363 1389 2393 quo
1417 2354 1530 2383 Consul
1545 2362 1616 2382 usus

917 2408 963 2436 est
985 2404 1020 2435 in
1041 2405 1239 2443 auspicando,
1261 2403 1347 2434 abire
1361 2403 1512 2442 jubetur.-
1537 2404 1615 2443 quod

917 2457 990 2485 tunc
1016 2464 1049 2485 eo
1072 2454 1200 2485 abeunte
1230 2457 1347 2484 certum
1374 2458 1417 2484 est
1446 2454 1616 2484 exercitum

917 2515 980 2536 esse
994 2505 1153 2535 remissum
1166 2516 1174 2535 .·
1201 2508 1234 2535 ut
1250 2514 1317 2534 cum
1331 2514 1404 2544 opus
1420 2504 1473 2542 sit,
1491 2508 1572 2542 tunc,
1587 2504 1617 2533 sz'

917 2556 1003 2594 velit,
1018 2556 1102 2585 abire
1115 2555 1225 2594 possit.
1272 2555 1357 2584 Nam,
1380 2555 1534 2588 Consules,
1559 2557 1615 2583 aut

923 2606 1072 2636 Censores
1086 2615 1144 2635 non
1158 2605 1191 2635 iu.
1205 2608 1385 2644 perpetuum
1400 2603 1476 2643 ipsis
1489 2604 1617 2641 auguri-

921 2655 974 2685 bus
995 2658 1138 2689 utuntur,
1159 2658 1193 2685 ut
1208 2655 1251 2684 ait
1257 2673 1495 2685 ........
1518 2654 1568 2682 sed
1583 2653 1616 2683 z'n

920 2705 1074 2745 auspicio:
1099 2714 1172 2745 quos
1194 2708 1298 2745 postea
1321 2703 1504 2734 dimittunt:
1527 2713 1544 2733 a
1560 2700 1615 2744 qu'o
