<?xml version="1.0" encoding="UTF-8"?>
<!DOCTYPE html PUBLIC "-//W3C//DTD XHTML 1.0 Transitional//EN"
    "http://www.w3.org/TR/xhtml1/DTD/xhtml1-transitional.dtd">
<html xmlns="http://www.w3.org/1999/xhtml" xml:lang="en" lang="en">
 <head>
  <title>
</title>
<meta http-equiv="Content-Type" content="text/html;charset=utf-8" />
  <meta name='ocr-system' content='tesseract 3.04.00' />
  <meta name='ocr-capabilities' content='ocr_page ocr_carea ocr_par ocr_line ocrx_word'/>
</head>
<body>
  <div class='ocr_page' id='page_1' title='image "./mverriiflacciqua02verruoft/mverriiflacciqua02verruoft_0267.png"; bbox 0 0 1876 3025; ppageno 0'>
   <div class='ocr_carea' id='block_1_1' title="bbox 311 188 1408 221">
    <p class='ocr_par' dir='ltr' id='par_1_1' title="bbox 311 188 1408 221">
     <span class='ocr_line' id='line_1_1' title="bbox 311 188 1408 221; baseline 0 0"><span class='ocrx_word' id='word_1_1' title='bbox 311 190 374 221; x_wconf 91' lang='lat' dir='ltr'>DE</span> <span class='ocrx_word' id='word_1_2' title='bbox 407 189 679 220; x_wconf 83' lang='lat' dir='ltr'>VERBORUM</span> <span class='ocrx_word' id='word_1_3' title='bbox 713 188 1120 220; x_wconf 82' lang='lat' dir='ltr'><strong>SIGNIFICATIONE</strong></span> <span class='ocrx_word' id='word_1_4' title='bbox 1155 189 1250 219; x_wconf 84' lang='lat' dir='ltr'>LlB.</span> <span class='ocrx_word' id='word_1_5' title='bbox 1283 189 1408 221; x_wconf 86' lang='lat' dir='ltr'>XVII.</span> 
     </span>
    </p>
   </div>
   <div class='ocr_carea' id='block_1_2' title="bbox 1485 182 1572 224">
    <p class='ocr_par' dir='ltr' id='par_1_2' title="bbox 1485 182 1572 224">
     <span class='ocr_line' id='line_1_2' title="bbox 1485 182 1572 224; baseline 0.011 -1"><span class='ocrx_word' id='word_1_6' title='bbox 1485 182 1572 224; x_wconf 81' lang='lat'>897</span> 
     </span>
    </p>
   </div>
   <div class='ocr_carea' id='block_1_3' title="bbox 193 282 1574 540">
    <p class='ocr_par' dir='ltr' id='par_1_3' title="bbox 193 282 1574 540">
     <span class='ocr_line' id='line_1_3' title="bbox 196 282 1573 339; baseline 0.002 -15"><span class='ocrx_word' id='word_1_7' title='bbox 196 283 390 336; x_wconf 81' lang='lat' dir='ltr'>sepultus</span> <span class='ocrx_word' id='word_1_8' title='bbox 411 287 478 324; x_wconf 87' lang='lat' dir='ltr'>est</span> <span class='ocrx_word' id='word_1_9' title='bbox 507 284 552 324; x_wconf 93' lang='lat' dir='ltr'>in</span> <span class='ocrx_word' id='word_1_10' title='bbox 573 282 602 324; x_wconf 87' lang='lat' dir='ltr'><strong>J</strong></span> <span class='ocrx_word' id='word_1_11' title='bbox 607 283 804 324; x_wconf 87' lang='lat' dir='ltr'>aniculo:</span> <span class='ocrx_word' id='word_1_12' title='bbox 834 284 958 337; x_wconf 86' lang='lat' dir='ltr'>cujus</span> <span class='ocrx_word' id='word_1_13' title='bbox 978 296 1079 324; x_wconf 85' lang='lat' dir='ltr'>ossa</span> <span class='ocrx_word' id='word_1_14' title='bbox 1099 288 1254 337; x_wconf 86' lang='lat' dir='ltr'>postea</span> <span class='ocrx_word' id='word_1_15' title='bbox 1275 298 1331 325; x_wconf 89' lang='lat' dir='ltr'>ex</span> <span class='ocrx_word' id='word_1_16' title='bbox 1362 286 1573 339; x_wconf 87' lang='lat' dir='ltr'>prodigiis</span> 
     </span>
     <span class='ocr_line' id='line_1_4' title="bbox 195 351 1574 405; baseline 0.001 -13"><span class='ocrx_word' id='word_1_17' title='bbox 195 352 556 405; x_wconf 81' lang='lat' dir='ltr'>oraculorumque</span> <span class='ocrx_word' id='word_1_18' title='bbox 601 352 822 404; x_wconf 84' lang='lat' dir='ltr'>responsis</span> <span class='ocrx_word' id='word_1_19' title='bbox 853 356 1028 391; x_wconf 89' lang='lat' dir='ltr'>senatus</span> <span class='ocrx_word' id='word_1_20' title='bbox 1071 351 1246 392; x_wconf 87' lang='lat' dir='ltr'>decreto</span> <span class='ocrx_word' id='word_1_21' title='bbox 1279 353 1394 393; x_wconf 83' lang='lat' dir='ltr'>intra</span> <span class='ocrx_word' id='word_1_22' title='bbox 1421 354 1574 394; x_wconf 90' lang='lat' dir='ltr'>urbem</span> 
     </span>
     <span class='ocr_line' id='line_1_5' title="bbox 193 417 1574 471; baseline 0.001 -13"><span class='ocrx_word' id='word_1_23' title='bbox 193 417 328 458; x_wconf 88' lang='lat' dir='ltr'>relata</span> <span class='ocrx_word' id='word_1_24' title='bbox 363 419 406 458; x_wconf 93' lang='lat' dir='ltr'>in</span> <span class='ocrx_word' id='word_1_25' title='bbox 433 417 677 467; x_wconf 84' lang='lat' dir='ltr'>Volcanali,</span> <span class='ocrx_word' id='word_1_26' title='bbox 706 418 820 471; x_wconf 92' lang='lat' dir='ltr'>quod</span> <span class='ocrx_word' id='word_1_27' title='bbox 854 422 924 458; x_wconf 87' lang='lat' dir='ltr'>est</span> <span class='ocrx_word' id='word_1_28' title='bbox 957 431 1093 471; x_wconf 86' lang='lat' dir='ltr'>supra</span> <span class='ocrx_word' id='word_1_29' title='bbox 1131 419 1373 467; x_wconf 88' lang='lat' dir='ltr'>comitium,</span> <span class='ocrx_word' id='word_1_30' title='bbox 1413 420 1574 461; x_wconf 83' lang='lat' dir='ltr'>obruta</span> 
     </span>
     <span class='ocr_line' id='line_1_6' title="bbox 193 485 1574 540; baseline 0.002 -15"><span class='ocrx_word' id='word_1_31' title='bbox 193 489 306 533; x_wconf 86' lang='lat' dir='ltr'>sunt,</span> <span class='ocrx_word' id='word_1_32' title='bbox 347 498 569 538; x_wconf 83' lang='lat' dir='ltr'>superque</span> <span class='ocrx_word' id='word_1_33' title='bbox 604 497 656 525; x_wconf 87' lang='lat' dir='ltr'>ea</span> <span class='ocrx_word' id='word_1_34' title='bbox 689 485 917 526; x_wconf 78' lang='lat' dir='ltr'>columna²</span> <span class='ocrx_word' id='word_1_35' title='bbox 942 499 1040 526; x_wconf 90' lang='lat' dir='ltr'>cum</span> <span class='ocrx_word' id='word_1_36' title='bbox 1078 486 1214 539; x_wconf 88' lang='lat' dir='ltr'>ipsius</span> <span class='ocrx_word' id='word_1_37' title='bbox 1247 485 1387 538; x_wconf 86' lang='lat' dir='ltr'>effigie</span> <span class='ocrx_word' id='word_1_38' title='bbox 1426 487 1574 540; x_wconf 86' lang='lat' dir='ltr'>posita</span> 
     </span>
    </p>
   </div>
   <div class='ocr_carea' id='block_1_4' title="bbox 191 555 271 591">
    <p class='ocr_par' dir='ltr' id='par_1_4' title="bbox 191 555 271 591">
     <span class='ocr_line' id='line_1_7' title="bbox 191 555 271 591; baseline -0.013 -1"><span class='ocrx_word' id='word_1_39' title='bbox 191 555 271 591; x_wconf 84' lang='lat' dir='ltr'>est.</span> 
     </span>
    </p>
   </div>
   <div class='ocr_carea' id='block_1_5' title="bbox 137 617 1574 806">
    <p class='ocr_par' dir='ltr' id='par_1_5' title="bbox 137 617 1574 806">
     <span class='ocr_line' id='line_1_8' title="bbox 137 617 1572 673; baseline 0.002 -15"><span class='ocrx_word' id='word_1_40' title='bbox 137 618 376 658; x_wconf 87' lang='lat' dir='ltr'>Statuliber</span> <span class='ocrx_word' id='word_1_41' title='bbox 393 617 408 640; x_wconf 57' lang='grc' dir='ltr'>ὓ</span> <span class='ocrx_word' id='word_1_42' title='bbox 429 621 508 668; x_wconf 88' lang='lat' dir='ltr'>est,</span> <span class='ocrx_word' id='word_1_43' title='bbox 531 618 606 671; x_wconf 91' lang='lat' dir='ltr'>qui</span> <span class='ocrx_word' id='word_1_44' title='bbox 627 622 889 660; x_wconf 88' lang='lat' dir='ltr'>testamento</span> <span class='ocrx_word' id='word_1_45' title='bbox 910 622 1029 660; x_wconf 87' lang='lat' dir='ltr'>certa</span> <span class='ocrx_word' id='word_1_46' title='bbox 1050 618 1303 660; x_wconf 90' lang='lat' dir='ltr'>conditione</span> <span class='ocrx_word' id='word_1_47' title='bbox 1324 620 1572 673; x_wconf 88' lang='lat' dir='ltr'>proposita,</span> 
     </span>
     <span class='ocr_line' id='line_1_9' title="bbox 184 686 1572 740; baseline 0.002 -15"><span class='ocrx_word' id='word_1_48' title='bbox 184 686 364 739; x_wconf 87' lang='lat' dir='ltr'>jubetur</span> <span class='ocrx_word' id='word_1_49' title='bbox 394 698 492 726; x_wconf 87' lang='lat' dir='ltr'>esse</span> <span class='ocrx_word' id='word_1_50' title='bbox 522 686 654 726; x_wconf 88' lang='lat' dir='ltr'>liber:</span> <span class='ocrx_word' id='word_1_51' title='bbox 686 690 731 726; x_wconf 86' lang='lat' dir='ltr'>et</span> <span class='ocrx_word' id='word_1_52' title='bbox 764 686 801 726; x_wconf 85' lang='lat' dir='ltr'>si</span> <span class='ocrx_word' id='word_1_53' title='bbox 838 699 915 739; x_wconf 89' lang='lat' dir='ltr'>per</span> <span class='ocrx_word' id='word_1_54' title='bbox 945 687 1164 727; x_wconf 84' lang='lat' dir='ltr'>haeredem</span> <span class='ocrx_word' id='word_1_55' title='bbox 1195 691 1279 735; x_wconf 85' lang='lat' dir='ltr'>est,</span> <span class='ocrx_word' id='word_1_56' title='bbox 1310 700 1397 740; x_wconf 93' lang='lat' dir='ltr'>quo</span> <span class='ocrx_word' id='word_1_57' title='bbox 1427 688 1572 728; x_wconf 88' lang='lat' dir='ltr'>minus</span> 
     </span>
     <span class='ocr_line' id='line_1_10' title="bbox 193 753 1574 806; baseline 0.002 -14"><span class='ocrx_word' id='word_1_58' title='bbox 193 754 422 793; x_wconf 84' lang='lat' dir='ltr'>statuliber</span> <span class='ocrx_word' id='word_1_59' title='bbox 441 757 647 805; x_wconf 85' lang='lat' dir='ltr'>praestare</span> <span class='ocrx_word' id='word_1_60' title='bbox 676 753 834 805; x_wconf 85' lang='lat' dir='ltr'>possit,</span> <span class='ocrx_word' id='word_1_61' title='bbox 857 753 977 806; x_wconf 91' lang='lat' dir='ltr'>quod</span> <span class='ocrx_word' id='word_1_62' title='bbox 998 757 1206 806; x_wconf 82' lang='lat' dir='ltr'>praestare</span> <span class='ocrx_word' id='word_1_63' title='bbox 1228 754 1383 795; x_wconf 87' lang='lat' dir='ltr'>debet:</span> <span class='ocrx_word' id='word_1_64' title='bbox 1414 755 1574 795; x_wconf 92' lang='lat' dir='ltr'>nihilo-</span> 
     </span>
    </p>
   </div>
   <div class='ocr_carea' id='block_1_6' title="bbox 190 819 782 860">
    <p class='ocr_par' dir='ltr' id='par_1_6' title="bbox 190 819 782 860">
     <span class='ocr_line' id='line_1_11' title="bbox 190 819 782 860; baseline 0.002 -1"><span class='ocrx_word' id='word_1_65' title='bbox 190 820 334 860; x_wconf 87' lang='lat' dir='ltr'>minus</span> <span class='ocrx_word' id='word_1_66' title='bbox 355 820 463 860; x_wconf 90' lang='lat' dir='ltr'>liber</span> <span class='ocrx_word' id='word_1_67' title='bbox 483 833 578 860; x_wconf 89' lang='lat' dir='ltr'>esse</span> <span class='ocrx_word' id='word_1_68' title='bbox 595 819 782 860; x_wconf 88' lang='lat' dir='ltr'>videtur.</span> 
     </span>
    </p>
   </div>
   <div class='ocr_carea' id='block_1_7' title="bbox 137 886 1574 1078">
    <p class='ocr_par' dir='ltr' id='par_1_7' title="bbox 137 886 1574 1078">
     <span class='ocr_line' id='line_1_12' title="bbox 137 886 1572 941; baseline 0.003 -14"><span class='ocrx_word' id='word_1_69' title='bbox 137 887 311 928; x_wconf 88' lang='lat' dir='ltr'>Statusc</span> <span class='ocrx_word' id='word_1_70' title='bbox 332 887 425 927; x_wconf 89' lang='lat' dir='ltr'>dies</span> <span class='ocrx_word' id='word_1_71' title='bbox 447 891 642 936; x_wconf 89' lang='lat' dir='ltr'>vocatur,</span> <span class='ocrx_word' id='word_1_72' title='bbox 674 888 750 941; x_wconf 92' lang='lat' dir='ltr'>qui</span> <span class='ocrx_word' id='word_1_73' title='bbox 766 886 922 941; x_wconf 88' lang='lat' dir='ltr'>judicii</span> <span class='ocrx_word' id='word_1_74' title='bbox 939 900 1072 928; x_wconf 89' lang='lat' dir='ltr'>causa</span> <span class='ocrx_word' id='word_1_75' title='bbox 1095 892 1164 928; x_wconf 91' lang='lat' dir='ltr'>est</span> <span class='ocrx_word' id='word_1_76' title='bbox 1187 888 1451 930; x_wconf 86' lang='lat' dir='ltr'>constitutus</span> <span class='ocrx_word' id='word_1_77' title='bbox 1473 903 1572 932; x_wconf 91' lang='lat' dir='ltr'>cum</span> 
     </span>
     <span class='ocr_line' id='line_1_13' title="bbox 189 955 1574 1010; baseline 0.003 -16"><span class='ocrx_word' id='word_1_78' title='bbox 189 955 441 1008; x_wconf 81' lang='lat' dir='ltr'>peregrino3</span> <span class='ocrx_word' id='word_1_79' title='bbox 473 955 565 1008; x_wconf 89' lang='lat' dir='ltr'>ejus</span> <span class='ocrx_word' id='word_1_80' title='bbox 586 955 697 995; x_wconf 87' lang='lat' dir='ltr'>enim</span> <span class='ocrx_word' id='word_1_81' title='bbox 719 955 883 1007; x_wconf 85' lang='lat' dir='ltr'>generis</span> <span class='ocrx_word' id='word_1_82' title='bbox 904 956 959 996; x_wconf 89' lang='lat' dir='ltr'>ab</span> <span class='ocrx_word' id='word_1_83' title='bbox 989 955 1181 1008; x_wconf 86' lang='lat' dir='ltr'>antiquis</span> <span class='ocrx_word' id='word_1_84' title='bbox 1200 956 1348 996; x_wconf 90' lang='lat' dir='ltr'>hostes</span> <span class='ocrx_word' id='word_1_85' title='bbox 1378 958 1574 1010; x_wconf 84' lang='lat' dir='ltr'>appella-</span> 
     </span>
     <span class='ocr_line' id='line_1_14' title="bbox 189 1021 1572 1078; baseline 0.003 -17"><span class='ocrx_word' id='word_1_86' title='bbox 189 1022 361 1071; x_wconf 84' lang='lat' dir='ltr'>bantur,</span> <span class='ocrx_word' id='word_1_87' title='bbox 384 1021 500 1074; x_wconf 91' lang='lat' dir='ltr'>quod</span> <span class='ocrx_word' id='word_1_88' title='bbox 520 1026 640 1062; x_wconf 87' lang='lat' dir='ltr'>erant</span> <span class='ocrx_word' id='word_1_89' title='bbox 661 1022 754 1075; x_wconf 84' lang='lat' dir='ltr'>pari</span> <span class='ocrx_word' id='word_1_90' title='bbox 769 1022 868 1076; x_wconf 87' lang='lat' dir='ltr'>jure</span> <span class='ocrx_word' id='word_1_91' title='bbox 889 1036 986 1063; x_wconf 86' lang='lat' dir='ltr'>cum</span> <span class='ocrx_word' id='word_1_92' title='bbox 1010 1022 1177 1074; x_wconf 90' lang='lat' dir='ltr'>populo</span> <span class='ocrx_word' id='word_1_93' title='bbox 1200 1022 1418 1073; x_wconf 90' lang='lat' dir='ltr'>Romano,</span> <span class='ocrx_word' id='word_1_94' title='bbox 1439 1029 1572 1078; x_wconf 87' lang='lat' dir='ltr'>atque</span> 
     </span>
    </p>
   </div>
   <div class='ocr_carea' id='block_1_8' title="bbox 190 1087 934 1142">
    <p class='ocr_par' dir='ltr' id='par_1_8' title="bbox 190 1087 934 1142">
     <span class='ocr_line' id='line_1_15' title="bbox 190 1087 934 1142; baseline 0 -15"><span class='ocrx_word' id='word_1_95' title='bbox 190 1087 352 1128; x_wconf 87' lang='lat' dir='ltr'>hostire</span> <span class='ocrx_word' id='word_1_96' title='bbox 374 1089 611 1141; x_wconf 81' lang='lat' dir='ltr'>ponebatur</span> <span class='ocrx_word' id='word_1_97' title='bbox 631 1101 709 1142; x_wconf 91' lang='lat' dir='ltr'>pro</span> <span class='ocrx_word' id='word_1_98' title='bbox 745 1102 934 1142; x_wconf 80' lang='lat' dir='ltr'>aequare.</span> 
     </span>
    </p>
   </div>
   <div class='ocr_carea' id='block_1_9' title="bbox 995 1089 1572 1133">
    <p class='ocr_par' dir='ltr' id='par_1_9' title="bbox 995 1089 1572 1133">
     <span class='ocr_line' id='line_1_16' title="bbox 995 1089 1572 1133; baseline 0.009 -5"><span class='ocrx_word' id='word_1_99' title='bbox 995 1089 1177 1129; x_wconf 90' lang='lat' dir='ltr'>Plautus</span> <span class='ocrx_word' id='word_1_100' title='bbox 1205 1089 1252 1129; x_wconf 91' lang='lat' dir='ltr'>in</span> <span class='ocrx_word' id='word_1_101' title='bbox 1281 1090 1572 1133; x_wconf 87' lang='lat' dir='ltr'>Curculione:</span> 
     </span>
    </p>
   </div>
   <div class='ocr_carea' id='block_1_10' title="bbox 193 1155 1574 1275">
    <p class='ocr_par' dir='ltr' id='par_1_10' title="bbox 193 1155 1574 1275">
     <span class='ocr_line' id='line_1_17' title="bbox 193 1155 1574 1207; baseline 0.004 -12"><span class='ocrx_word' id='word_1_102' title='bbox 193 1155 243 1195; x_wconf 91' lang='lat' dir='ltr'>Si</span> <span class='ocrx_word' id='word_1_103' title='bbox 262 1160 404 1195; x_wconf 88' lang='lat' dir='ltr'>status</span> <span class='ocrx_word' id='word_1_104' title='bbox 426 1155 654 1196; x_wconf 88' lang='lat' dir='ltr'>condictus</span> <span class='ocrx_word' id='word_1_105' title='bbox 672 1168 772 1196; x_wconf 93' lang='lat' dir='ltr'>cum</span> <span class='ocrx_word' id='word_1_106' title='bbox 801 1156 925 1196; x_wconf 87' lang='lat' dir='ltr'>hoste</span> <span class='ocrx_word' id='word_1_107' title='bbox 957 1156 1184 1197; x_wconf 82' lang='lat' dir='ltr'>intercedit</span> <span class='ocrx_word' id='word_1_108' title='bbox 1205 1156 1315 1207; x_wconf 91' lang='lat' dir='ltr'>dies,</span> <span class='ocrx_word' id='word_1_109' title='bbox 1337 1160 1480 1199; x_wconf 89' lang='lat' dir='ltr'>tamen</span> <span class='ocrx_word' id='word_1_110' title='bbox 1506 1163 1574 1201; x_wconf 92' lang='lat' dir='ltr'>est</span> 
     </span>
     <span class='ocr_line' id='line_1_18' title="bbox 194 1221 974 1275; baseline 0.001 -14"><span class='ocrx_word' id='word_1_111' title='bbox 194 1221 397 1270; x_wconf 84' lang='lat' dir='ltr'>eundum,</span> <span class='ocrx_word' id='word_1_112' title='bbox 418 1235 506 1275; x_wconf 90' lang='lat' dir='ltr'>quo</span> <span class='ocrx_word' id='word_1_113' title='bbox 528 1223 758 1275; x_wconf 86' lang='lat' dir='ltr'>imperant,</span> <span class='ocrx_word' id='word_1_114' title='bbox 779 1223 974 1275; x_wconf 87' lang='lat' dir='ltr'>ingratis.</span> 
     </span>
    </p>
   </div>
   <div class='ocr_carea' id='block_1_11' title="bbox 141 1288 1246 1344">
    <p class='ocr_par' dir='ltr' id='par_1_11' title="bbox 141 1288 1246 1344">
     <span class='ocr_line' id='line_1_19' title="bbox 141 1288 1246 1344; baseline 0.002 -15"><span class='ocrx_word' id='word_1_115' title='bbox 141 1289 296 1330; x_wconf 84' lang='lat' dir='ltr'>Status</span> <span class='ocrx_word' id='word_1_116' title='bbox 314 1288 406 1330; x_wconf 87' lang='lat' dir='ltr'>dies</span> <span class='ocrx_word' id='word_1_117' title='bbox 427 1295 624 1338; x_wconf 85' lang='lat' dir='ltr'>vocatur,</span> <span class='ocrx_word' id='word_1_118' title='bbox 633 1290 793 1344; x_wconf 88' lang='lat' dir='ltr'>judicii</span> <span class='ocrx_word' id='word_1_119' title='bbox 815 1303 951 1332; x_wconf 85' lang='lat' dir='ltr'>causa</span> <span class='ocrx_word' id='word_1_120' title='bbox 965 1290 1246 1331; x_wconf 86' lang='lat' dir='ltr'>constitutus.</span> 
     </span>
    </p>
   </div>
   <div class='ocr_carea' id='block_1_12' title="bbox 1392 1291 1572 1345">
    <p class='ocr_par' dir='ltr' id='par_1_12' title="bbox 1392 1291 1572 1345">
     <span class='ocr_line' id='line_1_20' title="bbox 1392 1291 1572 1345; baseline 0.022 -14"><span class='ocrx_word' id='word_1_121' title='bbox 1392 1291 1519 1345; x_wconf 79' lang='lat' dir='ltr'>[PAU</span> <span class='ocrx_word' id='word_1_122' title='bbox 1531 1305 1572 1335; x_wconf 76' lang='lat' dir='ltr'>t..</span> 
     </span>
    </p>
   </div>
   <div class='ocr_carea' id='block_1_13' title="bbox 772 1460 909 1493">
    <p class='ocr_par' dir='ltr' id='par_1_13' title="bbox 772 1460 909 1493">
     <span class='ocr_line' id='line_1_21' title="bbox 772 1460 909 1493; baseline -0.007 0"><span class='ocrx_word' id='word_1_123' title='bbox 772 1460 909 1493; x_wconf 83' lang='lat' dir='ltr'><strong>NOTAE</strong></span> 
     </span>
    </p>
   </div>
   <div class='ocr_carea' id='block_1_14' title="bbox 127 1554 826 2796">
    <p class='ocr_par' dir='ltr' id='par_1_14' title="bbox 127 1554 826 2796">
     <span class='ocr_line' id='line_1_22' title="bbox 132 1554 825 1597; baseline 0.007 -13"><span class='ocrx_word' id='word_1_124' title='bbox 132 1554 224 1585; x_wconf 88' lang='lat' dir='ltr'>urbis</span> <span class='ocrx_word' id='word_1_125' title='bbox 241 1555 389 1597; x_wconf 81' lang='lat' dir='ltr'>regione,</span> <span class='ocrx_word' id='word_1_126' title='bbox 400 1557 446 1587; x_wconf 87' lang='lat' dir='ltr'>sic</span> <span class='ocrx_word' id='word_1_127' title='bbox 457 1556 592 1589; x_wconf 83' lang='lat' dir='ltr'>scribit:</span> <span class='ocrx_word' id='word_1_128' title='bbox 619 1557 628 1574; x_wconf 86' lang='lat'>‘</span> <span class='ocrx_word' id='word_1_129' title='bbox 643 1557 741 1588; x_wconf 89' lang='lat' dir='ltr'>Ficus</span> <span class='ocrx_word' id='word_1_130' title='bbox 760 1559 825 1589; x_wconf 89' lang='lat' dir='ltr'>Ru-</span> 
     </span>
     <span class='ocr_line' id='line_1_23' title="bbox 131 1603 825 1647; baseline 0.007 -14"><span class='ocrx_word' id='word_1_131' title='bbox 131 1603 263 1634; x_wconf 88' lang='lat' dir='ltr'>minalis</span> <span class='ocrx_word' id='word_1_132' title='bbox 294 1610 329 1636; x_wconf 83' lang='lat' dir='ltr'>et</span> <span class='ocrx_word' id='word_1_133' title='bbox 364 1607 529 1646; x_wconf 85' lang='lat' dir='ltr'>Lupercal</span> <span class='ocrx_word' id='word_1_134' title='bbox 555 1607 715 1647; x_wconf 83' lang='lat' dir='ltr'>Virginis.</span> <span class='ocrx_word' id='word_1_135' title='bbox 761 1608 825 1638; x_wconf 91' lang='lat' dir='ltr'>Co-</span> 
     </span>
     <span class='ocr_line' id='line_1_24' title="bbox 130 1653 824 1687; baseline 0.006 -5"><span class='ocrx_word' id='word_1_136' title='bbox 130 1653 243 1684; x_wconf 87' lang='lat' dir='ltr'>lumna</span> <span class='ocrx_word' id='word_1_137' title='bbox 256 1664 330 1685; x_wconf 85' lang='lat' dir='ltr'>curn</span> <span class='ocrx_word' id='word_1_138' title='bbox 342 1660 450 1687; x_wconf 74' lang='lat' dir='ltr'>statua</span> <span class='ocrx_word' id='word_1_139' title='bbox 465 1657 511 1687; x_wconf 89' lang='lat' dir='ltr'>M.</span> <span class='ocrx_word' id='word_1_140' title='bbox 524 1656 621 1687; x_wconf 88' lang='lat' dir='ltr'>Ludii</span> <span class='ocrx_word' id='word_1_141' title='bbox 634 1657 824 1687; x_wconf 82' lang='lat' dir='ltr'>Graecosta-</span> 
     </span>
     <span class='ocr_line' id='line_1_25' title="bbox 132 1704 825 1739; baseline 0.007 -5"><span class='ocrx_word' id='word_1_142' title='bbox 132 1704 201 1735; x_wconf 87' lang='lat' dir='ltr'>sis.’</span> <span class='ocrx_word' id='word_1_143' title='bbox 247 1706 331 1737; x_wconf 80' lang='lat' dir='ltr'>Haec</span> <span class='ocrx_word' id='word_1_144' title='bbox 355 1708 443 1738; x_wconf 87' lang='lat' dir='ltr'>euim</span> <span class='ocrx_word' id='word_1_145' title='bbox 466 1713 519 1739; x_wconf 89' lang='lat' dir='ltr'>est</span> <span class='ocrx_word' id='word_1_146' title='bbox 539 1709 692 1739; x_wconf 89' lang='lat' dir='ltr'>columna</span> <span class='ocrx_word' id='word_1_147' title='bbox 709 1713 743 1738; x_wconf 86' lang='lat' dir='ltr'>et</span> <span class='ocrx_word' id='word_1_148' title='bbox 759 1713 825 1739; x_wconf 89' lang='lat' dir='ltr'>sta—</span> 
     </span>
     <span class='ocr_line' id='line_1_26' title="bbox 132 1755 824 1798; baseline 0.006 -14"><span class='ocrx_word' id='word_1_149' title='bbox 132 1760 190 1785; x_wconf 87' lang='lat' dir='ltr'>tua</span> <span class='ocrx_word' id='word_1_150' title='bbox 206 1755 248 1786; x_wconf 92' lang='lat' dir='ltr'>de</span> <span class='ocrx_word' id='word_1_151' title='bbox 276 1766 339 1796; x_wconf 84' lang='lat' dir='ltr'>qua</span> <span class='ocrx_word' id='word_1_152' title='bbox 363 1757 413 1787; x_wconf 76' lang='lat' dir='ltr'>liic</span> <span class='ocrx_word' id='word_1_153' title='bbox 442 1758 582 1788; x_wconf 82' lang='lat' dir='ltr'>Festus:</span> <span class='ocrx_word' id='word_1_154' title='bbox 606 1758 757 1798; x_wconf 87' lang='lat' dir='ltr'>quamvis</span> <span class='ocrx_word' id='word_1_155' title='bbox 782 1758 824 1788; x_wconf 90' lang='lat' dir='ltr'>de</span> 
     </span>
     <span class='ocr_line' id='line_1_27' title="bbox 130 1805 825 1848; baseline 0.006 -13"><span class='ocrx_word' id='word_1_156' title='bbox 130 1805 194 1836; x_wconf 88' lang='lat' dir='ltr'>hoc</span> <span class='ocrx_word' id='word_1_157' title='bbox 211 1806 317 1837; x_wconf 91' lang='lat' dir='ltr'>Ludio</span> <span class='ocrx_word' id='word_1_158' title='bbox 334 1807 414 1838; x_wconf 87' lang='lat' dir='ltr'>nihil</span> <span class='ocrx_word' id='word_1_159' title='bbox 431 1808 511 1838; x_wconf 88' lang='lat' dir='ltr'>alibi</span> <span class='ocrx_word' id='word_1_160' title='bbox 532 1818 584 1838; x_wconf 87' lang='lat' dir='ltr'>me</span> <span class='ocrx_word' id='word_1_161' title='bbox 610 1809 729 1848; x_wconf 83' lang='lat' dir='ltr'>legisse</span> <span class='ocrx_word' id='word_1_162' title='bbox 755 1818 825 1839; x_wconf 84' lang='lat' dir='ltr'>me-</span> 
     </span>
     <span class='ocr_line' id='line_1_28' title="bbox 130 1856 826 1888; baseline 0.004 -3"><span class='ocrx_word' id='word_1_163' title='bbox 130 1856 221 1886; x_wconf 86' lang='lat' dir='ltr'>mini.</span> <span class='ocrx_word' id='word_1_164' title='bbox 259 1856 346 1886; x_wconf 92' lang='lat' dir='ltr'>Illud</span> <span class='ocrx_word' id='word_1_165' title='bbox 365 1862 495 1888; x_wconf 87' lang='lat' dir='ltr'>tantum</span> <span class='ocrx_word' id='word_1_166' title='bbox 512 1862 645 1888; x_wconf 89' lang='lat' dir='ltr'>constat</span> <span class='ocrx_word' id='word_1_167' title='bbox 663 1862 741 1888; x_wconf 90' lang='lat' dir='ltr'>ante</span> <span class='ocrx_word' id='word_1_168' title='bbox 758 1857 826 1888; x_wconf 93' lang='lat' dir='ltr'>An-</span> 
     </span>
     <span class='ocr_line' id='line_1_29' title="bbox 130 1906 823 1946; baseline 0.004 -11"><span class='ocrx_word' id='word_1_169' title='bbox 130 1915 206 1936; x_wconf 90' lang='lat' dir='ltr'>cum</span> <span class='ocrx_word' id='word_1_170' title='bbox 222 1906 383 1936; x_wconf 74' lang='lat' dir='ltr'>Martium</span> <span class='ocrx_word' id='word_1_171' title='bbox 400 1907 535 1942; x_wconf 85' lang='lat' dir='ltr'>vixisse,</span> <span class='ocrx_word' id='word_1_172' title='bbox 559 1908 614 1946; x_wconf 91' lang='lat' dir='ltr'>qui</span> <span class='ocrx_word' id='word_1_173' title='bbox 630 1907 823 1939; x_wconf 84' lang='lat' dir='ltr'>Janiculnm</span> 
     </span>
     <span class='ocr_line' id='line_1_30' title="bbox 130 1954 823 1995; baseline 0.004 -11"><span class='ocrx_word' id='word_1_174' title='bbox 130 1955 202 1985; x_wconf 89' lang='lat' dir='ltr'>urbi</span> <span class='ocrx_word' id='word_1_175' title='bbox 219 1954 349 1985; x_wconf 84' lang='lat' dir='ltr'>addidit</span> <span class='ocrx_word' id='word_1_176' title='bbox 367 1955 424 1985; x_wconf 92' lang='lat' dir='ltr'>ubi</span> <span class='ocrx_word' id='word_1_177' title='bbox 442 1956 546 1995; x_wconf 84' lang='lat' dir='ltr'>primo</span> <span class='ocrx_word' id='word_1_178' title='bbox 562 1955 674 1987; x_wconf 85' lang='lat' dir='ltr'>fuerat</span> <span class='ocrx_word' id='word_1_179' title='bbox 689 1957 741 1987; x_wconf 79' lang='lat' dir='ltr'>hic</span> <span class='ocrx_word' id='word_1_180' title='bbox 758 1957 823 1987; x_wconf 93' lang='lat' dir='ltr'>Lu-</span> 
     </span>
     <span class='ocr_line' id='line_1_31' title="bbox 130 2005 823 2045; baseline 0.004 -10"><span class='ocrx_word' id='word_1_181' title='bbox 130 2005 204 2036; x_wconf 89' lang='lat' dir='ltr'>dius</span> <span class='ocrx_word' id='word_1_182' title='bbox 220 2006 384 2045; x_wconf 83' lang='lat' dir='ltr'>sepultus.</span> <span class='ocrx_word' id='word_1_183' title='bbox 420 2007 506 2038; x_wconf 90' lang='lat' dir='ltr'>Nam</span> <span class='ocrx_word' id='word_1_184' title='bbox 524 2013 657 2038; x_wconf 81' lang='lat' dir='ltr'>veteres</span> <span class='ocrx_word' id='word_1_185' title='bbox 671 2008 823 2043; x_wconf 85' lang='lat' dir='ltr'>Romani,</span> 
     </span>
     <span class='ocr_line' id='line_1_32' title="bbox 129 2055 822 2095; baseline 0.004 -10"><span class='ocrx_word' id='word_1_186' title='bbox 129 2055 194 2085; x_wconf 90' lang='lat' dir='ltr'>nisi</span> <span class='ocrx_word' id='word_1_187' title='bbox 220 2064 262 2086; x_wconf 88' lang='lat' dir='ltr'>ex</span> <span class='ocrx_word' id='word_1_188' title='bbox 289 2055 451 2095; x_wconf 83' lang='lat' dir='ltr'>prodigiis</span> <span class='ocrx_word' id='word_1_189' title='bbox 475 2061 511 2087; x_wconf 90' lang='lat' dir='ltr'>et</span> <span class='ocrx_word' id='word_1_190' title='bbox 536 2058 746 2088; x_wconf 86' lang='lat' dir='ltr'>oraculorum</span> <span class='ocrx_word' id='word_1_191' title='bbox 771 2067 822 2088; x_wconf 89' lang='lat' dir='ltr'>re-</span> 
     </span>
     <span class='ocr_line' id='line_1_33' title="bbox 130 2104 822 2145; baseline 0.006 -11"><span class='ocrx_word' id='word_1_192' title='bbox 130 2105 261 2144; x_wconf 86' lang='lat' dir='ltr'>sponsis</span> <span class='ocrx_word' id='word_1_193' title='bbox 282 2104 554 2145; x_wconf 79' lang='lat' dir='ltr'>admonerentur,</span> <span class='ocrx_word' id='word_1_194' title='bbox 572 2111 607 2137; x_wconf 88' lang='lat' dir='ltr'>ut</span> <span class='ocrx_word' id='word_1_195' title='bbox 623 2107 676 2137; x_wconf 87' lang='lat' dir='ltr'>bic</span> <span class='ocrx_word' id='word_1_196' title='bbox 692 2106 822 2138; x_wconf 87' lang='lat' dir='ltr'>factum</span> 
     </span>
     <span class='ocr_line' id='line_1_34' title="bbox 128 2154 822 2198; baseline 0.004 -13"><span class='ocrx_word' id='word_1_197' title='bbox 128 2158 193 2190; x_wconf 86' lang='lat' dir='ltr'>est,</span> <span class='ocrx_word' id='word_1_198' title='bbox 209 2154 299 2185; x_wconf 89' lang='lat' dir='ltr'>intra</span> <span class='ocrx_word' id='word_1_199' title='bbox 313 2154 427 2185; x_wconf 82' lang='lat' dir='ltr'>urbem</span> <span class='ocrx_word' id='word_1_200' title='bbox 442 2156 608 2187; x_wconf 86' lang='lat' dir='ltr'>nemiuem</span> <span class='ocrx_word' id='word_1_201' title='bbox 621 2157 822 2198; x_wconf 85' lang='lat' dir='ltr'>sepelibant,</span> 
     </span>
     <span class='ocr_line' id='line_1_35' title="bbox 128 2205 822 2247; baseline 0.004 -12"><span class='ocrx_word' id='word_1_202' title='bbox 128 2210 257 2245; x_wconf 85' lang='lat' dir='ltr'>praeter</span> <span class='ocrx_word' id='word_1_203' title='bbox 283 2205 397 2235; x_wconf 88' lang='lat' dir='ltr'>Duces</span> <span class='ocrx_word' id='word_1_204' title='bbox 423 2214 480 2235; x_wconf 88' lang='lat' dir='ltr'>eos</span> <span class='ocrx_word' id='word_1_205' title='bbox 501 2206 556 2246; x_wconf 88' lang='lat' dir='ltr'>qui</span> <span class='ocrx_word' id='word_1_206' title='bbox 577 2206 609 2236; x_wconf 89' lang='lat' dir='ltr'>in</span> <span class='ocrx_word' id='word_1_207' title='bbox 628 2207 744 2246; x_wconf 86' lang='lat' dir='ltr'>praelio</span> <span class='ocrx_word' id='word_1_208' title='bbox 762 2217 822 2247; x_wconf 87' lang='lat' dir='ltr'>pro</span> 
     </span>
     <span class='ocr_line' id='line_1_36' title="bbox 129 2255 823 2295; baseline 0.006 -10"><span class='ocrx_word' id='word_1_209' title='bbox 129 2264 199 2295; x_wconf 88' lang='lat' dir='ltr'>rep.</span> <span class='ocrx_word' id='word_1_210' title='bbox 217 2255 321 2285; x_wconf 89' lang='lat' dir='ltr'>vitam</span> <span class='ocrx_word' id='word_1_211' title='bbox 339 2255 533 2295; x_wconf 85' lang='lat' dir='ltr'>amiserant,</span> <span class='ocrx_word' id='word_1_212' title='bbox 553 2261 590 2287; x_wconf 88' lang='lat' dir='ltr'>nt</span> <span class='ocrx_word' id='word_1_213' title='bbox 609 2257 714 2289; x_wconf 90' lang='lat' dir='ltr'>Nauti</span> <span class='ocrx_word' id='word_1_214' title='bbox 730 2262 765 2287; x_wconf 86' lang='lat' dir='ltr'>et</span> <span class='ocrx_word' id='word_1_215' title='bbox 779 2257 823 2289; x_wconf 89' lang='lat' dir='ltr'>T.</span> 
     </span>
     <span class='ocr_line' id='line_1_37' title="bbox 129 2304 822 2347; baseline 0.003 -11"><span class='ocrx_word' id='word_1_216' title='bbox 129 2304 247 2336; x_wconf 88' lang='lat' dir='ltr'>Sicinii</span> <span class='ocrx_word' id='word_1_217' title='bbox 276 2304 453 2335; x_wconf 86' lang='lat' dir='ltr'>consulatu</span> <span class='ocrx_word' id='word_1_218' title='bbox 490 2306 616 2346; x_wconf 80' lang='lat' dir='ltr'>Opiter</span> <span class='ocrx_word' id='word_1_219' title='bbox 644 2307 822 2347; x_wconf 76' lang='lat' dir='ltr'>Verginius</span> 
     </span>
     <span class='ocr_line' id='line_1_38' title="bbox 127 2353 822 2394; baseline 0 -8"><span class='ocrx_word' id='word_1_220' title='bbox 127 2356 314 2393; x_wconf 86' lang='lat' dir='ltr'>Tricostus,</span> <span class='ocrx_word' id='word_1_221' title='bbox 330 2353 484 2388; x_wconf 80' lang='lat' dir='ltr'>Valerius</span> <span class='ocrx_word' id='word_1_222' title='bbox 497 2356 667 2394; x_wconf 83' lang='lat' dir='ltr'>Laevinus,</span> <span class='ocrx_word' id='word_1_223' title='bbox 678 2356 822 2387; x_wconf 88' lang='lat' dir='ltr'>Posthu-</span> 
     </span>
     <span class='ocr_line' id='line_1_39' title="bbox 129 2404 823 2446; baseline 0.001 -12"><span class='ocrx_word' id='word_1_224' title='bbox 129 2413 200 2434; x_wconf 86' lang='lat' dir='ltr'>mus</span> <span class='ocrx_word' id='word_1_225' title='bbox 216 2404 386 2437; x_wconf 89' lang='lat' dir='ltr'>Cominius</span> <span class='ocrx_word' id='word_1_226' title='bbox 402 2405 592 2440; x_wconf 87' lang='lat' dir='ltr'>Auruncus,</span> <span class='ocrx_word' id='word_1_227' title='bbox 609 2406 732 2446; x_wconf 85' lang='lat' dir='ltr'>aliique</span> <span class='ocrx_word' id='word_1_228' title='bbox 749 2405 823 2436; x_wconf 86' lang='lat' dir='ltr'>Tri-</span> 
     </span>
     <span class='ocr_line' id='line_1_40' title="bbox 130 2452 822 2495; baseline 0.006 -13"><span class='ocrx_word' id='word_1_229' title='bbox 130 2452 211 2483; x_wconf 86' lang='lat' dir='ltr'>buni</span> <span class='ocrx_word' id='word_1_230' title='bbox 227 2454 386 2485; x_wconf 85' lang='lat' dir='ltr'>militares</span> <span class='ocrx_word' id='word_1_231' title='bbox 410 2456 562 2495; x_wconf 85' lang='lat' dir='ltr'>proxime</span> <span class='ocrx_word' id='word_1_232' title='bbox 580 2456 714 2487; x_wconf 88' lang='lat' dir='ltr'>Circum</span> <span class='ocrx_word' id='word_1_233' title='bbox 732 2465 822 2486; x_wconf 88' lang='lat' dir='ltr'>com-</span> 
     </span>
     <span class='ocr_line' id='line_1_41' title="bbox 128 2503 824 2547; baseline 0.006 -14"><span class='ocrx_word' id='word_1_234' title='bbox 128 2503 215 2534; x_wconf 88' lang='lat' dir='ltr'>busti</span> <span class='ocrx_word' id='word_1_235' title='bbox 232 2509 332 2535; x_wconf 87' lang='lat' dir='ltr'>sunt:</span> <span class='ocrx_word' id='word_1_236' title='bbox 362 2509 399 2535; x_wconf 87' lang='lat' dir='ltr'>ut</span> <span class='ocrx_word' id='word_1_237' title='bbox 413 2515 515 2544; x_wconf 86' lang='lat' dir='ltr'>supra</span> <span class='ocrx_word' id='word_1_238' title='bbox 532 2506 621 2537; x_wconf 82' lang='lat' dir='ltr'>Fest.</span> <span class='ocrx_word' id='word_1_239' title='bbox 639 2510 715 2547; x_wconf 86' lang='lat' dir='ltr'>post</span> <span class='ocrx_word' id='word_1_240' title='bbox 729 2508 738 2523; x_wconf 89' lang='lat'>‘</span> <span class='ocrx_word' id='word_1_241' title='bbox 752 2507 824 2537; x_wconf 92' lang='lat' dir='ltr'>No-</span> 
     </span>
     <span class='ocr_line' id='line_1_42' title="bbox 130 2554 518 2593; baseline 0.008 -10"><span class='ocrx_word' id='word_1_242' title='bbox 130 2554 238 2584; x_wconf 82' lang='lat' dir='ltr'>valem</span> <span class='ocrx_word' id='word_1_243' title='bbox 258 2554 397 2593; x_wconf 67' lang='lat' dir='ltr'>agrum!</span> <span class='ocrx_word' id='word_1_244' title='bbox 420 2555 518 2586; x_wconf 84' lang='lat' dir='ltr'>Idem.</span> 
     </span>
     <span class='ocr_line' id='line_1_43' title="bbox 172 2603 822 2646; baseline 0.008 -13"><span class='ocrx_word' id='word_1_245' title='bbox 172 2608 186 2623; x_wconf 70' lang='lat'><strong>²</strong></span> <span class='ocrx_word' id='word_1_246' title='bbox 209 2603 366 2643; x_wconf 81' lang='lat' dir='ltr'>Superque</span> <span class='ocrx_word' id='word_1_247' title='bbox 379 2614 412 2634; x_wconf 78' lang='lat' dir='ltr'>ea</span> <span class='ocrx_word' id='word_1_248' title='bbox 422 2605 576 2646; x_wconf 82' lang='lat' dir='ltr'>columna]</span> <span class='ocrx_word' id='word_1_249' title='bbox 592 2607 643 2636; x_wconf 87' lang='lat' dir='ltr'>De</span> <span class='ocrx_word' id='word_1_250' title='bbox 655 2606 719 2638; x_wconf 87' lang='lat' dir='ltr'>hoc</span> <span class='ocrx_word' id='word_1_251' title='bbox 730 2616 822 2638; x_wconf 83' lang='lat' dir='ltr'>more</span> 
     </span>
     <span class='ocr_line' id='line_1_44' title="bbox 128 2652 818 2695; baseline 0.004 -11"><span class='ocrx_word' id='word_1_252' title='bbox 128 2652 252 2684; x_wconf 87' lang='lat' dir='ltr'>Isidor.</span> <span class='ocrx_word' id='word_1_253' title='bbox 269 2653 364 2692; x_wconf 80' lang='lat' dir='ltr'>Orig.</span> <span class='ocrx_word' id='word_1_254' title='bbox 380 2653 435 2683; x_wconf 86' lang='lat' dir='ltr'>lib.</span> <span class='ocrx_word' id='word_1_255' title='bbox 454 2662 514 2684; x_wconf 82' lang='lat' dir='ltr'>xv.</span> <span class='ocrx_word' id='word_1_256' title='bbox 532 2664 606 2694; x_wconf 87' lang='lat' dir='ltr'>cap.</span> <span class='ocrx_word' id='word_1_257' title='bbox 625 2658 675 2686; x_wconf 93' lang='grc'>11.</span> <span class='ocrx_word' id='word_1_258' title='bbox 693 2657 702 2673; x_wconf 91' lang='lat'>‘</span> <span class='ocrx_word' id='word_1_259' title='bbox 716 2656 818 2695; x_wconf 83' lang='lat' dir='ltr'>Apud</span> 
     </span>
     <span class='ocr_line' id='line_1_45' title="bbox 128 2704 819 2745; baseline 0.003 -11"><span class='ocrx_word' id='word_1_260' title='bbox 128 2704 269 2743; x_wconf 80' lang='lat' dir='ltr'>majores</span> <span class='ocrx_word' id='word_1_261' title='bbox 296 2709 453 2742; x_wconf 82' lang='lat' dir='ltr'>potentes</span> <span class='ocrx_word' id='word_1_262' title='bbox 476 2709 532 2734; x_wconf 87' lang='lat' dir='ltr'>aut</span> <span class='ocrx_word' id='word_1_263' title='bbox 557 2705 616 2736; x_wconf 87' lang='lat' dir='ltr'>sub</span> <span class='ocrx_word' id='word_1_264' title='bbox 640 2706 819 2745; x_wconf 77' lang='lat' dir='ltr'>montibus,</span> 
     </span>
     <span class='ocr_line' id='line_1_46' title="bbox 212 2756 566 2796; baseline 0 -8"><span class='ocrx_word' id='word_1_265' title='bbox 212 2756 328 2796; x_wconf 86' lang='lat' dir='ltr'>Delph.</span> <span class='ocrx_word' id='word_1_266' title='bbox 341 2760 372 2788; x_wconf 81' lang='lat' dir='ltr'>et</span> <span class='ocrx_word' id='word_1_267' title='bbox 392 2757 466 2788; x_wconf 82' lang='lat' dir='ltr'>Var.</span> <span class='ocrx_word' id='word_1_268' title='bbox 480 2758 566 2788; x_wconf 73' lang='lat' dir='ltr'>Clas.</span> 
     </span>
    </p>
   </div>
   <div class='ocr_carea' id='block_1_15' title="bbox 741 2760 953 2799">
    <p class='ocr_par' dir='ltr' id='par_1_15' title="bbox 741 2760 953 2799">
     <span class='ocr_line' id='line_1_47' title="bbox 741 2760 953 2799; baseline 0.005 -10"><span class='ocrx_word' id='word_1_269' title='bbox 741 2760 849 2799; x_wconf 84' lang='lat' dir='ltr'>Pomp.</span> <span class='ocrx_word' id='word_1_270' title='bbox 867 2760 896 2790; x_wconf 85' lang='lat' dir='ltr'><em>F</em></span> <span class='ocrx_word' id='word_1_271' title='bbox 898 2763 953 2791; x_wconf 76' lang='lat' dir='ltr'>ese.</span> 
     </span>
    </p>
   </div>
   <div class='ocr_carea' id='block_1_16' title="bbox 868 1559 1574 2791">
    <p class='ocr_par' dir='ltr' id='par_1_16' title="bbox 875 1559 1574 1946">
     <span class='ocr_line' id='line_1_48' title="bbox 878 1559 1572 1600; baseline 0.003 -11"><span class='ocrx_word' id='word_1_272' title='bbox 878 1562 937 1590; x_wconf 86' lang='lat' dir='ltr'>aut</span> <span class='ocrx_word' id='word_1_273' title='bbox 955 1559 986 1590; x_wconf 92' lang='lat' dir='ltr'>in</span> <span class='ocrx_word' id='word_1_274' title='bbox 1005 1560 1174 1591; x_wconf 90' lang='lat' dir='ltr'>montibus</span> <span class='ocrx_word' id='word_1_275' title='bbox 1190 1560 1453 1600; x_wconf 85' lang='lat' dir='ltr'>sepeliebantur.</span> <span class='ocrx_word' id='word_1_276' title='bbox 1487 1559 1572 1591; x_wconf 89' lang='lat' dir='ltr'>Inde</span> 
     </span>
     <span class='ocr_line' id='line_1_49' title="bbox 877 1609 1574 1649; baseline 0.001 -10"><span class='ocrx_word' id='word_1_277' title='bbox 877 1612 1023 1639; x_wconf 88' lang='lat' dir='ltr'>tractum</span> <span class='ocrx_word' id='word_1_278' title='bbox 1051 1615 1115 1648; x_wconf 86' lang='lat' dir='ltr'>est,</span> <span class='ocrx_word' id='word_1_279' title='bbox 1137 1614 1171 1640; x_wconf 89' lang='lat' dir='ltr'>ut</span> <span class='ocrx_word' id='word_1_280' title='bbox 1196 1619 1299 1649; x_wconf 87' lang='lat' dir='ltr'>super</span> <span class='ocrx_word' id='word_1_281' title='bbox 1323 1609 1490 1640; x_wconf 84' lang='lat' dir='ltr'>cadavera</span> <span class='ocrx_word' id='word_1_282' title='bbox 1514 1613 1574 1640; x_wconf 83' lang='lat' dir='ltr'>aut</span> 
     </span>
     <span class='ocr_line' id='line_1_50' title="bbox 877 1658 1574 1699; baseline 0.004 -12"><span class='ocrx_word' id='word_1_283' title='bbox 877 1658 1068 1698; x_wconf 83' lang='lat' dir='ltr'>pyramides</span> <span class='ocrx_word' id='word_1_284' title='bbox 1092 1659 1226 1697; x_wconf 87' lang='lat' dir='ltr'>fierent,</span> <span class='ocrx_word' id='word_1_285' title='bbox 1253 1664 1311 1690; x_wconf 89' lang='lat' dir='ltr'>aut</span> <span class='ocrx_word' id='word_1_286' title='bbox 1335 1660 1490 1699; x_wconf 79' lang='lat' dir='ltr'>ingentes</span> <span class='ocrx_word' id='word_1_287' title='bbox 1517 1668 1574 1690; x_wconf 93' lang='lat' dir='ltr'>co-</span> 
     </span>
     <span class='ocr_line' id='line_1_51' title="bbox 877 1708 1572 1740; baseline 0.003 -3"><span class='ocrx_word' id='word_1_288' title='bbox 877 1708 998 1738; x_wconf 76' lang='lat' dir='ltr'>lumnae</span> <span class='ocrx_word' id='word_1_289' title='bbox 1015 1709 1283 1739; x_wconf 67' lang='lat' dir='ltr'>collocarentur!</span> <span class='ocrx_word' id='word_1_290' title='bbox 1319 1709 1514 1740; x_wconf 78' lang='lat' dir='ltr'>Callimarh.</span> <span class='ocrx_word' id='word_1_291' title='bbox 1528 1710 1572 1739; x_wconf 95' lang='lat' dir='ltr'>E-</span> 
     </span>
     <span class='ocr_line' id='line_1_52' title="bbox 877 1756 1573 1799; baseline 0.003 -13"><span class='ocrx_word' id='word_1_292' title='bbox 877 1756 962 1796; x_wconf 85' lang='lat' dir='ltr'>pigr.</span> <span class='ocrx_word' id='word_1_293' title='bbox 977 1760 1028 1788; x_wconf 86' lang='lat'>11.</span> <span class='ocrx_word' id='word_1_294' title='bbox 1059 1757 1185 1795; x_wconf 78' lang='grc' dir='ltr'>Στήλην</span> <span class='ocrx_word' id='word_1_295' title='bbox 1199 1760 1356 1799; x_wconf 82' lang='grc' dir='ltr'>μητρυιῆς,</span> <span class='ocrx_word' id='word_1_296' title='bbox 1366 1758 1474 1799; x_wconf 83' lang='grc' dir='ltr'>μικρὰν</span> <span class='ocrx_word' id='word_1_297' title='bbox 1486 1758 1573 1790; x_wconf 79' lang='grc' dir='ltr'>λίθον</span> 
     </span>
     <span class='ocr_line' id='line_1_53' title="bbox 877 1806 1573 1848; baseline 0.006 -12"><span class='ocrx_word' id='word_1_298' title='bbox 877 1806 991 1846; x_wconf 81' lang='grc' dir='ltr'>ἔστεφε</span> <span class='ocrx_word' id='word_1_299' title='bbox 1013 1809 1128 1848; x_wconf 82' lang='grc' dir='ltr'>κοῦρος.</span> <span class='ocrx_word' id='word_1_300' title='bbox 1170 1809 1236 1839; x_wconf 81' lang='lat' dir='ltr'>Sed</span> <span class='ocrx_word' id='word_1_301' title='bbox 1261 1810 1444 1839; x_wconf 84' lang='lat' dir='ltr'>notandum</span> <span class='ocrx_word' id='word_1_302' title='bbox 1469 1819 1573 1848; x_wconf 87' lang='lat' dir='ltr'>supra</span> 
     </span>
     <span class='ocr_line' id='line_1_54' title="bbox 876 1857 1571 1898; baseline 0.004 -12"><span class='ocrx_word' id='word_1_303' title='bbox 876 1857 1062 1887; x_wconf 90' lang='lat' dir='ltr'>columnam</span> <span class='ocrx_word' id='word_1_304' title='bbox 1081 1858 1257 1898; x_wconf 89' lang='lat' dir='ltr'>aliquando</span> <span class='ocrx_word' id='word_1_305' title='bbox 1280 1858 1404 1889; x_wconf 86' lang='lat' dir='ltr'>mortui</span> <span class='ocrx_word' id='word_1_306' title='bbox 1427 1857 1571 1898; x_wconf 83' lang='lat' dir='ltr'>effigiem</span> 
     </span>
     <span class='ocr_line' id='line_1_55' title="bbox 875 1905 1289 1946; baseline 0 -10"><span class='ocrx_word' id='word_1_307' title='bbox 875 1907 1040 1946; x_wconf 85' lang='lat' dir='ltr'>sculptam</span> <span class='ocrx_word' id='word_1_308' title='bbox 1057 1905 1169 1937; x_wconf 83' lang='lat' dir='ltr'>fuisse.</span> <span class='ocrx_word' id='word_1_309' title='bbox 1194 1907 1289 1938; x_wconf 79' lang='lat' dir='ltr'>Idem.</span> 
     </span>
    </p>

    <p class='ocr_par' dir='ltr' id='par_1_17' title="bbox 873 1955 1572 2100">
     <span class='ocr_line' id='line_1_56' title="bbox 917 1955 1571 1997; baseline 0.005 -10"><span class='ocrx_word' id='word_1_310' title='bbox 917 1955 931 1977; x_wconf 67' lang='lat' dir='ltr'>b</span> <span class='ocrx_word' id='word_1_311' title='bbox 953 1957 1142 1997; x_wconf 80' lang='lat' dir='ltr'>Statuliber]</span> <span class='ocrx_word' id='word_1_312' title='bbox 1179 1958 1415 1990; x_wconf 83' lang='lat' dir='ltr'>Glossarium:</span> <span class='ocrx_word' id='word_1_313' title='bbox 1445 1964 1453 1977; x_wconf 88' lang='lat'><em>‘</em></span> <span class='ocrx_word' id='word_1_314' title='bbox 1470 1959 1571 1990; x_wconf 84' lang='lat' dir='ltr'>Statu</span> 
     </span>
     <span class='ocr_line' id='line_1_57' title="bbox 873 2007 1572 2048; baseline 0.004 -12"><span class='ocrx_word' id='word_1_315' title='bbox 873 2007 971 2044; x_wconf 89' lang='lat' dir='ltr'>liber,</span> <span class='ocrx_word' id='word_1_316' title='bbox 1001 2007 1160 2047; x_wconf 82' lang='grc' dir='ltr'>ἐλεύθερος</span> <span class='ocrx_word' id='word_1_317' title='bbox 1188 2007 1289 2048; x_wconf 84' lang='grc' dir='ltr'>χρόνῳ</span> <span class='ocrx_word' id='word_1_318' title='bbox 1320 2009 1400 2040; x_wconf 79' lang='grc' dir='ltr'>κατὰ</span> <span class='ocrx_word' id='word_1_319' title='bbox 1427 2009 1572 2046; x_wconf 77' lang='grc' dir='ltr'>διαθήκην</span> 
     </span>
     <span class='ocr_line' id='line_1_58' title="bbox 873 2056 1572 2100; baseline 0.007 -13"><span class='ocrx_word' id='word_1_320' title='bbox 873 2056 1020 2096; x_wconf 85' lang='grc' dir='ltr'>ἆφεθεὶς.’</span> <span class='ocrx_word' id='word_1_321' title='bbox 1039 2059 1130 2098; x_wconf 85' lang='lat' dir='ltr'>Lego</span> <span class='ocrx_word' id='word_1_322' title='bbox 1142 2058 1198 2098; x_wconf 84' lang='grc' dir='ltr'>ὅρῳ</span> <span class='ocrx_word' id='word_1_323' title='bbox 1212 2069 1271 2099; x_wconf 84' lang='lat' dir='ltr'>pro</span> <span class='ocrx_word' id='word_1_324' title='bbox 1285 2059 1475 2100; x_wconf 68' lang='grc' dir='ltr'>χρόνῳ..Ιωῑ.</span> <span class='ocrx_word' id='word_1_325' title='bbox 1488 2060 1572 2092; x_wconf 83' lang='lat' dir='ltr'>Scal.</span> 
     </span>
    </p>

    <p class='ocr_par' dir='ltr' id='par_1_18' title="bbox 872 2108 1572 2400">
     <span class='ocr_line' id='line_1_59' title="bbox 917 2108 1572 2148; baseline 0.006 -10"><span class='ocrx_word' id='word_1_326' title='bbox 917 2108 1107 2148; x_wconf 78' lang='lat' dir='ltr'>Statuliber]</span> <span class='ocrx_word' id='word_1_327' title='bbox 1133 2110 1199 2142; x_wconf 85' lang='lat' dir='ltr'>Qui</span> <span class='ocrx_word' id='word_1_328' title='bbox 1217 2110 1278 2140; x_wconf 86' lang='lat' dir='ltr'>sub</span> <span class='ocrx_word' id='word_1_329' title='bbox 1291 2110 1486 2142; x_wconf 87' lang='lat' dir='ltr'>conditione</span> <span class='ocrx_word' id='word_1_330' title='bbox 1502 2115 1572 2142; x_wconf 86' lang='lat' dir='ltr'>tes-</span> 
     </span>
     <span class='ocr_line' id='line_1_60' title="bbox 874 2158 1570 2201; baseline 0.007 -14"><span class='ocrx_word' id='word_1_331' title='bbox 874 2161 1025 2189; x_wconf 79' lang='lat' dir='ltr'>tamento</span> <span class='ocrx_word' id='word_1_332' title='bbox 1038 2158 1124 2189; x_wconf 84' lang='lat' dir='ltr'>liber</span> <span class='ocrx_word' id='word_1_333' title='bbox 1134 2159 1330 2199; x_wconf 76' lang='lat' dir='ltr'>essejiisSiis</span> <span class='ocrx_word' id='word_1_334' title='bbox 1344 2165 1407 2192; x_wconf 83' lang='lat' dir='ltr'>est.</span> <span class='ocrx_word' id='word_1_335' title='bbox 1433 2161 1570 2201; x_wconf 88' lang='lat' dir='ltr'>Ulpian.</span> 
     </span>
     <span class='ocr_line' id='line_1_61' title="bbox 873 2207 1570 2251; baseline 0.006 -13"><span class='ocrx_word' id='word_1_336' title='bbox 873 2207 960 2238; x_wconf 90' lang='lat' dir='ltr'>Inde</span> <span class='ocrx_word' id='word_1_337' title='bbox 987 2208 1020 2238; x_wconf 88' lang='lat' dir='ltr'>in</span> <span class='ocrx_word' id='word_1_338' title='bbox 1039 2209 1150 2240; x_wconf 81' lang='lat' dir='ltr'>Gloss.</span> <span class='ocrx_word' id='word_1_339' title='bbox 1173 2209 1182 2225; x_wconf 91' lang='lat'>‘</span> <span class='ocrx_word' id='word_1_340' title='bbox 1195 2209 1395 2246; x_wconf 84' lang='lat' dir='ltr'>Statuliber‚</span> <span class='ocrx_word' id='word_1_341' title='bbox 1409 2210 1570 2251; x_wconf 82' lang='grc' dir='ltr'>ἐλεύθερος</span> 
     </span>
     <span class='ocr_line' id='line_1_62' title="bbox 872 2257 1570 2302; baseline 0.006 -13"><span class='ocrx_word' id='word_1_342' title='bbox 872 2257 973 2299; x_wconf 82' lang='grc' dir='ltr'>χρόνῳ</span> <span class='ocrx_word' id='word_1_343' title='bbox 988 2259 1068 2290; x_wconf 82' lang='grc' dir='ltr'>κατὰ</span> <span class='ocrx_word' id='word_1_344' title='bbox 1083 2260 1230 2297; x_wconf 77' lang='grc' dir='ltr'>διαθήκην</span> <span class='ocrx_word' id='word_1_345' title='bbox 1245 2260 1387 2301; x_wconf 82' lang='grc' dir='ltr'>ἆφεθείς.’</span> <span class='ocrx_word' id='word_1_346' title='bbox 1416 2263 1570 2302; x_wconf 80' lang='lat' dir='ltr'>Scaliger</span> 
     </span>
     <span class='ocr_line' id='line_1_63' title="bbox 873 2309 1569 2351; baseline 0.004 -11"><span class='ocrx_word' id='word_1_347' title='bbox 873 2310 955 2349; x_wconf 83' lang='lat' dir='ltr'>legit</span> <span class='ocrx_word' id='word_1_348' title='bbox 975 2309 1043 2349; x_wconf 83' lang='grc' dir='ltr'><strong><em>ὅρῳ.</em></strong></span> <span class='ocrx_word' id='word_1_349' title='bbox 1089 2311 1325 2350; x_wconf 86' lang='lat' dir='ltr'>‘Statulibera,</span> <span class='ocrx_word' id='word_1_350' title='bbox 1350 2312 1569 2351; x_wconf 84' lang='grc' dir='ltr'>διακεκτημένη</span> 
     </span>
     <span class='ocr_line' id='line_1_64' title="bbox 872 2359 1247 2400; baseline 0.011 -11"><span class='ocrx_word' id='word_1_351' title='bbox 872 2359 930 2397; x_wconf 78' lang='grc' dir='ltr'>τὴν</span> <span class='ocrx_word' id='word_1_352' title='bbox 945 2359 1141 2400; x_wconf 76' lang='grc' dir='ltr'>ἐλευθερίαν.’</span> <span class='ocrx_word' id='word_1_353' title='bbox 1165 2361 1247 2393; x_wconf 76' lang='lat' dir='ltr'>Duc.</span> 
     </span>
    </p>

    <p class='ocr_par' dir='ltr' id='par_1_19' title="bbox 868 2409 1569 2647">
     <span class='ocr_line' id='line_1_65' title="bbox 915 2409 1569 2449; baseline 0.006 -10"><span class='ocrx_word' id='word_1_354' title='bbox 915 2414 929 2429; x_wconf 78' lang='lat'><strong>⁰</strong></span> <span class='ocrx_word' id='word_1_355' title='bbox 952 2409 1078 2449; x_wconf 79' lang='lat' dir='ltr'>Status]</span> <span class='ocrx_word' id='word_1_356' title='bbox 1113 2411 1254 2441; x_wconf 82' lang='lat' dir='ltr'>Plautus</span> <span class='ocrx_word' id='word_1_357' title='bbox 1271 2411 1303 2441; x_wconf 94' lang='lat' dir='ltr'>in</span> <span class='ocrx_word' id='word_1_358' title='bbox 1322 2411 1475 2443; x_wconf 72' lang='lat' dir='ltr'>Boeoiiis.</span> <span class='ocrx_word' id='word_1_359' title='bbox 1504 2412 1569 2443; x_wconf 89' lang='lat' dir='ltr'>Cu-</span> 
     </span>
     <span class='ocr_line' id='line_1_66' title="bbox 868 2460 1569 2501; baseline 0.004 -12"><span class='ocrx_word' id='word_1_360' title='bbox 868 2460 925 2500; x_wconf 90' lang='lat' dir='ltr'>jus</span> <span class='ocrx_word' id='word_1_361' title='bbox 944 2461 1047 2490; x_wconf 84' lang='lat' dir='ltr'>verba</span> <span class='ocrx_word' id='word_1_362' title='bbox 1062 2461 1102 2491; x_wconf 87' lang='lat' dir='ltr'>ad</span> <span class='ocrx_word' id='word_1_363' title='bbox 1120 2461 1228 2501; x_wconf 88' lang='lat' dir='ltr'>legem</span> <span class='ocrx_word' id='word_1_364' title='bbox 1248 2463 1299 2492; x_wconf 81' lang='lat'>12.</span> <span class='ocrx_word' id='word_1_365' title='bbox 1312 2461 1383 2492; x_wconf 87' lang='lat' dir='ltr'>tab.</span> <span class='ocrx_word' id='word_1_366' title='bbox 1402 2461 1569 2499; x_wconf 85' lang='lat' dir='ltr'>alludunt,</span> 
     </span>
     <span class='ocr_line' id='line_1_67' title="bbox 873 2509 1567 2550; baseline 0.004 -12"><span class='ocrx_word' id='word_1_367' title='bbox 873 2513 912 2539; x_wconf 88' lang='lat' dir='ltr'>ut</span> <span class='ocrx_word' id='word_1_368' title='bbox 928 2509 1094 2547; x_wconf 71' lang='lat' dir='ltr'>arbitron-3</span> <span class='ocrx_word' id='word_1_369' title='bbox 1121 2510 1164 2541; x_wconf 88' lang='lat' dir='ltr'>de</span> <span class='ocrx_word' id='word_1_370' title='bbox 1189 2510 1307 2550; x_wconf 84' lang='lat' dir='ltr'>quibus</span> <span class='ocrx_word' id='word_1_371' title='bbox 1329 2511 1449 2542; x_wconf 85' lang='lat' dir='ltr'>Cicero</span> <span class='ocrx_word' id='word_1_372' title='bbox 1467 2511 1524 2541; x_wconf 93' lang='lat' dir='ltr'>lib.</span> <span class='ocrx_word' id='word_1_373' title='bbox 1542 2520 1567 2541; x_wconf 92' lang='lat'>1.</span> 
     </span>
     <span class='ocr_line' id='line_1_68' title="bbox 875 2558 1568 2591; baseline 0 -1"><span class='ocrx_word' id='word_1_374' title='bbox 875 2558 1026 2590; x_wconf 85' lang='lat' dir='ltr'>Officior.</span> <span class='ocrx_word' id='word_1_375' title='bbox 1049 2565 1056 2577; x_wconf 91' lang='lat'>‘</span> <span class='ocrx_word' id='word_1_376' title='bbox 1070 2560 1140 2591; x_wconf 89' lang='lat' dir='ltr'>Aut</span> <span class='ocrx_word' id='word_1_377' title='bbox 1153 2565 1260 2591; x_wconf 87' lang='lat' dir='ltr'>status</span> <span class='ocrx_word' id='word_1_378' title='bbox 1274 2560 1346 2591; x_wconf 90' lang='lat' dir='ltr'>dies</span> <span class='ocrx_word' id='word_1_379' title='bbox 1359 2570 1432 2591; x_wconf 90' lang='lat' dir='ltr'>cum</span> <span class='ocrx_word' id='word_1_380' title='bbox 1449 2559 1568 2591; x_wconf 89' lang='lat' dir='ltr'>boste.&#39;</span> 
     </span>
     <span class='ocr_line' id='line_1_69' title="bbox 871 2608 1054 2647; baseline 0.005 -8"><span class='ocrx_word' id='word_1_381' title='bbox 871 2608 951 2639; x_wconf 78' lang='lat' dir='ltr'>Ant.</span> <span class='ocrx_word' id='word_1_382' title='bbox 969 2609 1054 2647; x_wconf 85' lang='lat' dir='ltr'>Aug.</span> 
     </span>
    </p>

    <p class='ocr_par' dir='ltr' id='par_1_20' title="bbox 874 2657 1567 2738">
     <span class='ocr_line' id='line_1_70' title="bbox 915 2657 1567 2699; baseline 0.003 -12"><span class='ocrx_word' id='word_1_383' title='bbox 915 2657 1040 2699; x_wconf 79' lang='lat' dir='ltr'>Status]</span> <span class='ocrx_word' id='word_1_384' title='bbox 1065 2658 1151 2690; x_wconf 89' lang='lat' dir='ltr'>Vide</span> <span class='ocrx_word' id='word_1_385' title='bbox 1174 2657 1381 2690; x_wconf 86' lang='lat' dir='ltr'>‘condictus&#39;</span> <span class='ocrx_word' id='word_1_386' title='bbox 1413 2663 1447 2689; x_wconf 86' lang='lat' dir='ltr'>et</span> <span class='ocrx_word' id='word_1_387' title='bbox 1471 2657 1567 2689; x_wconf 83' lang='lat' dir='ltr'>‘hos-</span> 
     </span>
     <span class='ocr_line' id='line_1_71' title="bbox 874 2706 1047 2738; baseline 0.012 -2"><span class='ocrx_word' id='word_1_388' title='bbox 874 2706 942 2737; x_wconf 82' lang='lat' dir='ltr'>tis.&#39;</span> <span class='ocrx_word' id='word_1_389' title='bbox 967 2708 1047 2738; x_wconf 76' lang='lat' dir='ltr'>Dac-</span> 
     </span>
    </p>

    <p class='ocr_par' dir='ltr' id='par_1_21' title="bbox 1413 2760 1482 2791">
     <span class='ocr_line' id='line_1_72' title="bbox 1413 2760 1482 2791; baseline 0.014 -1"><span class='ocrx_word' id='word_1_390' title='bbox 1413 2762 1431 2790; x_wconf 80' lang='lat'>3</span> <span class='ocrx_word' id='word_1_391' title='bbox 1457 2760 1482 2791; x_wconf 80' lang='lat' dir='ltr'>L</span> 
     </span>
    </p>
   </div>
  </div>
 </body>
</html>
