1876 3025
750 194 970 224 SCHEDAE.
1471 188 1582 229 1203

141 317 508 329 ......
565 290 787 332 concitato
824 292 970 332 animo
999 291 1056 333 ad
1087 292 1246 333 bonam
1276 292 1443 346 frugem
1459 297 1581 336 ten¹0

140 385 504 399 ......
564 357 799 411 Voisgram
828 371 969 408 avem,
1001 371 1098 413 quae
1121 372 1168 400 se
1189 359 1322 401 vellit.
1383 359 1583 414 Augures

138 423 250 464 hanc
278 424 462 465 eandem
493 424 805 466 fucillantem¹¹
839 426 1070 480 appellant
1103 457 1473 469 ......
1506 429 1582 471 Vi-

139 491 467 545 gintiquinquee
499 505 655 547 poenas
695 492 740 533 in
764 503 856 533 X11.
890 493 1111 546 significat
1132 495 1480 549 vigintiquinque
1510 511 1579 538 as-

139 572 224 600 ses.
284 558 528 601 Victimam
556 560 700 601 AElius
732 561 846 602 Stilo
875 562 939 603 ait
973 575 1069 603 esse
1090 563 1290 613 vitulum,
1314 564 1370 604 ob
1402 563 1498 617 ejus
1520 566 1582 605 vi-

141 639 314 679 gorem:
346 628 422 668 alii
457 631 618 679 autem,
660 641 762 682 quae
790 629 941 671 vincta
976 629 1162 672 ducatur
1203 631 1260 672 ad
1304 632 1469 672 altare:
1507 638 1586 673 aut

140 707 239 748 quae
278 694 335 735 ad
353 699 385 717 ¹2
415 695 559 737 hostis
580 696 724 737 victos
741 693 755 717 f
781 696 1041 738 immoletur.
1101 697 1321 751 Vectigal,
1344 713 1407 741 aes
1437 702 1588 754 appel·

140 762 270 811 latur,
290 762 409 816 quod
430 764 488 804 ob
509 764 730 814 tributum,
749 767 792 805 et
810 765 1091 819 stipendium,
1111 772 1155 807 et
1174 771 1390 820 equestre,
1413 773 1457 808 et
1472 769 1587 809 ordi-

139 830 308 870 narium
340 831 508 884 populo
531 831 730 873 debetur.
791 832 892 873 Viae
910 838 926 861 g
954 839 1058 874 sunt
1092 838 1137 874 et
1172 835 1380 887 publicae,
1401 849 1479 889 per
1502 850 1529 877 Λ
1556 842 1586 865 ¹³

220 927 230 937 .
293 925 302 934 .
333 910 357 937 e
381 898 583 939 omnibus
603 899 707 940 licet
729 913 740 939 ε
762 899 966 953 privatae,
989 901 1110 955 quib.
1132 902 1315 943 vetitum
1337 904 1402 944 uti
1434 934 1443 943 .
1505 934 1514 943 .

143 968 302 1018 praeter
322 977 490 1014 eorum,
513 979 700 1019 quorum
717 971 814 1008 sunt
845 968 1029 1021 privatae
1090 997 1100 1007 .
1163 1000 1171 1009 .
1234 999 1243 1008 .
1307 999 1317 1009 .
1376 970 1473 1010 vias
1494 984 1589 1011 mu-

142 1033 325 1073 niunto:
358 1031 578 1074 dionisam
606 1034 779 1087 lapides
814 1040 929 1084 sunt,
958 1048 1045 1088 qua
1077 1035 1206 1084 volet,
1233 1035 1434 1089 jumenta
1456 1038 1588 1089 agito.

143 1097 350 1140 Viatores
384 1100 674 1153 appellantur,
711 1101 785 1155 qui
810 1101 1096 1153 magistratib.
1132 1107 1373 1155 apparent:
1406 1116 1457 1143 eo
1488 1104 1591 1157 quia

143 1166 266 1207 initio
288 1167 482 1208 omnium
503 1169 710 1219 tribuum,
730 1182 829 1211 cum
853 1171 946 1222 agri
978 1169 1021 1210 in
1043 1170 1292 1224 propinquo
1312 1175 1435 1212 erant
1455 1171 1590 1220 urbis,

143 1236 276 1287 atque
295 1235 475 1276 assidue
497 1235 696 1278 homines
712 1237 1055 1287 rusticabantur,
1076 1238 1268 1279 crebrior
1289 1251 1422 1292 opera
1444 1251 1592 1279 eorum

145 1306 237 1342 erat
268 1302 315 1342 in
336 1303 424 1351 via,
446 1316 579 1356 quam
598 1305 718 1355 urbe,
752 1305 871 1359 quod
911 1318 970 1346 ex
998 1306 1115 1357 agris
1151 1305 1363 1359 plerumq.
1395 1305 1595 1345 homines

144 1369 411 1410 vocabantur
445 1384 472 1410 a
505 1372 793 1423 magistratib.
852 1371 1124 1422 Verficulas,
1154 1385 1252 1413 cum
1287 1373 1349 1413 ait
1382 1371 1595 1421 Lucilius,

147 1435 213 1475 ita
245 1437 489 1490 appellavit
528 1440 762 1480 vertebras.
821 1438 1001 1488 Vernae,
1030 1441 1106 1493 qui
1136 1440 1179 1480 in
1204 1440 1322 1480 villis
1352 1453 1452 1482 vere
1487 1440 1594 1487 nati,

147 1503 265 1555 quod
285 1507 455 1557 tempus
478 1504 590 1546 duce
609 1509 759 1546 natura
778 1506 934 1547 feturae
954 1510 1018 1547 est
1037 1520 1046 1547 :
1078 1511 1119 1548 et
1149 1513 1252 1548 tunc
1282 1520 1370 1547 rem
1403 1507 1595 1547 divinam

148 1569 387 1611 instituerit
408 1570 543 1611 Marti
563 1571 711 1613 Numa
733 1572 980 1626 Pompilius
1009 1574 1152 1626 paciS,
1175 1575 1483 1616 concordiaeve
1517 1575 1593 1614 ob—

148 1636 337 1678 tinendae
368 1638 521 1690 gratia,
554 1638 666 1679 inter
699 1638 905 1689 Sabinos,
943 1638 1219 1694 Romanosq.
1252 1646 1299 1682 ut
1317 1653 1457 1682 vernae
1482 1640 1599 1681 vive-

754 1759 972 1772 eeeeeeeeeee

194 1835 234 1862 10
257 1830 279 1863 f.
296 1833 521 1864 tendunt.-ll
549 1834 591 1866 al.
605 1834 879 1872 scenarum—12
901 1835 925 1867 f.
949 1837 1082 1868 ob.—13
1107 1837 1129 1869 f.
1145 1847 1164 1868 Δ
1181 1848 1253 1879 quas
1269 1838 1330 1870 ire.

805 1969 946 2001 NOTAE

194 2044 206 2058 Ε
234 2038 509 2080 Vigintiquz‘nque]
534 2040 686 2080 Agellius
704 2043 764 2074 lib.
785 2052 850 2076 xx.

154 2097 229 2128 cap.
257 2092 286 2119 l.
316 2088 324 2104 ‘
343 2089 379 2119 Si
406 2089 530 2129 injuria
557 2091 654 2122 alteri
680 2091 780 2132 faxit,
805 2094 853 2124 vi-

154 2137 387 2179 gintiquinque
404 2139 478 2169 aeris
496 2149 604 2179 poenae
621 2142 746 2173 sunto!
785 2143 851 2175 Sed

153 2188 226 2218 ceris
253 2192 336 2228 puto
359 2187 543 2228 adjectum.
590 2190 677 2222 Vide
703 2191 852 2225 Plinium

906 2046 957 2076 cio
974 2046 1098 2087 aliquid
1117 2056 1190 2078 esse
1207 2046 1397 2087 religatum,
1414 2049 1492 2077 ante
1510 2046 1598 2077 enim

907 2096 1122 2135 ligabantur.’
1182 2096 1250 2128 Sed
1288 2097 1368 2127 nihil
1405 2097 1600 2127 mutandum

907 2154 1039 2176 censeo.

950 2200 965 2221 8
994 2195 1079 2237 Viae]
1113 2195 1341 2227 Desideratur
1371 2196 1443 2227 haec
1473 2205 1536 2226 vox
1569 2195 1601 2225 iu

155 2237 214 2266 lib.
231 2245 308 2267 xvl.
323 2247 400 2277 cap.
417 2241 444 2268 l.

198 2285 211 2304 f
229 2286 270 2317 In
300 2287 431 2317 schedis
462 2293 525 2324 est,
555 2289 591 2319 ob
617 2290 719 2322 hostes
744 2292 852 2332 victos,

157 2345 218 2375 pro
233 2337 274 2366 acl
289 2336 390 2367 hostes
403 2337 510 2373 victos,
525 2347 630 2378 parva
646 2341 851 2372 mutatione:

156 2395 233 2416 nam
264 2386 509 2425 Angustiniana
539 2389 730 2421 emendatio
756 2391 853 2422 nimis

157 2435 254 2466 abest
271 2436 408 2476 antiqua
431 2437 611 2477 scriptura.
659 2440 728 2471 Pro
749 2441 855 2472 vincta

158 2487 191 2517 in
214 2487 346 2517 schedis
370 2492 420 2518 est
443 2488 543 2519 victa:
561 2494 597 2519 ut
618 2488 760 2521 fortasse
774 2492 855 2523 vitta

157 2537 368 2568 scribendum
397 2538 462 2570 sit:
494 2548 570 2569 nam
597 2539 699 2572 boves
729 2543 854 2574 auratis

157 2587 314 2617 cornibus
347 2588 441 2619 vittis
471 2590 581 2620 ornati
610 2595 645 2621 et
683 2593 784 2623 sertis
813 2593 855 2623 ad

160 2645 249 2667 aram
278 2637 501 2677 ducebantur,
528 2644 696 2679 praeterea
718 2641 855 2674 Servius

160 2687 193 2716 in
211 2695 251 2717 ιι.
269 2686 343 2718 AEn.
368 2689 416 2719 ita
438 2689 580 2721 scribit:
604 2692 613 2708 ‘
630 2691 758 2724 Solutae
780 2700 855 2726 sunt

160 2736 381 2776 hosti-aemam
408 2739 575 2779 piaculum
600 2746 653 2773 est
677 2743 709 2774 in
728 2744 854 2776 sacrifi-

908 2245 982 2276 aliis
1002 2245 1227 2277 editionibus:
1251 2246 1283 2276 in
1312 2255 1353 2277 ea
1377 2255 1454 2276 vero
1481 2246 1603 2276 Festus

908 2295 1042 2335 agebat,
1065 2301 1104 2327 ut
1127 2305 1169 2326 ex
1195 2296 1345 2337 reliquiis
1366 2297 1436 2336 ejus
1450 2299 1604 2335 apparet,

909 2344 949 2375 de
967 2345 1030 2375 viis
1049 2345 1207 2385 publicis,
1224 2351 1257 2376 et
1275 2345 1435 2385 privatis:
1460 2350 1496 2376 et
1518 2346 1603 2375 anti-

908 2403 1006 2434 quam
1037 2395 1148 2433 legem
1178 2394 1350 2425 referebat
1377 2394 1418 2425 de
1446 2394 1506 2424 viis
1534 2403 1605 2424 mu-

908 2443 1050 2484 niendis,
1066 2444 1251 2484 iisdemque
1271 2444 1383 2485 lapide
1400 2445 1605 2483 sternendis,

908 2499 945 2525 ut
966 2505 1038 2536 quae
1061 2499 1178 2525 stratae
1202 2494 1368 2535 lapidibus
1392 2499 1516 2533 essent,
1544 2505 1605 2535 per

909 2554 965 2576 eas
996 2545 1151 2585 jumenta
1181 2555 1282 2585 agere
1311 2546 1442 2577 liceret.
1502 2547 1606 2577 Extat

910 2596 1085 2637 inscriptio
1115 2597 1148 2627 in
1184 2596 1325 2638 quodam
1364 2597 1502 2627 denario
1535 2597 1604 2628 Au-

910 2647 1013 2687 gusti,
1041 2647 1185 2683 QVOD.
1219 2646 1339 2678 VIAE.
1371 2647 1603 2678 MVNJTAE.

908 2697 1042 2729 SVNT.
