1876 3025
282 175 395 217 1058
723 184 871 216 SEXTl
907 183 1109 214 POMPEH
1146 183 1287 214 Fsssrr
1328 223 1335 229 ,

282 281 323 322 is
344 281 416 322 vio
1016 279 1134 320 illius
1157 285 1224 319 tra

284 347 463 404 Pugnus
492 363 517 388 α
546 348 791 402 punctione,
823 346 868 387 id
905 354 978 398 est,
1004 347 1261 402 percussione
1297 347 1439 388 dictus.

281 431 427 471 equum
465 416 633 456 alatum
649 413 786 470 fuisse
817 414 986 455 tradunt
1012 415 1170 469 po'e'tae:
1201 415 1315 470 cuy'us
1341 414 1502 470 quidem
1532 416 1733 470 ungulam

282 484 491 526 suscitasse
499 482 680 538 fontem,
693 482 765 537 qui
784 481 1043 536 Hippocrene
1059 482 1188 523 dictus
1202 489 1275 533 est,
1292 483 1476 524 traditur
1493 497 1503 525 ε
1527 483 1604 524 sed

796 563 918 591 ersus
939 551 1028 591 alia
1560 551 1734 592 Lucina

279 620 310 663 J
314 634 401 661 uno
420 634 465 659 sa
1043 618 1215 658 sormon

280 685 694 741 Prosperaqucedam
724 685 887 725 nomina
907 684 1165 739 usurpabant
1187 684 1346 740 antiqui
1380 685 1421 724 in
1453 698 1476 726 e
1498 686 1731 735 declinata,

278 763 325 795 ut
354 753 595 809 pmfiscine,
627 760 804 794 eoetrema
832 752 1046 807 producta
1078 754 1263 807 syllaba,
1285 753 1467 793 videlicet
1488 760 1535 793 ut
1552 768 1734 794 occurre-

278 830 367 863 rent
385 821 570 878 fascino,
592 825 641 862 ut
662 821 724 862 ait
751 821 803 862 L.
827 821 1018 862 Cincius:
1054 821 1162 876 quod
1194 820 1435 874 etiamfieri
1468 820 1670 861 consuevit
1690 821 1733 860 in

263 889 460 945 fumiliae
496 888 724 944 purgandce
757 904 883 929 sacro.
946 889 1083 930 Porca
1106 891 1426 944 prcccidaneam
1449 891 1624 939 dicitur,
1645 904 1733 943 quce

276 964 369 997 ante
400 957 604 998 immolari
632 957 755 997 solet.-
798 958 915 1011 quod
949 972 1086 1011 genus
1117 959 1287 1007 hostiae,
1319 958 1439 1011 quod
1461 964 1556 998 ante
1586 970 1732 997 novam

262 1024 435 1079 frugem
462 1025 766 1080 praecideretur,
793 1027 1094 1079 praecidarium
1127 1026 1428 1080 appellabant.
1490 1023 1694 1064 Placenta
1716 1030 1730 1046 ¹¹

276 1092 349 1132 libi
369 1093 571 1148 quoddam
589 1108 715 1149 genus
736 1098 911 1135 vocatur
933 1107 992 1134 ex
1024 1094 1123 1134 trib.
1144 1091 1541 1148 pultibusfactum:
1573 1091 1649 1132 alii
1670 1091 1732 1131 di-

275 1168 368 1200 cunt
386 1176 512 1215 genus
529 1161 677 1214 pultis,
700 1175 798 1202 cum
823 1162 920 1202 trib.
938 1161 1188 1202 libamentis.
1244 1158 1495 1208 Por-rictam,
1512 1173 1590 1213 pro
1607 1172 1732 1211 porro

260 1227 448 1282 jaciam,
469 1229 661 1269 maxime
697 1228 745 1268 de
777 1228 876 1268 extis
904 1227 1089 1268 dicebant
1112 1228 1286 1283 antiqui.
1351 1226 1498 1268 Plane.
1521 1227 1564 1266 in
1590 1225 1732 1267 Pseu·-

275 1296 404 1336 dolo:
426 1301 519 1349 atq.
542 1297 585 1336 in
604 1295 755 1335 manib.
776 1302 867 1335 exta
891 1302 1061 1345 teneam,
1081 1296 1361 1349 utporriciam
1378 1297 1596 1337 intebea¹³
1612 1295 1727 1336 loci:

266 1362 493 1416 porricitur
513 1370 646 1403 autem
667 1362 830 1419 ιβοειιίο,
862 1364 996 1417 arisq.
1029 1364 1148 1418 quod
1177 1363 1516 1404 consecrandum
1536 1369 1593 1403 est
1618 1361 1727 1412 Deo,

272 1429 566 1485 dicandumque
589 1437 737 1472 contra
758 1432 793 1472 it
808 1436 840 1461 ¹4
870 1433 1143 1473 consumitur
1165 1431 1207 1471 in
1229 1446 1357 1482 sacro,
1380 1430 1490 1486 quod
1508 1437 1565 1471 est
1582 1429 1730 1485 profa-

273 1503 450 1546 uatum,⁰
465 1502 511 1538 ut
530 1498 716 1540 Verrius
730 1498 871 1540 eodem
888 1499 992 1539 libro
1006 1499 1053 1539 de
1068 1497 1363 1554 signficatione
1380 1499 1595 1539 verborum
1614 1512 1622 1539 :
1643 1499 1730 1539 sint

273 1565 395 1606 dicta
416 1566 565 1615 libere,
583 1566 713 1620 siqua
732 1573 871 1606 contra
886 1567 1050 1607 dixero:
1072 1581 1165 1607 uam
1183 1568 1416 1608 arbitratur
1433 1568 1491 1607 ob
1509 1580 1607 1607 earn
1625 1580 1730 1607 cau-

273 1647 357 1673 sam
372 1634 529 1688 porrici
552 1641 643 1674 exta
668 1634 752 1674 aris
774 1633 995 1690 etsoculo,
1018 1636 1121 1688 quia
1141 1634 1330 1688 profana
1345 1640 1375 1664 ¹⁵
1402 1648 1455 1675 ea
1476 1634 1567 1689 [36]
1589 1647 1728 1688 quoq.

1503 345 1711 402 Pegasum
1725 347 1734 370 ¹

881 1765 1117 1776 eeeeeeeeeeee

317 1834 354 1862 13
377 1831 401 1863 f.
419 1833 635 1864 interam—14
660 1832 684 1864 f.
703 1833 830 1866 id.—l5
855 1831 880 1864 f.
897 1833 1075 1872 profanata.

923 1949 1069 1982 NOTA-2

1026 2035 1068 2055 ex
1084 2024 1187 2054 farre.
1206 2025 1279 2054 oleo
1308 2029 1342 2054 et
1368 2024 1469 2054 melle
1491 2022 1606 2053 fiebat.
1651 2022 1727 2052 Ser-

1025 2075 1097 2104 vius
1117 2075 1148 2104 in
1168 2083 1230 2104 vn.
1256 2074 1329 2104 AEn.
1356 2076 1364 2090 ‘
1382 2073 1463 2103 Liba
1486 2077 1564 2103 sunt
1593 2073 1726 2112 placen-

1023 2130 1067 2155 tae
1085 2125 1126 2155 de
1145 2125 1246 2159 farre,
1271 2130 1307 2155 et
1331 2126 1443 2163 melle,
1466 2128 1500 2155 et
1521 2124 1595 2154 oleo
1621 2124 1726 2154 sacris

314 2023 320 2043 ¹
345 2024 516 2066 Pegasum]
544 2025 630 2056 vide
659 2025 746 2056 infra
772 2026 805 2056 in
834 2025 843 2042 ‘
860 2027 969 2066 Pega-

269 2074 359 2105 sides
375 2075 394 2104 :’
423 2076 468 2105 ibi
500 2076 589 2105 enim
620 2076 734 2115 habes,
764 2081 772 2093 ‘
798 2077 968 2115 Pegasum

270 2125 405 2164 ungulae
446 2125 514 2155 ictu
551 2126 806 2165 Hippocreuem
839 2124 966 2156 fontem

270 2175 477 2214 aperuisse:²
507 2176 598 2216 quod
636 2185 655 2205 a
693 2175 823 2206 Graecis
856 2175 966 2215 poetis

269 2230 414 2256 tractum
435 2231 498 2257 est.

312 2280 334 2295 ω
358 2276 460 2306 Porca
493 2275 701 2316 proecidanea]
742 2275 870 2306 Verum
903 2281 966 2309 est,

270 2320 365 2365 quod*
388 2326 509 2356 Festus
535 2327 593 2364 ait,
621 2326 683 2356 hoc
712 2336 818 2365 genus
846 2327 965 2357 hostiae

265 2376 487 2414 prrccz'durium
503 2377 711 2416 appellatum
726 2386 800 2407 esse
815 2389 820 2406 :
839 2387 914 2407 nani
932 2382 966 2408 et

269 2425 398 2456 Marius
416 2426 611 2457 Victorinus
631 2427 847 2467 praecidariam
870 2429 966 2469 legit,

268 2481 303 2506 et
329 2486 347 2506 a
379 2482 614 2516 praesentanea
643 2476 780 2508 differre
806 2478 901 2512 dicit,
924 2478 965 2509 de

269 2537 335 2567 qua
351 2526 440 2558 forte
456 2529 567 2567 agitur
585 2529 616 2559 iu
635 2527 822 2568 fragmento
844 2539 965 2570 proesen

268 2599 276 2607 .
296 2600 304 2608 .
324 2600 331 2607 .
350 2597 358 2607 .
375 2587 463 2616 nam,
490 2579 611 2619 inquit,
637 2585 870 2619 pi·aesentan‹·a
886 2591 963 2621 por-

267 2635 317 2662 ca,
334 2637 407 2667 quae
426 2633 594 2667 praesente
611 2634 754 2666 mortuo,
771 2641 870 2671 quem
887 2641 964 2662 con·

269 2676 371 2707 dituri
390 2683 499 2716 erant,
515 2679 762 2710 immolabatur.

312 2731 326 2746 ¹·
350 2726 517 2767 placenta]
544 2728 720 2768 placenta,
748 2730 817 2761 sive
848 2731 966 2771 libum,

1021 2175 1137 2214 aptae.’

1062 2229 1077 2244 ⁰
1103 2224 1326 2264 Prosanatum]
1347 2225 1456 2255 Varro
1476 2225 1495 2254 1.
1510 2234 1543 2255 v.
1568 2224 1610 2254 de
1630 2224 1724 2263 Liug.

1020 2275 1095 2305 Lat.
1119 2277 1128 2291 ‘
1147 2274 1393 2310 1’rofanatnm‚'
1412 2274 1536 2314 iuquit,
1559 2274 1567 2290 ‘
1583 2273 1672 2314 quod
1692 2274 1724 2303 in

1021 2326 1168 2356 sacrario
1200 2326 1407 2366 polluctum:
1443 2327 1556 2365 itaque
1584 2325 1661 2355 olim
1690 2325 1722 2355 in

1021 2375 1099 2407 fano
1117 2376 1381 2408 consumebatur
1398 2385 1508 2415 omne,
1536 2375 1623 2416 quod
1649 2384 1723 2414 pro-

1020 2427 1170 2459 sanatum
1189 2427 1286 2458 erat!
1329 2427 1414 2457 Haec
1432 2427 1472 2457 ad
1492 2426 1630 2456 verbum
1651 2435 1723 2465 pro-

1012 2478 1140 2516 fanata,
1158 2477 1245 2518 quod
1265 2477 1406 2508 fecimus
1430 2486 1472 2507 ex
1497 2476 1627 2506 dnobus
1649 2485 1722 2515 pro-

1009 2529 1092 2566 fana
1114 2539 1160 2563 ea,
1187 2529 1315 2569 reliqua
1337 2528 1368 2558 in
1393 2527 1543 2558 editione
1559 2525 1721 2566 Augusti-

1018 2580 1117 2610 niana
1133 2589 1205 2610 cuni
1225 2579 1293 2610 sint
1309 2588 1369 2609 suo
1386 2579 1458 2609 loco
1481 2582 1587 2615 mota,
1604 2586 1661 2607 nos
1678 2577 1720 2607 ad

1018 2630 1119 2661 fidem
1140 2630 1341 2670 exemplaris
1360 2629 1580 2669 reposuimus,
1597 2633 1631 2658 et
1649 2636 1720 2658 niu·

1021 2681 1081 2712 tila
1097 2682 1201 2712 multa
1219 2680 1439 2713 restituimus.
