1876 3025
282 195 343 225 DE
376 194 644 225 VERBORUM

679 192 1086 223 sIGNlFchTIONE
1122 191 1212 221 [ΑΒ.
1249 192 1397 221 xvlli.

1484 182 1569 222 965

175 293 348 332 exuviae
371 292 568 332 Deorum
588 288 769 330 ludicris
792 287 1076 329 Circensibus
1094 288 1137 328 in
1160 287 1323 328 circum
1346 286 1400 327 ad
1423 287 1566 341 pulvi-

175 373 256 400 nar
276 359 512 401 vehuntur:
533 358 615 398 fuit
631 362 672 398 et
690 370 745 398 ex
768 357 898 397 ebore
916 370 926 408 ;
949 362 999 397 ut
1021 356 1138 410 apud
1159 356 1374 397 Titinium
1393 356 1437 396 in
1458 356 1567 396 Bar—

176 429 304 477 bat03
334 432 378 468 et
396 441 453 468 ex
474 431 663 480 argento.

117 496 444 549 Tentipellium,
484 508 624 547 genus
665 494 941 535 calciamenti
988 495 1203 543 ferratum,
1246 506 1333 546 quo
1386 491 1567 545 [PAUL.

175 564 313 618 pelles
334 564 641 604 extenduntur.

116 632 453 685 Tentipelliumu
487 630 713 673 Artorius⁶
744 635 870 685 putat
901 644 999 671 esse
1031 631 1367 671 calciamentum
1399 628 1567 681 [Fsss'r.

174 700 392 750 ferratum,
412 713 498 753 quo
516 699 657 752 pelles
679 698 992 739 extenduntur:
1017 698 1129 739 idem
1152 697 1380 739 Afranium
1399 697 1566 736 dixisse

173 768 217 807 in
239 767 458 809 Promoz⁷
493 768 579 808 Pro
607 767 814 807 manibus
847 767 976 807 credo
1006 767 1164 807 habere
1195 779 1275 818 ego
1307 765 1407 806 illos
1440 765 1566 804 tenti-

173 835 374 889 pellium.

448 836 658 876 Titinium
693 836 754 876 ait
783 834 969 876 Verrius
1000 835 1269 883 existimare,
1301 833 1344 874 id
1377 833 1567 874 medica-

172 909 366 944 mentum
386 916 501 952 esse,
524 916 612 956 quo
641 916 760 955 rugae
782 902 1092 952 extenduntur,
1116 916 1215 943 cum
1239 902 1384 943 dicat:
1415 901 1567 943 Tenti-

173 973 353 1026 pellium
396 971 611 1022 Indueis‚8
648 985 764 1025 rugae
805 972 848 1011 in
890 984 964 1012 ore
997 971 1320 1012 extenduntur:
1361 983 1458 1011 cum
1489 971 1565 1012 ille

172 1044 352 1095 τροπικῶς
374 1040 551 1081 dixerit.

116 1108 294 1150 TenusX
318 1108 534 1162 significat
552 1107 704 1149 finem:
727 1112 777 1148 ut
800 1120 898 1148 cum
918 1107 1120 1157 dicimus,
1136 1107 1363 1148 hactenus.
1387 1106 1565 1160 [PAUL.

720 1218 735 1228 c
741 1218 777 1228 Ν
782 1217 956 1229 ιοοφοΝθο

158 1308 178 1337 6
202 1305 415 1344 Tentipellium
442 1304 589 1335 Artorius
610 1308 712 1343 putat,
727 1307 780 1343 &⁶-
828 1304 925 1336 Idem
944 1310 980 1335 et
1005 1304 1048 1335 de
1074 1305 1122 1336 iiis
1143 1315 1277 1346 quoque
1295 1308 1391 1336 notat
1412 1304 1565 1336 Scal=-7

117 1348 196 1379 Yet.
214 1349 272 1380 lib.
292 1348 472 1379 Prima—8
498 1348 548 1379 ld.
565 1348 742 1380 Irzducitur.

769 1432 915 1466 NOTAE

116 1511 135 1531 a
159 1500 338 1531 divinitate
362 1500 428 1530 dici
447 1499 623 1541 putabant,
642 1500 697 1531 alii
722 1499 811 1541 quod

116 1557 194 1581 ante
213 1551 300 1590 ipsas
318 1550 388 1580 lora
405 1549 598 1590 tendantur,
627 1560 702 1590 quae
730 1559 810 1590 gau-

116 1602 196 1632 dent
213 1611 310 1632 manu
331 1607 448 1631 tenere
464 1606 498 1631 et
516 1607 657 1640 tangere
682 1601 737 1641 qui
756 1609 812 1631 eas

114 1651 310 1684 deducunt.'
355 1651 421 1681 Sed
447 1655 540 1681 tensae
569 1650 810 1681 scribendum:

114 1704 161 1733 sic
176 1702 277 1733 dictae
293 1708 404 1731 autem
419 1701 495 1742 quia
512 1706 633 1731 statuae
650 1703 813 1740 Deorum,

114 1764 187 1796 quae
201 1753 295 1784 tensis
311 1752 520 1786 ferebantur,
539 1754 734 1782 velarentur
748 1753 812 1782 cir—

115 1813 325 1844 cumquaque
356 1803 468 1833 linteis
498 1803 539 1833 ad
572 1803 717 1834 cubiculi
753 1813 812 1833 seu

116 1855 248 1886 delubri
276 1855 423 1894 speciem
450 1855 558 1886 tensis.
601 1854 690 1884 Vide
717 1854 812 1885 Onu-

116 1906 250 1946 plirium
279 1906 470 1936 Panvinum
498 1905 612 1936 lib.1i.
638 1904 680 1935 de
710 1905 812 1935 Ludis

117 1955 330 1987 Circensibus
365 1964 440 1994 cap.
476 1958 525 1986 ll.
579 1955 811 1996 Bullingerum

114 2007 172 2037 lib.
191 2006 232 2037 de
251 2006 367 2041 ein-co,
385 2016 460 2045 cap.
478 2008 531 2036 38.
558 2006 654 2036 Idem.

157 2061 170 2076 ¹¹
196 2055 426 2096 Tentipellium]
462 2056 605 2086 Fallitur
634 2055 753 2086 Festus
778 2055 812 2086 in

115 2117 180 2149 quo
197 2108 354 2138 Verrium
380 2107 597 2147 reprehendit
627 2107 715 2147 quod
739 2112 812 2138 ten-

114 2159 280 2199 tipellium
311 2159 342 2189 in
378 2157 523 2189 Afranio
562 2158 812 2198 interpretetur

113 2209 160 2247 id,
184 2209 273 2250 quod
305 2209 419 2240 Graeci
445 2207 639 2249 τετάνωτρον
667 2208 810 2240 dicunt:

114 2269 189 2291 cum
207 2270 260 2290 res
284 2260 383 2290 aliter
409 2269 484 2290 esse
510 2269 574 2289 non
603 2259 720 2299 possit.
767 2260 812 2291 Et

116 2310 346 2342 Glossarium:
384 2312 392 2326 ‘
408 2309 666 2349 Tentipellium,
692 2307 810 2349 φάρμα-

114 2373 168 2392 κον
183 2360 256 2400 πρὸς
271 2359 412 2400 ῥυτίδαςὲ
437 2360 507 2390 Jos.
519 2359 605 2390 Scal-

159 2409 389 2450 Tentipellium]
405 2409 432 2440 Α
451 2410 603 2440 tendenda
614 2410 703 2449 pelle.
742 2409 808 2440 Sed

114 2463 238 2504 pellem
270 2461 440 2501 bubulam,
464 2460 525 2491 hoc
547 2465 613 2498 est,
646 2461 810 2501 calceum,

114 2521 190 2543 cnm
212 2510 350 2541 Artorio
374 2510 494 2540 Festus
510 2510 682 2550 intelligit,
707 2520 810 2551 quare

114 2563 392 2594 Calceamentum
424 2561 602 2592 Ferratum
641 2561 809 2602 interpre-

114 2620 253 2646 tantur:
280 2611 338 2642 sed
352 2612 421 2642 sine
434 2612 612 2652 exemplo:
630 2622 704 2643 nam
718 2613 808 2653 apud

114 2664 294 2697 Afranium
328 2661 545 2702 Tenlipellium
581 2663 681 2702 longe
718 2663 808 2694 aliud

113 2720 179 2753 est,
195 2720 232 2745 ut
249 2723 326 2744 mox
343 2712 488 2743 dicetur.
534 2712 675 2753 Optime
706 2713 810 2752 igitur

114 2765 253 2798 Verrius
270 2769 305 2796 et
319 2763 497 2804 Titinnius,
511 2764 566 2804 qui
587 2773 647 2804 pro
665 2764 811 2795 medica-

863 1504 976 1531 mento
1004 1511 1070 1541 quo
1098 1510 1188 1540 rugae
1216 1499 1448 1531 extenduntur
1477 1499 1567 1530 acci-

864 1551 972 1590 piunt.
1017 1552 1149 1581 Favent
1177 1550 1332 1582 Glossae:
1367 1550 1567 1588 ‘Tentipel-

864 1600 956 1636 lium,
973 1601 1139 1640 φάρμακον
1160 1600 1233 1640 πρὸς
1248 1599 1391 1640 ῥυτίδας.’
1434 1600 1443 1616 ⁴
1459 1600 1565 1630 Phar-

864 1660 997 1681 macum
1028 1651 1190 1681 adversus
1220 1649 1347 1690 rugas.'
1396 1650 1439 1680 Et
1471 1650 1565 1680 locus

862 1701 996 1731 Titinii:
1025 1701 1242 1740 Tentipellium
1259 1700 1397 1740 Indaeis,
1425 1709 1513 1738 rugoe
1532 1699 1566 1730 in

863 1761 914 1781 ore
941 1752 1152 1782 extenduntur
1178 1753 1252 1781 tuoe.
1300 1750 1344 1780 Et
1376 1750 1423 1781 ita
1454 1749 1565 1789 accipi

864 1801 965 1832 debet
982 1811 1084 1841 supra
1100 1801 1189 1841 apud
1208 1799 1398 1837 Afranium,
1426 1800 1482 1841 qui
1511 1809 1565 1830 ur-

865 1852 952 1883 bane
969 1853 1051 1882 dicit
1068 1851 1230 1892 quosdam
1254 1861 1315 1892 pro
1334 1851 1486 1881 manibus
1506 1851 1567 1881 ha-

864 1902 944 1933 bere
963 1902 1205 1942 tentipellium,
1228 1901 1396 1942 quomodo
1421 1911 1481 1932 nos
1507 1901 1566 1932 ho-

865 1953 990 1993 dieque
1018 1953 1161 1983 dicimus
1187 1953 1344 1984 mulieres
1368 1963 1441 1993 quae
1460 1962 1564 1983 succo

864 2004 1068 2044 splendente
1097 2009 1219 2034 ornant
1239 2014 1355 2044 genaS,
1385 2013 1445 2044 pro
1469 2004 1564 2035 vultu

862 2054 986 2084 habere
1005 2055 1200 2093 tectorium,
1213 2064 1268 2094 que
1283 2055 1350 2084 leur
1365 2054 1472 2093 visage
1487 2053 1565 2084 n'est

862 2115 918 2146 que
934 2105 1025 2142 sard.
1070 2105 1168 2136 Subit
1194 2106 1296 2135 etiam
1314 2104 1492 2136 Afranium
1509 2115 1566 2136 co-

863 2157 949 2186 mice
968 2161 1001 2186 et
1027 2165 1114 2186 novo
1141 2155 1331 2195 significatu
1362 2156 1564 2195 tentipellium

864 2206 991 2237 dixisse
1020 2216 1080 2247 pro
1105 2206 1193 2247 pelle
1219 2211 1374 2245 extensa,
1394 2212 1428 2236 ut
1445 2206 1562 2237 iunue-

863 2262 917 2288 ret
932 2267 989 2288 eos
1015 2267 1079 2287 non
1108 2266 1224 2286 manus
1247 2256 1386 2291 habere,
1415 2256 1472 2286 sed
1489 2266 1563 2287 ossa

863 2312 995 2338 tantum
1027 2308 1114 2347 pelle
1140 2307 1275 2337 amicta.
1322 2306 1431 2337 Porro
1457 2306 1563 2337 medi-

864 2359 996 2389 camina
1014 2357 1212 2397 illa,quibus
1228 2356 1333 2388 facies
1351 2357 1562 2388 extendeba-

863 2412 930 2447 tur,
948 2407 1062 2438 Gra·ci
1090 2405 1268 2446 τετάνωτρα
1296 2412 1331 2437 et
1360 2406 1561 2445 τετανώματα

863 2458 1037 2489 dixerunt.
1084 2457 1180 2488 Inter
1196 2467 1236 2488 ea
1252 2456 1317 2487 fuit
1335 2459 1428 2498 panis
1445 2458 1561 2489 caldus

861 2515 896 2540 et
911 2508 1076 2540 madidus.
1099 2507 1298 2540 Juvenalis:
1323 2511 1331 2524 ‘
1349 2508 1485 2538 Interea
1499 2507 1561 2538 foe-

861 2559 904 2590 da
927 2564 1081 2600 aspectu,
1108 2558 1315 2598 ridendaque
1341 2559 1447 2588 multo
1466 2559 1559 2589 Pane

863 2615 971 2642 tumet
988 2609 1117 2640 facies?
1165 2609 1230 2640 Ubi
1251 2613 1347 2639 vetus
1366 2610 1556 2648 interpres:

861 2660 1098 2691 ‘Medicamen
1128 2659 1169 2690 ad
1198 2658 1404 2690 tendendam
1423 2657 1557 2698 faciem,

862 2711 913 2743 vel
930 2715 1042 2742 cutem
1060 2709 1188 2750 magis!
1205 2710 1287 2740 Dae.

903 2766 918 2782 Χ
945 2760 1060 2801 Tenus]
1086 2762 1198 2793 Gloss.
1224 2761 1370 2801 ‘Tenus‚
1386 2759 1488 2801 πέρας,
1503 2760 1557 2800 μέῖ
