1876 3025
307 108 421 148 1154
753 115 901 146 SEx'ri
935 113 1138 143 PoMPEu
1174 112 1311 143 FESTl

312 212 537 253 schedium
559 210 660 252 facit
682 207 944 257 inconditum,
969 215 1006 248 et
1036 207 1346 247 inelaboratum.
1406 205 1755 258 Sexagenarios⁰

310 277 358 319 de
372 286 498 332 ponte
518 277 612 318 olim
632 274 887 330 dejiciebant,
906 276 1035 328 cujus
1059 288 1238 315 causam
1262 273 1466 314 Manilius
1490 272 1593 312 hanc
1609 271 1756 326 refert:

309 345 418 400 quod
456 343 631 384 Romam
670 344 745 397 qui
780 342 1038 383 incoluerint
1066 341 1195 395 primi
1236 339 1494 395 Aborigines,
1537 339 1757 380 hominem

309 413 536 465 sexaginta
567 424 766 451 annorum
793 409 863 464 qai
888 416 983 449 esset
1015 408 1223 448 immolare
1255 409 1352 449 Diti
1384 408 1507 449 Patri
1535 405 1756 461 quotannis

308 479 418 520 soliti
441 478 636 535 fuerint:
667 477 789 532 quod
817 477 961 518 facere
992 489 1068 516 eos
1101 475 1303 516 destitisse
1324 475 1497 515 adventu
1523 473 1756 514 Herculis:

309 549 390 588 sed
422 547 628 599 religione
658 552 798 599 postea
830 544 975 585 veteris
1005 543 1126 583 moris
1153 542 1340 596 scirpeas
1359 543 1582 582 hominum
1603 539 1758 594 effigies

310 614 358 655 de
383 621 507 668 ponte
531 613 572 653 in
598 611 775 653 Tiberim
795 619 926 653 vetere
947 611 1078 651 modo
1099 611 1272 650 mittere
1296 608 1527 649 instituisse.
1588 606 1678 647 Alii
1698 606 1758 646 di-

309 687 418 731 cunt,
441 685 636 722 morante
658 681 704 721 in
726 680 858 721 Italia
882 677 1078 728 Hercule,
1108 676 1214 732 qaod
1240 676 1406 732 quidam
1434 676 1524 730 ejus
1546 675 1758 716 comitum

309 748 600 789 habitaverint
628 746 843 787 secandam
872 745 1010 799 ripam
1041 743 1247 793 haberi,¹8
1282 748 1370 797 atq.
1431 743 1613 794 Argaeos
1642 755 1681 780 se
1708 739 1759 780 ab

311 815 480 870 Argivis
501 815 743 856 vocaverint
767 815 912 863 arvi,¹9
933 826 1115 866 quorum
1134 811 1345 866 proditam
1362 809 1598 850 memoriam
1618 808 1760 849 redin-

310 883 466 935 tegrari
499 896 554 923 eo
592 888 712 936 gente
743 881 904 921 missam
942 879 993 920 ab
1032 878 1180 920 Graeca
1212 880 1400 931 legatum
1436 877 1655 931 quendam
1677 875 1757 915 Ar-

310 963 472 1002 gaeum,
495 949 564 989 diu
585 963 672 989 cum
694 949 750 990 iis
767 948 928 989 Romae
949 952 1166 988 moratum
1185 959 1283 986 esse
1301 960 1309 986 :
1341 947 1380 985 is
1402 952 1451 986 ut
1469 943 1614 984 obierit
1633 944 1760 984 insti-

311 1023 454 1059 tutum
477 1031 578 1058 esse
599 1031 624 1058 a
648 1017 954 1058 sacerdotibus
976 1015 1122 1070 effigies
1143 1015 1309 1068 scirpea
1336 1027 1393 1054 ex
1423 1013 1639 1062 omnibus,
1661 1025 1760 1052 cum

310 1099 411 1138 quae
447 1086 638 1139 publicae
675 1091 790 1124 erant
825 1083 885 1123 rei
917 1083 1216 1131 nuntiavisset,
1251 1095 1328 1134 per
1358 1080 1536 1130 flumen,
1567 1093 1619 1121 ac
1640 1093 1760 1121 mare

308 1152 432 1205 [144]
459 1154 500 1192 in
521 1153 706 1206 patriam
729 1151 1047 1192 remitteretur:
1070 1153 1187 1198 sunt,
1202 1148 1278 1201 qui
1297 1148 1463 1197 dicant,
1487 1152 1587 1201 post
1608 1148 1761 1188 urbem

311 1233 337 1259 a
359 1218 504 1260 Gallis
526 1219 770 1267 liberatam,
793 1219 850 1259 ob
871 1218 1066 1271 inopiam
1090 1217 1283 1265 cibatus,
1317 1221 1498 1269 coeptos
1530 1215 1762 1267 sexaginta

312 1298 523 1326 annorum
559 1286 756 1327 homines
779 1286 873 1339 jaci
904 1286 947 1325 in
979 1284 1188 1329 Tiberim,
1221 1297 1276 1324 ex
1310 1297 1398 1336 quo
1425 1295 1603 1322 numero
1633 1294 1762 1331 unus,

312 1353 393 1394 filii
414 1355 576 1407 pietate
597 1353 859 1403 occultatus,
882 1365 1001 1405 saepe
1032 1350 1241 1405 profuerit
1273 1351 1430 1403 patriae
1453 1350 1655 1399 consilio,
1678 1350 1761 1389 sub

311 1434 501 1473 persona
520 1420 623 1461 filii:
654 1420 714 1469 id,
734 1425 782 1461 ut
802 1421 858 1461 sit
878 1420 1113 1472 cognitum,
1138 1420 1179 1459 ei
1201 1419 1354 1472 juveni
1377 1431 1472 1458 esse
1489 1417 1698 1469 ignotum,
1718 1422 1762 1457 et

313 1486 618 1539 sexagenariis
650 1487 740 1527 vita
775 1499 1013 1527 concessa:
1043 1486 1236 1526 latebras
1259 1490 1404 1525 autem
1426 1483 1573 1536 ejus20
1595 1484 1761 1536 quibus

313 1555 502 1607 arguerit
518 1559 527 1577 ¹
553 1566 714 1602 senem,
738 1554 782 1593 id
811 1557 893 1602 est,
917 1552 1180 1600 cohibuerit,
1202 1556 1244 1591 ct
1272 1551 1500 1599 celaverit,
1523 1551 1761 1591 sanctitate

313 1621 467 1673 dignas
488 1634 584 1661 esse
607 1621 749 1671 visas,
783 1621 930 1672 ideoq.
963 1632 1107 1660 arcaea
1123 1624 1137 1640 ²
1159 1618 1413 1672 appellata:
1449 1617 1526 1658 sed
1555 1617 1762 1670 explora-

313 1689 532 1728 tissimum
554 1688 660 1728 illud
682 1693 750 1728 est
771 1701 938 1737 causae,
957 1700 1043 1739 quo
1066 1691 1260 1738 tempore
1281 1686 1466 1738 primum
1488 1697 1564 1738 per
1585 1690 1762 1737 pontem

314 1759 542 1808 coeperunt
570 1755 759 1795 comitiis
796 1754 1050 1807 suffragium
1081 1754 1204 1800 serre,
1230 1753 1430 1806 juniores
1459 1752 1762 1792 conclamave-

312 1827 425 1866 runt,
456 1826 505 1860 ut
529 1821 583 1861 (le
618 1825 752 1874 ponte
784 1821 1059 1861 deicerentur
1098 1820 1389 1872 sexagenarii,
1421 1819 1496 1872 qui
1524 1818 1616 1870 jam
1638 1818 1760 1858 nullo

313 1888 491 1940 publico
515 1902 691 1928 munere
714 1888 1005 1940 fungerentur,
1027 1892 1076 1927 ut
1108 1887 1196 1939 ipsi
1229 1887 1376 1939 potius
1410 1885 1511 1934 sibi,
1533 1898 1663 1938 quam
1695 1885 1761 1925 illi

316 1954 552 2006 deligerent
574 1956 905 2008 imperatorem:
938 1954 1063 2007 cujus
1085 1954 1311 1994 sententiae
1336 1957 1407 1992 est
1433 1953 1562 1992 etiam
1585 1952 1762 1992 Sinnius

316 2021 500 2073 Capito:
533 2035 692 2062 vanam
725 2027 869 2062 autem
900 2021 1156 2073 opinionem
1179 2020 1231 2060 de
1255 2025 1391 2072 ponte
1414 2019 1624 2058 Tiberino
1657 2032 1763 2059 con-

316 2086 505 2128 firmavit
536 2087 745 2128 Afranius
781 2089 825 2127 in
857 2086 1131 2139 Repudiato.
1192 2086 1360 2125 Secus³
1398 2086 1520 2125 aliter
1546 2085 1762 2137 significat

320 2167 446 2201 sexu,
475 2160 646 2203 natura,
676 2154 872 2208 habituq.
914 2167 969 2194 ex
1003 2154 1181 2201 Graeco,
1222 2165 1356 2205 quam
1386 2152 1452 2192 illi
1485 2157 1647 2193 vocant
1678 2150 1760 2200 ἕξιν.

919 2273 1154 2286 οοοοοοοοοο

317 2405 339 2435 ὁ
360 2364 400 2392 IS
430 2360 452 2392 f.
479 2360 697 2391 Tiberis—19
720 2360 744 2390 f.
770 2360 949 2391 arvis.—20
973 2358 995 2390 f.
1024 2362 1146 2390 eas—1
1181 2357 1204 2388 f.
1232 2359 1444 2390 arcuerit.—2
1468 2356 1492 2387 f.
1520 2358 1712 2395 Argeum—3
1736 2356 1759 2388 f.

337 2407 427 2435 verus.

971 2476 1111 2508 NOTAE

360 2557 374 2570 ⁰
407 2552 649 2591 sexagenarios]
684 2552 866 2592 Dionysius
898 2550 953 2582 lib.
985 2560 1009 2581 1.
1065 2550 1125 2581 ἀπὸ
1140 2551 1197 2586 τῆς
1213 2550 1294 2589 ἱερᾶς
1307 2551 1443 2589 ’γεφύρας
1466 2546 1640 2583 βάλλουσιν
1659 2546 1702 2578 εἰς
1721 2547 1759 2578 τὸ

319 2601 436 2641 Antiq.
456 2602 550 2631 Rom.
577 2601 696 2632 Εἵδωλα
711 2600 751 2632 εἷς
766 2600 884 2641 μορφὰς
900 2600 1010 2640 ἀνθρώ·
1063 2600 1158 2639 ῥεῦμα
1183 2602 1238 2631 τοῦ
1263 2599 1412 2641 Τιβέριος,
1426 2597 1579 2638 Ἀργείους
1603 2598 1680 2629 αὐτὰ
1704 2608 1757 2628 κα·

317 2665 381 2684 πων
407 2651 598 2692 εἷκονισμένα
622 2652 785 2693 τριάκοντα
808 2652 862 2684 τὸν
887 2650 1011 2693 ἀριθμὸν
1063 2651 1203 2681 Λοῦντες.
