1876 3025
252 161 336 203 554
696 173 843 204 suxri
879 174 1079 204 POMPEI!
1117 175 1253 206 Fesrr

312 267 489 320 arisque
512 267 628 321 quod
654 267 992 309 consecrandum
1022 275 1078 308 est
1101 267 1206 319 Deo,
1226 267 1536 325 dicandumque,
1560 277 1699 312 contra

312 335 357 376 id
379 335 647 376 consumitur
669 336 709 375 in
742 349 869 385 sarm,
898 335 1006 389 quod
1039 343 1095 376 est
1121 334 1409 390 prcffanatwn,
1446 342 1495 377 ut
1518 336 1700 378 Verrius

310 401 454 444 eodem
489 402 605 454 libro,
639 402 687 443 de
716 401 1007 458 sigmficatione
1027 402 1259 453 verborum,
1292 404 1377 444 sint
1398 403 1518 444 dicta
1537 404 1701 457 libere3

309 470 449 525 siqua:
479 478 617 511 contra
649 470 800 520 diret-o,
837 484 930 511 nam
963 471 1254 512 arbitrabatur
1268 476 1303 500 ¹4
1333 471 1389 511 ob
1411 484 1509 512 eam
1529 484 1701 512 causam

287 559 292 564 -
306 538 459 590 porrici
479 545 570 578 exta
593 538 675 578 aris
695 537 914 594 etfoculo‚
932 539 1038 592 quia
1053 539 1239 592 profana
1257 552 1312 579 ea
1330 552 1526 593 quoque,
1546 539 1592 579 id
1610 545 1697 591 est,

311 605 411 646 Deo
443 605 576 654 dicta,
597 610 897 647 consumere¹⁵
929 610 993 647 est
1021 619 1217 648 necesse.
1279 607 1416 660 Cujus
1449 607 1703 661 opinionem

311 685 452 726 neque
472 674 516 714 in
538 673 639 724 hoc,
655 687 795 727 neque
818 674 861 714 in
878 674 979 714 aliis
1000 675 1298 728 compluribus
1318 675 1507 717 refutare
1525 675 1703 716 minime

309 753 485 781 necesse
505 746 599 782 est:
630 755 728 782 cum
760 742 1037 795 propositum
1062 742 1249 784 habeam
1271 756 1329 783 ex
1350 746 1474 784 tanto
1493 743 1703 784 librorum

311 807 410 860 ejus
446 822 623 850 numero
660 810 945 850 intermortua
970 810 1078 864 jam,
1111 816 1157 851 et
1188 811 1362 863 sepulta
1383 812 1534 860 verba,
1572 814 1703 865 atque

310 876 409 929 ipso
430 890 550 930 saepe
567 877 801 918 confitente
823 878 985 919 nullius
1003 891 1111 919 usus
1128 882 1204 919 aut
1223 878 1502 919 auctoritatis
1525 883 1703 931 praeter-

311 943 389 993 ire,
417 948 459 985 et
478 944 645 998 reliqua
668 958 803 999 quam
822 946 1084 986 brevissime
1105 945 1301 998 redigere
1324 946 1370 985 in
1391 945 1527 986 libros
1548 947 1703 987 admo-

311 1010 414 1052 dum
435 1025 632 1065 paucos:
665 1026 718 1053 ea
739 1017 902 1063 autem,
925 1013 977 1053 de
999 1014 1161 1066 quibus
1194 1014 1423 1065 dissentio,
1459 1017 1504 1054 et
1536 1018 1703 1067 aperte,

310 1084 355 1119 et
374 1079 572 1129 breviter,
596 1084 643 1120 ut
660 1080 819 1131 sciero,
840 1081 1004 1134 scripta
1024 1081 1069 1121 in
1090 1081 1159 1121 his
1180 1080 1304 1121 libris
1320 1082 1431 1122 meis
1445 1086 1460 1110 g
1482 1081 1704 1122 invenien-

311 1150 407 1188 tur:
447 1148 767 1189 inscribuntur:
813 1149 1113 1189 PiuscoRUM
1156 1159 1432 1190 VEussoRUM
1474 1160 1575 1190 CUM
1616 1159 1705 1189 Ex-

313 1224 509 1255 EMPLIS.
559 1254 562 1257 Α

256 1281 449 1322 Profesti
470 1281 594 1323 dies¹n
627 1283 747 1332 dicti,
780 1282 890 1337 qaod
924 1283 1001 1323 sint
1033 1283 1182 1337 procul
1213 1298 1237 1323 a
1270 1284 1462 1339 religione
1487 1281 1704 1323 naminis¹⁶

313 1348 464 1389 divini.
496 1349 723 1392 Caecilius:
745 1348 1427 1407 taoclfacimusproseslojecisti
1447 1352 1703 1392 tantundem

301 1415 455 1470 festivo
474 1416 551 1457 die.
612 1416 717 1458 Item
738 1417 955 1473 Affranias
977 1420 1021 1460 in
1044 1419 1251 1473 Privigno
1270 1434 1279 1461 :
1322 1420 1457 1474 AEqae
1473 1433 1552 1473 pro
1569 1417 1701 1473 sesto,

312 1489 451 1523 contra
474 1499 563 1525 cam
584 1485 768 1526 celebras.

856 1595 1093 1607 eeeeeeeeeee

301 1672 340 1701 14
364 1671 427 1702 Ed.
451 1672 540 1703 scal.
563 1672 707 1704 ‘liberet
729 1674 755 1703 si
780 1684 839 1715 qua
863 1677 969 1704 contra
995 1674 1115 1715 dixere,
1138 1684 1208 1705 nam
1232 1673 1525 1705 arbitramus—15
1552 1672 1634 1704 Ead.
1652 1673 1708 1705 ed.

255 1723 405 1745 consume.
451 1715 538 1746 Vide
555 1715 727 1747 Not.—-16
752 1717 839 1747 Ead.
854 1717 907 1747 ed.
924 1717 1066 1748 nominis.

908 1835 1049 1867 NOTAE

255 1907 331 1938 sita.
378 1908 422 1938 Et
440 1907 470 1939 in
488 1909 689 1940 Curculione
706 1920 713 1939 ε
739 1910 748 1926 ‘
764 1909 859 1942 Quod
879 1909 951 1950 qui-

257 1957 333 1987 dem
364 1958 444 1988 milii
476 1959 644 1998 polluctus
682 1960 782 1999 virgis
810 1959 952 1993 servus,'

257 2009 320 2038 διο.
363 2007 510 2039 ‘Servus
544 2009 715 2047 polluctus
742 2008 869 2048 virgis‚'
906 2008 953 2039 fa-

256 2062 333 2088 cete
350 2056 487 2097 dicitur,
516 2059 617 2098 virgis
642 2059 826 2099 subjectus,
851 2069 954 2099 expo-

257 2106 354 2137 situs.
401 2107 480 2137 Nou
510 2117 603 2146 vero,
641 2113 678 2139 ut
708 2109 956 2148 interpretatur

258 2156 485 2196 Camerarius,
502 2157 511 2173 ‘
533 2157 637 2197 virgis
655 2159 844 2189 cumulatus
860 2158 880 2197 ;'
899 2167 954 2189 ne·

258 2215 323 2245 que
340 2206 428 2236 enim
445 2215 502 2236 ara
519 2206 678 2237 Herculis
695 2207 783 2237 omni
800 2208 955 2239 esculen-

258 2261 369 2286 torum
390 2260 425 2286 et
452 2257 709 2296 poculentorum
727 2267 850 2297 genere
879 2263 954 2289 erat

256 2304 397 2342 referta,
420 2311 457 2337 ut
483 2307 555 2347 ipse
582 2308 729 2348 putavit,
752 2308 810 2338 sed
837 2318 952 2340 eorum

257 2360 357 2396 parte
381 2356 492 2396 aliqua
512 2367 584 2397 quae
606 2357 724 2398 porrici
748 2359 886 2399 proprie
902 2359 950 2389 di-

258 2405 410 2437 cebatur.
426 2407 523 2438 Idem.

300 2462 315 2483 g
339 2456 464 2497 Scripta
487 2459 521 2488 in
545 2458 593 2489 his
617 2459 705 2489 libris
729 2458 820 2498 meis]
846 2459 951 2500 Lege,

256 2506 414 2546 Inscripta
429 2508 461 2538 z'n
476 2508 524 2539 his
547 2509 635 2540 libris
660 2509 734 2540 meis
748 2510 951 2546 invenientur,

257 2558 310 2597 qui
325 2558 549 2599 inscribuntur,
563 2562 616 2601 “5⁶0-
653 2560 739 2591 Vide
754 2564 855 2591 antea
870 2561 951 2592 Sca·

256 2608 409 2648 ligerum.
434 2609 530 2642 Idem.

301 2657 314 2677 ¹¹
338 2659 475 2696 Profestz'
491 2660 570 2700 dies]
589 2659 721 2692 Afranii
747 2663 951 2704 exemplum,

259 2708 346 2748 quod
364 2710 492 2743 citabat
508 2711 627 2744 Festus
644 2720 686 2743 ex
702 2712 877 2753 Privigno,
894 2723 949 2746 ex-

1008 1914 1058 1941 tat
1083 1909 1245 1950 integrius
1275 1908 1364 1949 apud
1392 1908 1559 1940 Nouium:
1594 1909 1602 1925 ‘
1619 1909 1705 1942 Qua:

1009 1969 1067 1989 nos
1085 1960 1228 1995 solemus
1245 1958 1356 1989 facere
1374 1958 1496 1988 festivo
1522 1958 1589 1998 die,
1615 1960 1706 1991 Quo-

1009 2009 1137 2040 tidiano
1165 2019 1267 2049 opere
1293 2010 1474 2049 promisces
1497 2011 1619 2041 omnia.
1659 2010 1706 2041 At

1008 2070 1082 2101 quae
1100 2059 1263 2100 profesto,
1282 2064 1398 2090 contra
1414 2070 1421 2088 :
1446 2069 1520 2089 cuni
1552 2059 1705 2090 celebras

1008 2110 1144 2142 focum.’
1168 2110 1222 2141 Ita
1234 2110 1322 2141 enim
1337 2109 1514 2150 legendum
1529 2110 1617 2150 apud
1636 2110 1706 2141 No-

1008 2162 1110 2192 nium.
1132 2162 1203 2192 Jos.
1222 2161 1308 2191 scal.

1052 2211 1193 2249 Profesti
1222 2211 1301 2250 [lies]
1329 2210 1560 2250 Opponuntnr
1586 2209 1705 2241 diebus

1008 2260 1115 2292 sestis.
1161 2262 1205 2292 Et
1221 2260 1306 2291 dicti
1328 2260 1460 2300 prcffesti
1476 2259 1565 2300 quod
1587 2270 1655 2299 pro,
1671 2261 1704 2292 id

1007 2317 1059 2343 est
1081 2312 1198 2352 procul,
1224 2321 1243 2341 a
1268 2310 1365 2340 festis
1389 2314 1479 2340 sunt.
1528 2310 1705 2349 Integrum

1005 2362 1116 2393 locum
1143 2360 1275 2392 Afranii
1300 2360 1353 2391 hic
1385 2359 1485 2390 affert
1511 2361 1641 2392 Nonius
1671 2362 1705 2392 in

1004 2422 1087 2443 voce
1110 2412 1264 2452 profesti:
1297 2412 1406 2443 ‘Quae
1436 2409 1561 2441 festivo
1588 2410 1705 2442 facere

1005 2472 1064 2493 nos
1091 2462 1234 2493 solemus
1270 2461 1339 2500 die,
1367 2461 1573 2493 Quotidiano
1600 2472 1705 2502 opere

1006 2513 1188 2553 promisces
1202 2512 1324 2546 omnia,
1338 2511 1442 2551 AEque
1458 2511 1609 2550 profesto
1624 2522 1702 2544 con-

1005 2563 1158 2594 celebras
1197 2560 1336 2593 fucum?
1396 2561 1498 2601 Legit
1539 2562 1702 2603 Scaliger.

1007 2613 1085 2648 Quoe
1115 2622 1168 2642 nos
1201 2612 1331 2642 solemus
1353 2610 1462 2648 facere
1490 2611 1610 2648 festivo
1641 2614 1701 2649 die,

1007 2663 1195 2698 Quotidiano
1217 2672 1304 2702 opere
1319 2663 1484 2701 promisccs
1499 2664 1610 2695 omnia.
1654 2665 1699 2695 At

1005 2723 1072 2755 [μα’
1095 2714 1230 2755 profesto
1254 2716 1379 2748 contra:
1402 2723 1470 2745 cum
1499 2713 1631 2746 celebras
1647 2714 1698 2752 so-
