1876 3025
302 138 414 181 1212

300 244 446 285 ἆναδρᾷν.
483 244 568 283 lege,
599 242 791 281 ἀναδραμεῖν,
809 244 864 272 aut
888 240 994 280 ἄνδρα·

300 296 376 333 μεῖν.
402 294 488 325 Idem
503 293 556 324 lib.
575 301 727 332 xiv.cap.
744 294 793 322 12.

344 346 436 376 PAG.
456 347 510 374 78.
533 342 658 382 Annus]
680 341 791 373 Annus
816 351 855 372 ex
884 341 994 371 (ἕν-(τοο

298 395 395 433 venit,
410 404 497 434 quem
508 394 555 424 illi
572 392 658 423 ἔννον
672 392 791 429 dicuni,
805 394 834 421 et
849 392 928 431 quod
941 400 995 420 nos

298 445 479 484 triennium,
506 444 553 474 illi
579 445 685 474 dicunt
715 443 861 483 τρίεννον.
907 440 993 472 Haec

299 495 348 526 sic
365 495 399 526 in
422 494 514 526 Festi
543 493 660 525 codice
684 491 892 524 restituenda
914 501 992 522 cen-

299 555 368 578 seo,
392 546 441 576 Id.
457 545 534 576 ibid.

341 596 433 626 PAG.
450 597 501 626 85.
524 594 686 634 Aquarioii
703 592 866 635 [Aquarii]
902 592 992 623 Hinc

298 652 380 687 puto
406 646 493 677 hanc
520 645 800 686 significationem
828 653 992 681 manasse,

297 697 387 739 quod
408 697 533 738 aquarii
561 696 771 731 dicebantur,
790 695 846 736 qui
871 703 992 735 aquam

297 749 330 779 in
348 747 438 778 aedes
451 746 645 787 portabant,
656 756 721 787 qua
732 746 873 786 plurime
889 749 992 785 egent

299 797 339 828 ad
355 797 509 828 balneum
521 806 623 838 seque
637 797 796 828 eluendas
811 796 966 826 mulieres
982 807 988 826 ι

299 847 388 888 apud
430 848 588 878 Plautum
634 847 850 878 meretricula
886 846 989 877 dicit:

295 899 304 914 ‘
322 898 600 939 Aggerundaque
628 907 713 939 aqua
736 903 814 929 sunt
837 897 899 927 viri
924 897 990 928 duo

296 948 440 979 defessi!
488 948 563 979 Hac
581 948 760 979 occasione
775 957 924 978 amorum
942 948 990 977 in-

296 999 476 1031 ternuntiis
503 999 656 1030 solebant
680 999 727 1030 eis
745 999 813 1029 uti:
838 998 915 1029 hinc
930 998 989 1030 Ju-

296 1051 448 1081 venalis:
483 1050 629 1081 ‘Veniet
666 1050 850 1081 conductus
889 1058 990 1090 aqua·

296 1102 388 1133 rius!
433 1102 603 1143 Septimus
642 1101 784 1132 Florens
803 1111 810 1130 z
856 1101 866 1118 ‘
892 1100 989 1140 primi

295 1157 392 1183 erunt
407 1152 556 1190 lenones,
570 1150 805 1192 perductores,
817 1149 990 1191 aquarioli,

294 1210 365 1234 tum
393 1204 517 1242 sicarii,
537 1203 722 1241 venenarii,
738 1201 847 1242 magi.y
885 1202 990 1241 Aqua-

294 1254 364 1284 rioli
378 1258 488 1284 autem
507 1263 568 1294 per
581 1253 836 1284 diminutionem
856 1252 896 1282 ad
911 1261 990 1283 con-

294 1310 475 1346 temptum,
490 1311 528 1336 ut
546 1306 576 1335 in
595 1305 775 1341 vilissimis,
790 1310 824 1335 et
842 1304 988 1335 omnium

296 1356 447 1387 vilissimi
470 1356 531 1396 ipsi
557 1355 727 1387 dicuntur.
775 1355 988 1395 Lampridius

293 1407 327 1438 in
346 1406 551 1437 Commodo:
575 1406 584 1422 ‘
601 1405 731 1446 Aquam
757 1405 873 1444 gessit,
891 1409 926 1435 ut
943 1405 987 1435 le-

294 1458 429 1489 nonium
452 1456 648 1487 ministeriis
674 1455 845 1496 probrosis
874 1461 987 1486 natum

293 1507 411 1547 magis,
441 1516 539 1547 quam
577 1506 605 1536 ei
638 1506 712 1537 loco
747 1506 917 1544 crederes,
947 1504 989 1535 ad

293 1567 391 1599 quem
412 1556 546 1588 fortuna
562 1557 718 1597 pervexit
734 1556 755 1587 ι’
779 1566 851 1595 nos,
873 1556 990 1587 addito

291 1620 333 1647 m,
350 1610 499 1639 macarios
514 1608 724 1649 appellamus
741 1619 748 1638 z
766 1607 876 1647 reperi
902 1611 937 1637 et
957 1607 989 1637 in

290 1660 402 1691 lexico
441 1659 714 1699 Latino-Graeco,
753 1660 760 1674 ‘
790 1658 963 1699 aquarium
981 1656 989 1669 '

292 1710 458 1751 ὑδροφόρον
481 1719 566 1746 esse,
594 1714 628 1740 et
655 1711 664 1727 ‘
682 1709 890 1749 aquariolum
906 1707 914 1721 '
932 1710 989 1742 βα·

292 1760 400 1799 λανέα,
423 1760 483 1791 sed
510 1766 544 1791 et
566 1762 574 1777 ‘
594 1758 854 1791 baccarionem'
880 1771 988 1799 πορνο-

294 1812 442 1844 διάκονον.

333 1864 426 1894 Pac..
443 1865 495 1893 86.
519 1862 710 1902 Arbitrium]
735 1863 863 1893 Putant
880 1862 987 1894 Juris·

290 1914 437 1946 consulti
465 1913 592 1943 nullum
625 1923 700 1944 esse
728 1913 867 1944 verbum
897 1913 988 1944 Lati-

290 1975 369 1995 num
394 1973 459 2005 quo
485 1963 652 1994 sententia
678 1962 809 1994 arbitrii
835 1967 988 1994 vocetur.

292 2015 415 2055 Itaque
433 2014 496 2054 ipsi
515 2013 651 2044 verbum
670 2013 837 2044 cuderunt
852 2014 988 2051 laudum,

292 2070 327 2095 ut
345 2074 422 2095 vere
440 2064 550 2094 dicam
568 2064 763 2094 illaudatum.
808 2064 881 2104 Ego
899 2063 988 2093 arbi-

291 2115 392 2145 trium
425 2123 523 2153 posse
564 2113 630 2143 dici
665 2113 811 2143 arbitror
849 2118 987 2143 auctore

290 2165 416 2195 Festo:
439 2165 447 2181 ‘
469 2162 679 2202 Arbitrium,’
700 2163 819 2202 inquit,
838 2163 846 2177 ‘
862 2162 988 2193 dicitur

292 2213 463 2245 sententia
487 2223 562 2254 quae
588 2212 631 2242 ab
654 2212 781 2243 arbitro
806 2212 986 2243 statuitur.'

293 2267 301 2282 ‘
320 2263 571 2296 Arbitrarium'
603 2268 715 2294 autem
745 2264 754 2280 ‘
773 2273 848 2294 cum
879 2263 987 2294 adhuc

291 2325 344 2346 res
371 2313 461 2355 apud
479 2313 642 2344 arbitrum
670 2313 823 2354 geritur!
870 2314 987 2345 Proin-

290 2366 332 2396 de
349 2365 481 2396 incerta
501 2369 565 2403 cst,
583 2369 617 2394 et
635 2363 749 2403 dubia,
764 2365 987 2396 controversi-

291 2425 354 2457 que
367 2415 470 2455 juris,
487 2419 520 2445 et
542 2415 574 2444 in
596 2415 783 2453 voluntate,
797 2420 987 2456 potestate-

291 2477 368 2508 que,
385 2470 418 2497 et
435 2465 577 2497 arbitrio
591 2466 730 2496 alterius
747 2477 754 2496 :
781 2476 846 2507 quo
859 2465 987 2498 factum

291 2523 343 2549 est
361 2523 396 2548 ut
413 2516 552 2548 Plautus
576 2521 705 2547 certum
729 2517 907 2549 arbitrario
928 2528 986 2558 op-

292 2571 447 2608 poneret,
466 2565 553 2606 quod
572 2566 677 2597 invito
700 2567 811 2608 aliquo
828 2573 862 2599 et
877 2568 984 2608 ingra-

291 2618 347 2648 tiis
357 2616 506 2648 futurum
520 2620 623 2647 esset.
648 2618 655 2633 ‘
676 2617 749 2649 Hoc
763 2618 895 2659 quidem
912 2629 986 2659 pro-

290 2667 381 2697 fecto
411 2670 542 2697 certum
574 2672 636 2706 est,
663 2676 727 2697 non
746 2668 985 2700 arbit1·ariu¹n.'

293 2716 423 2749 Turneb.
435 2717 487 2748 lib.
505 2725 578 2748 xlv.
595 2726 659 2756 cap.
678 2720 728 2748 12.

765 121 903 176 NOTAE
939 143 1203 174 vARlORUM
1238 143 1290 174 IN

1091 239 1182 270 PAG.
1200 241 1252 270 89.
1276 238 1405 276 Asseria
1416 236 1508 277 aqua]
1531 235 1585 267 Ab
1599 235 1740 267 afferen-

1048 287 1091 319 do
1107 297 1228 318 nomen
1244 287 1367 318 habet:
1393 297 1469 318 nam
1495 286 1594 326 prisci
1610 295 1741 326 pra’po-

1047 340 1204 371 sitionem
1220 341 1260 371 ad
1284 340 1316 370 in
1341 349 1377 370 ar
1410 347 1641 378 saepenumero
1668 347 1739 368 mu—

1048 391 1187 423 tabant:
1212 391 1300 422 unde
1336 395 1372 421 et
1407 399 1525 420 arcesso
1560 394 1595 418 et
1629 388 1741 418 art-eho

1047 441 1135 481 apud
1162 441 1324 472 Catonem
1351 439 1391 470 de
1421 439 1473 470 Re
1501 438 1640 470 Rustica
1664 447 1739 477 cap.

1047 495 1119 523 135.
1164 493 1225 523 Est
1239 493 1342 532 igitur
1358 490 1488 529 arserio,
1502 489 1594 530 quasi
1606 488 1740 526 adferta.

1046 542 1142 573 Idem
1159 541 1218 573 lib.
1236 551 1291 572 111.
1309 550 1384 579 cap.
1404 542 1453 570 10.

1087 594 1181 624 PAG.
1198 595 1251 624 94.
1278 590 1418 629 Artibus]
1443 589 1471 620 A
1488 594 1604 620 vetere
1621 589 1739 620 critico

1045 646 1238 685 exponitur,
1265 644 1455 682 πάντεχνος,
1484 641 1637 673 δαίδαλος.
1653 641 1741 672 Idem

1044 696 1096 727 lib.
1113 705 1221 727 xxiv.
1237 698 1364 736 cap.31.

1088 746 1178 777 PAG.
1194 748 1246 776 95.
1271 743 1465 783 Assiratum]
1489 742 1645 774 Romanis
1660 741 1739 781 ipsis

1044 805 1108 826 uon
1126 796 1243 837 ignota
1259 800 1399 827 cruenta
1412 795 1517 834 potio,
1534 803 1608 834 quae
1625 792 1739 824 assim-

1045 850 1109 876 tum
1137 846 1178 876 iis
1202 846 1307 885 dicta,
1320 845 1409 886 quod
1429 845 1518 880 assir,
1535 844 1684 884 sanguis,
1702 847 1740 874 ut

1044 897 1138 927 aiunt
1154 897 1287 937 glossa’.
1333 896 1472 926 Festum
1488 896 1519 925 in
1534 894 1678 926 Assirato
1691 893 1740 925 ita

1043 948 1162 988 capio;
1179 952 1214 978 et
1230 947 1254 977 si
1270 945 1421 978 fortassis
1437 955 1476 977 ea
1492 946 1588 986 potio
1603 945 1681 976 olim
1705 944 1738 975 in

1044 998 1160 1036 sacris,
1177 997 1266 1039 quod
1292 996 1435 1028 suadere
1456 996 1591 1027 videtur
1612 995 1738 1026 Sallus-

1045 1049 1110 1080 tius
1136 1049 1168 1079 in
1186 1048 1346 1087 Catilina,
1362 1047 1410 1078 ait
1427 1048 1515 1078 enini
1541 1052 1737 1077 consuetum

1043 1099 1075 1130 id
1104 1099 1136 1129 in
1164 1098 1356 1129 solennibus
1387 1097 1503 1128 sacris.
1549 1095 1676 1136 Lipsius
1699 1097 1739 1125 ad

1043 1149 1096 1180 lib.
1114 1158 1180 1179 xu.
1197 1148 1313 1179 Annal.
1333 1147 1446 1178 Taciti.

1085 1199 1176 1230 PAG.
1193 1201 1245 1230 96.
1268 1197 1405 1237 Aturus]
1434 1197 1547 1236 Lego:
1573 1196 1644 1235 quia
1671 1199 1738 1226 atta

1042 1253 1086 1280 est
1101 1250 1164 1288 avi,
1180 1250 1212 1280 id
1236 1252 1291 1283 est,
1309 1251 1410 1288 pater,
1427 1250 1463 1277 ut
1481 1246 1573 1286 pueri
1598 1255 1738 1285 usurpa-

1043 1309 1078 1330 re
1103 1301 1232 1331 solent:
1258 1308 1332 1329 nam
1351 1297 1440 1339 quod
1475 1300 1541 1327 tata
1571 1296 1738 1335 scribunt,

1041 1351 1073 1381 id
1095 1361 1174 1382 vero
1192 1351 1259 1381 tale
1276 1355 1341 1389 est,
1356 1355 1392 1379 ut
1407 1358 1448 1379 ex
1466 1357 1505 1378 eo
1522 1350 1658 1386 tutat-us,
1672 1357 1737 1378 non

1040 1406 1160 1442 atavus,
1184 1400 1323 1432 formari
1350 1399 1496 1430 debeat:
1521 1407 1597 1429 cum
1624 1403 1736 1428 autem

1039 1456 1107 1483 atta
1133 1462 1229 1483 avum
1268 1449 1447 1491 significet,
1480 1454 1516 1479 ut
1547 1449 1667 1479 Festus
1704 1450 1736 1479 in

1042 1503 1155 1542 verbo,
1169 1500 1325 1532 ‘Attam’
1345 1499 1623 1540 explicar,(hanc
1646 1498 1736 1529 enim

1042 1562 1159 1583 vocem
1187 1560 1259 1582 esse
1279 1549 1404 1590 juniori
1423 1548 1463 1579 ad
1489 1549 1657 1579 seniorem
1681 1549 1736 1578 Ιιο-

1041 1603 1130 1633 noris
1147 1611 1247 1632 causa
1265 1605 1421 1641 tanquam
1439 1598 1481 1629 ad
1500 1608 1597 1629 avum
1616 1597 1737 1639 refert)

1042 1658 1154 1683 tamen
1180 1653 1274 1692 pueri
1300 1655 1399 1682 auam
1423 1659 1484 1690 pro
1510 1655 1607 1689 patre
1622 1649 1737 1681 dicere

1041 1703 1207 1734 solebant.
1227 1701 1362 1733 Turneb.
1380 1700 1434 1732 lib.
1451 1709 1526 1731 xnv.
1541 1710 1606 1740 cap.
1626 1703 1676 1731 12.

1083 1755 1173 1785 PAc..
1190 1756 1243 1784 98.
1268 1752 1415 1792 Attinge]
1453 1750 1673 1782 Scribendum
1690 1755 1737 1782 at-

1039 1805 1171 1844 tingem,
1183 1813 1242 1844 pro
1253 1801 1477 1840 attingam,sic
1491 1801 1613 1842 primus
1624 1811 1738 1833 emen-

1040 1855 1133 1885 davit
1158 1854 1292 1894 Lipsius
1310 1852 1489 1883 Variarum
1515 1852 1601 1883 libro
1618 1861 1666 1883 iv.
1683 1855 1734 1884 27.

1040 1906 1133 1946 cujus
1157 1905 1260 1936 verba
1283 1908 1383 1934 sunt:
1409 1903 1490 1933 Dice
1519 1912 1579 1942 pro
1610 1903 1736 1938 Dicam,

1038 1956 1171 1994 attinge⁴
1190 1965 1250 1995 pro
1282 1954 1449 1993 attingam,
1475 1953 1618 1984 Veteres
1642 1962 1734 1985 usur-

1040 2016 1138 2048 passe
1163 2006 1287 2046 saepius
1316 2004 1489 2045 reperies:
1529 2004 1617 2044 quod
1641 2009 1734 2035 certe

1039 2062 1236 2097 corruptum
1254 2056 1376 2096 ubique
1399 2054 1487 2095 apud
1512 2064 1586 2085 eum
1602 2055 1734 2095 judico,

1039 2114 1086 2146 et,
1104 2117 1177 2137 cum
1197 2116 1239 2137 ex
1257 2105 1479 2138 Quinctiliani
1499 2109 1596 2136 certa
1621 2108 1735 2135 aucto-

1039 2157 1140 2188 ritate
1163 2160 1310 2191 constet,
1335 2155 1512 2192 Catonem,
1535 2154 1734 2185 Censorium

1039 2208 1310 2247 vetustioresque
1328 2205 1410 2236 alios
1436 2214 1488 2244 ea,
1504 2214 1579 2245 quae
1602 2213 1673 2244 nos,
1688 2205 1735 2234 di-

1037 2258 1259 2297 cam‚faciam‚
1283 2255 1465 2295 efferimus,
1481 2255 1589 2290 dicem,
1602 2254 1734 2292 faciem,

1038 2308 1275 2350 pronuntiasse,
1299 2306 1463 2338 audacter
1487 2305 1574 2346 apud
1594 2305 1732 2336 Festum

1039 2362 1078 2391 iis
1104 2360 1187 2391 locis
1213 2359 1367 2390 omnibus
1392 2356 1627 2397 corrigendum
1656 2366 1732 2397 pro-

1039 2412 1170 2451 nuntio,
1185 2410 1339 2447 attingem
1356 2418 1415 2449 pro
1431 2408 1602 2448 attingam,
1629 2412 1663 2438 et
1685 2408 1733 2438 di-

1037 2472 1100 2493 cem
1136 2471 1196 2501 pro
1233 2460 1346 2497 dicam,
1387 2457 1572 2498 similiaque
1609 2457 1731 2488 omnia.

1038 2512 1124 2552 Lips.
1141 2512 1180 2541 ad
1195 2509 1249 2540 lib.
1266 2518 1333 2540 xn.
1351 2509 1468 2539 Annal.
1487 2507 1598 2539 Taciti.

1081 2563 1172 2593 PAG.
1204 2563 1276 2590 100.
1315 2558 1478 2597 Augustus
1518 2556 1613 2597 locus]
1651 2559 1734 2588 Aves

1034 2611 1191 2655 pasic11,id
1211 2609 1356 2641 arbitror
1374 2608 1415 2639 de
1443 2607 1589 2648 tripudio
1609 2608 1729 2638 solisti-

1038 2674 1089 2695 mo
1120 2661 1275 2701 intelligi,
1306 2669 1381 2691 cum
1414 2659 1576 2699 pullarius
1611 2659 1727 2689 avibus

1037 2712 1136 2745 offam
1166 2712 1290 2743 dabat:
1319 2719 1395 2741 nam
1433 2709 1458 2739 si
1498 2714 1728 2750 pascerentur,
