1876 3025
660 125 1028 157 FRAGMENTUM.
1451 115 1562 157 1099

118 221 233 262 visse
254 226 504 275 portantem
527 233 647 261 suam
671 234 818 261 secum
840 225 1015 274 neptem
1038 219 1205 260 Ascani
1230 218 1362 259 filiam
1389 220 1563 260 nomine

117 289 337 338 Rhomen,
379 302 522 342 eamq.
563 293 611 330 ut
656 288 787 329 Italia
831 289 917 329 sint
958 288 1151 341 Phryges
1189 287 1334 341 potiti,
1375 291 1417 328 et
1451 288 1565 327 his¹⁷

116 357 365 410 regionibus
396 358 602 406 maxime,
638 370 738 411 quae
772 369 885 396 nunc
919 360 1018 396 sunt
1047 355 1206 395 vicinae
1236 355 1347 403 urbi,
1378 354 1564 408 prima¹8

118 425 313 465 omnium
356 438 644 466 consecrasse
686 425 729 465 in
769 424 948 465 Palatio
992 423 1115 464 Fidei
1146 423 1370 476 templum,
1399 422 1443 462 in
1475 435 1564 475 quo

117 496 264 533 monte
304 498 461 546 postea
501 507 600 534 cum
639 492 898 533 conderetur
931 493 1051 540 urbS,
1091 491 1233 532 visam
1266 503 1366 530 esse
1394 489 1566 544 justam

116 560 322 601 vocabuli
344 561 503 602 Romae
524 562 712 602 nominis
735 574 931 607 causam,
949 574 1059 609 eam,
1081 573 1181 614 quae
1200 560 1361 613 priore,
1379 558 1494 598 unde
1516 571 1568 598 ea

117 627 263 668 locum
295 627 595 671 dedicavisset
620 629 762 670 Fidei.
820 628 1108 681 Ait'quidem
1143 627 1409 680 Agathocles
1450 640 1568 667 com-

118 695 262 748 plures
293 709 391 736 esse
424 701 642 746 auctores,
677 698 752 749 qui
782 697 931 737 dicant
960 697 1132 736 [Enean
1159 695 1374 749 sepultum
1397 695 1440 734 in
1462 695 1568 734 urbe

119 762 410 815 Berecynthia
432 765 633 818 proxime
653 765 815 805 fiumen
844 764 1007 812 Nolon,
1038 767 1125 816 atq.
1160 775 1219 803 ex
1244 762 1338 816 cjus
1361 762 1568 816 progenie

119 830 333 883 quendam
364 833 539 872 nomine
582 832 802 872 Rhemum
837 832 1014 872 venisse
1047 831 1090 870 iu
1122 831 1319 880 Italiam,
1352 835 1397 871 et
1417 831 1569 870 urbem

120 897 340 939 Romamu
375 901 655 950 nominatam,
696 899 980 950 condidisse3
1023 899 1274 940 Caltinus¹9
1308 896 1570 950 Agathoclis

119 966 259 1007 Siculi
279 968 354 1021 qui
375 981 445 1008 res
466 972 614 1020 gestas
644 968 926 1017 conscribsit,
956 967 1188 1007 arbitratur
1213 980 1235 1006 e
1259 978 1390 1006 manu
1409 965 1570 1018 Troja-

119 1047 272 1075 norum
304 1036 544 1088 sugentium
577 1036 662 1077 Ilio
689 1040 836 1089 capto,
861 1036 1037 1077 cuidam
1062 1035 1197 1076 fuisse
1217 1047 1370 1074 nomen
1393 1034 1568 1081 Latino,

120 1115 267 1156 eumq.
308 1103 518 1144 habuisse
559 1103 789 1157 conjugem
831 1103 1064 1151 Rhomam,
1098 1116 1124 1144 a
1164 1115 1250 1156 quo
1278 1106 1326 1142 ut
1357 1102 1488 1142 Italia
1513 1101 1572 1141 sit

120 1172 310 1224 potitus,
361 1173 512 1213 urbem
567 1172 830 1222 condiderit,
873 1185 1004 1226 quam
1044 1171 1233 1213 Romam
1265 1170 1570 1224 appellavisse„

120 1239 330 1289 Lembus,
353 1241 428 1293 qui
461 1240 712 1294 appellatur
740 1240 1022 1290 Heraclides,
1049 1240 1292 1288 existimat,
1318 1237 1571 1278 revertenti-

120 1307 202 1347 bus
223 1308 278 1347 ab
301 1307 386 1348 llio
406 1306 609 1357 Achivis,
634 1308 849 1361 quendam
864 1312 898 1330 20
923 1311 1183 1361 tempestate
1206 1306 1401 1359 dejectos
1423 1306 1466 1345 in
1483 1305 1572 1346 Ita-

120 1374 193 1415 liae
216 1375 414 1427 regiones
432 1381 613 1417 secutos
634 1375 810 1416 Tiberis
830 1375 1063 1417 decursum
1078 1374 1346 1428 pervenisse,
1364 1374 1440 1414 ubi
1455 1386 1571 1414 nunc

121 1444 179 1483 sit
218 1443 379 1495 Roma,
420 1446 528 1500 ibiq.
571 1449 750 1500 propter
789 1445 969 1487 taedium
1009 1444 1320 1497 navigationis,
1360 1443 1572 1496 impulsas

122 1512 322 1565 captivas
343 1515 605 1555 auctoritate
630 1513 807 1566 virginis
832 1513 1067 1567 cujusdam
1094 1512 1369 1565 tempestivae
1397 1510 1573 1550 nomine

123 1578 336 1631 Rhomes,
367 1582 616 1622 incendisse
652 1582 857 1630 classem,
898 1586 1032 1634 atque
1061 1581 1117 1621 ab
1142 1592 1196 1620 ea
1220 1579 1481 1620 necessitate
1509 1578 1573 1618 ibi

121 1648 328 1689 manendi
360 1650 510 1691 urbem
542 1649 768 1691 conditam
802 1650 859 1690 ab
892 1649 977 1698 his,
1013 1652 1055 1689 et
1079 1648 1351 1702 potissimum
1374 1646 1470 1700 ejus
1496 1659 1575 1687 no-

123 1715 239 1756 mine
260 1730 356 1758 eam
375 1718 662 1772 appellatam,
685 1731 712 1759 a
733 1717 861 1772 cujus
884 1717 1069 1758 consilio
1091 1729 1168 1757 eas
1182 1715 1310 1756 sedes
1327 1715 1412 1755 sibi
1428 1714 1574 1755 firma-

123 1783 308 1825 vissent.
369 1784 543 1827 Galitas
565 1785 732 1833 scribit,
750 1799 850 1826 cum
872 1789 973 1839 post
987 1785 1155 1825 obitum
1174 1783 1329 1824 AEneae
1347 1782 1574 1836 imperium

126 1850 272 1892 Italiae
306 1854 576 1906 pervenisset
607 1853 663 1894 ad
692 1854 895 1895 Latinum
925 1852 1177 1894 Telemachi
1203 1852 1399 1904 Circesq.
1420 1851 1574 1900 filium,

123 1920 252 1974 hisq.¹
295 1935 353 1963 ex
382 1923 525 1964 Rome
556 1924 823 1977 suscepisset
857 1923 990 1973 filios,
1031 1922 1242 1971 Romum,
1279 1921 1569 1975 Romulumq.

125 1989 219 2028 urbi
236 1991 424 2031 conditae
447 1991 492 2031 in
523 1991 702 2032 Palatio
732 2004 915 2032 causam
936 1991 1073 2032 fuisse
1096 1989 1374 2044 appellandae
1396 1990 1575 2043 potissi-

125 2070 245 2098 mum
270 2058 363 2111 [78]
400 2058 604 2102 Rhomae.
662 2057 829 2099 Diocles
863 2056 1133 2112 Peparetlzizes
1164 2057 1225 2097 ait
1262 2056 1388 2097 Iliam
1428 2054 1576 2096 Numi-

126 2125 231 2166 toris
247 2125 406 2167 Albam·
427 2127 531 2183 regis
541 2126 695 2178 filiam,
713 2126 901 2183 gemellos
922 2126 1103 2176 edidisse,
1127 2140 1223 2180 quos
1250 2126 1293 2167 in
1314 2126 1395 2166 ima
1423 2123 1461 2164 T
1459 2123 1575 2164 iberis

128 2191 219 2246 ripa
241 2208 266 2234 a
290 2192 502 2246 Faustulo,
523 2195 633 2250 regio
651 2194 849 2245 ministro,
872 2194 1098 2249 expositos,
1106 2193 1234 2249 juxta
1240 2194 1373 2247 ficum
1396 2190 1579 2246 appella-

172 2414 211 2443 17
236 2411 258 2443 f.
272 2412 411 2444 iis.-13
434 2413 458 2445 f.
475 2415 706 2455 primurm—19
729 2417 753 2448 f.
776 2416 991 2447 Callias.—20
1014 2414 1037 2445 f.
1055 2414 1272 2455 quosdam—1
1297 2412 1321 2443 f.
1339 2412 1395 2452 isq.

780 2525 919 2557 NOTAE

173 2596 185 2609 ¹⁵
210 2589 357 2629 Romam]
381 2587 557 2619 videndus
570 2589 774 2621 Plutarchus
793 2590 826 2620 in
881 2599 943 2619 mae
970 2586 1149 2624 vocabulo,
1178 2584 1345 2624 Romuliq.
1370 2582 1580 2614 incunabulis

132 2641 287 2678 Romulo,
303 2641 335 2670 in
358 2640 453 2678 cujus
468 2639 538 2669 vita
563 2641 645 2670 citat
670 2641 826 2671 Dioclem
880 2639 1063 2677 historiam,
1075 2647 1116 2668 ex
1133 2636 1249 2666 iisdem
1268 2643 1373 2674 prope
1390 2633 1579 2674 scriptorii»-

131 2689 387 2732 Peparessrium,
404 2693 439 2720 et
461 2692 568 2721 totam
589 2689 676 2722 hanc
698 2690 740 2722 de
764 2691 828 2722 Ro-
884 2689 977 2731 quib.
998 2689 1118 2719 Festus
1137 2695 1214 2717 usus
1230 2689 1293 2723 est,
1309 2688 1436 2715 narrat.
