1876 3025
331 135 393 165 DE
427 133 698 164 VERBORUM
733 132 1149 164 SlGNIFICATIONE
1183 135 1278 165 LIB.
1313 136 1402 168 XV.
1515 128 1597 169 '711

214 227 325 283 apud
345 228 532 281 antiquos
552 226 787 280 scriptores:
812 227 997 280 positum
1020 232 1167 269 autem
1196 229 1316 268 unius
1350 243 1489 270 nomen
1514 246 1594 284 pro

212 295 379 336 alterius
400 295 553 335 nomine
577 294 793 348 reperitur,
815 293 923 349 quod
943 294 1067 336 initio
1088 296 1147 334 ita
1169 295 1598 351 coujunctaeflcerzmt,

212 369 257 402 ut
276 376 399 402 vunam
419 368 579 402 tantum
602 361 740 416 fuisse
760 363 886 415 quasi
906 362 950 403 id
973 362 1249 417 suffragetur:
1279 356 1401 417 quum
1422 364 1508 404 ideo
1528 379 1599 404 no-

212 430 362 469 minari
383 429 443 469 ait
468 427 670 469 Collinam
691 429 843 470 Santra
863 429 1047 483 proxime
1069 443 1158 470 eam
1180 429 1289 483 quod
1308 429 1434 471 Collis
1454 429 1599 474 Quiri-

212 497 322 538 nalis
342 501 420 538 est.
481 496 655 537 Portam
678 510 841 536 rursum
866 495 1125 540 Quirinalem
1146 497 1231 537 ideo
1252 499 1483 552 appellant,
1504 499 1598 540 sive

210 564 330 619 quod
353 578 398 604 ea
419 564 460 604 in
482 563 619 604 collem
641 561 898 606 Quirinalem
921 564 1020 614 itur,
1043 564 1122 605 sive
1139 565 1257 618 quod
1275 566 1478 619 proxime
1500 578 1599 607 eam

210 631 417 674 sacellum
439 638 494 671 est
517 629 700 681 Quirini,
734 629 853 682 unde,
879 638 923 671 ut
943 631 1120 682 videtur,
1147 633 1377 686 usurpatio
1397 633 1529 683 facta,
1561 640 1599 673 et

210 698 358 752 duplex
378 712 517 738 nomen
538 697 832 751 urzieidemque
854 699 912 738 rei
931 700 1183 753 impositum
1205 704 1283 741 est.

158 765 376 816 Quiritesf
395 765 493 806 dicta·
515 763 663 805 Sabini
683 779 706 804 α
734 763 838 805 Curi
861 764 971 817 Dea,
991 767 1057 806 cui
1077 780 1194 820 aqua
1211 772 1253 808 et
1272 768 1375 809 vino
1397 768 1599 823 sacrafu-

212 848 296 874 cere
317 834 425 875 soliti
448 841 590 875 erant:
620 847 718 888 quos
739 837 881 874 tamen
904 835 1011 887 quid
1035 836 1078 875 in
1100 835 1232 876 curiis
1251 840 1264 865 ⁵
1296 834 1420 876 dictos
1439 835 1597 888 volunt,

207 902 249 941 in
272 901 416 955 quibus
437 901 488 941 ab
508 901 578 942 his
598 902 638 942 ei
659 913 781 941 sacra
803 900 933 953 fiaut3
968 902 1033 941 cui
1055 902 1234 955 opinioni
1261 900 1428 942 Verrius
1449 902 1597 943 adver-

208 975 353 1011 satur:
386 970 442 1010 ab
456 968 656 1023 ejusdem
679 972 825 1010 autem
850 966 949 1008 Dece
971 969 1127 1009 nomine
1146 968 1336 1009 videntur
1352 985 1364 1009 .·
1392 969 1487 1011 item
1509 969 1598 1011 Cu-

208 1050 275 1078 res
297 1037 474 1078 Sabinae
495 1035 616 1076 hastae
638 1035 865 1089 appellum,
894 1036 1039 1089 quibus
1060 1050 1106 1075 ea
1125 1050 1221 1090 gens
1243 1038 1373 1078 armis
1394 1042 1489 1079 erat
1509 1051 1591 1091 po-

208 1111 303 1145 tens
318 1119 327 1146 :
345 1118 448 1145 mmc
469 1110 504 1143 et
526 1102 671 1143 Sabini
686 1110 723 1143 et
747 1101 925 1144 Romam·
945 1102 1101 1157 Populi
1122 1104 1343 1157 singulare
1365 1111 1596 1158 usurpatur

211 1187 364 1222 nomen,
387 1179 430 1212 ut
466 1171 612 1212 indicio
643 1176 712 1212 est
741 1184 911 1224 praeco,
942 1172 1017 1225 qui
1048 1173 1093 1212 in
1123 1172 1286 1213 funeris
1316 1170 1517 1212 indictivis
1537 1172 1595 1211 z‘ca

201 1239 468 1293 pronuntiare
487 1238 609 1279 solet:
640 1239 778 1280 Illus⁶
807 1238 961 1289 Quiris
982 1240 1070 1280 leto
1093 1239 1238 1281 datus.

1301 1238 1497 1290 Quirites
1519 1252 1596 1280 au-

204 1312 290 1347 tem
311 1307 418 1348 dicti
439 1311 538 1360 post
554 1306 699 1348 foedus
716 1320 743 1348 a
761 1306 955 1348 Romulo
972 1312 1017 1348 et
1032 1308 1164 1349 Tatio
1182 1320 1455 1361 percussum,
1475 1319 1596 1347 com-

172 1399 177 1402 —
205 1375 466 1424 munionem,
488 1379 529 1415 et
556 1375 807 1415 societatem
828 1375 982 1429 populi
1004 1375 1166 1417 factam
1188 1375 1397 1416 indicant.

750 1493 866 1504 σσσσσσ

189 1573 206 1599 5
230 1571 318 1601 Vide
336 1571 520 1602 Nota5·-—G
546 1570 606 1601 Ed.
622 1571 708 1602 Scal.
726 1572 821 1602 illius.

869 1492 986 1506 ‘‘‘‘‘‘

798 1656 939 1688 NOTAE

145 1717 282 1749 dictam.
325 1719 455 1749 Eadem
472 1724 508 1750 et
524 1720 644 1759 agonia
669 1720 739 1750 sive
761 1728 839 1759 ago-

144 1768 258 1798 nensis
275 1767 316 1798 ab
333 1768 451 1799 eodem
467 1768 565 1799 colle.
598 1768 712 1799 Hodie
726 1769 841 1800 salaria

145 1818 250 1850 dicta.
306 1818 345 1849 lu
366 1818 506 1850 Schedis
530 1819 649 1850 ultima
675 1819 763 1851 linea
786 1819 840 1860 qui

143 1890 151 1898 .
165 1889 173 1897 .
187 1890 195 1900 .
208 1869 394 1906 derefertur
410 1869 521 1900 nescio
534 1878 576 1900 an
591 1869 636 1901 sit
650 1869 748 1909 hujus
764 1869 839 1901 loci.

146 1918 242 1950 Idem.

187 1974 200 1989 θ
224 1969 306 2005 Qui.
318 1991 326 2000 .
339 1969 364 2009 .]
390 1969 543 2008 Quirites,
559 1973 596 2000 ut
613 1969 744 2010 opinor,
760 1969 840 1999 scri-

144 2019 290 2050 bendum
322 2026 387 2058 est,
410 2030 429 2050 α
458 2019 603 2056 Quirino,
632 2020 681 2050 cui
706 2029 785 2059 aqua
811 2023 840 2050 et

141 2070 212 2100 vino
226 2070 260 2100 in
274 2070 368 2100 curiis
390 2079 479 2100 sacra
495 2069 636 2110 fiebant:
661 2069 713 2100 vel
731 2069 840 2104 Quiri-

141 2130 200 2151 nus
216 2121 366 2152 Romulus
387 2120 425 2150 ab
449 2121 548 2156 hasta,
564 2121 644 2160 quod
664 2120 758 2150 armis
773 2124 841 2150 erat

137 2174 259 2210 potens.
299 2171 466 2210 Singulare
481 2176 694 2212 etusurpatur
709 2172 820 2208 Quiris
830 2184 839 2202 ,-

140 2222 278 2262 exemplo
292 2225 337 2251 est
362 2231 475 2261 μνώεο,
490 2222 543 2262 qui
558 2222 726 2259 infameris
739 2222 839 2253 indic-

141 2274 223 2303 tione
237 2272 332 2303 dicit.-
359 2273 447 2303 Onus
465 2272 575 2307 Quiris
589 2273 648 2303 leto
662 2273 766 2311 datus,
786 2274 839 2312 &aa

143 2323 228 2356 Haec
246 2324 286 2355 ad
303 2325 441 2355 lectoris
458 2333 600 2355 acumen
617 2325 730 2364 potins
746 2325 839 2354 exci-

142 2374 281 2406 tandum
298 2374 390 2405 dicta
405 2380 495 2414 sunt,
509 2384 607 2416 quam
622 2381 659 2406 ut
673 2385 754 2406 vera
765 2385 838 2406 esse

143 2422 324 2456 fateamur.
371 2425 478 2455 Varro
501 2425 561 2456 lib.
578 2433 627 2456 vi.
651 2424 693 2456 de
711 2425 840 2464 Lingua

145 2474 223 2505 Lat.
245 2476 255 2492 ⁶
274 2475 344 2506 Olli
366 2476 458 2507 valet
480 2475 610 2507 dictum
627 2476 688 2512 illi,
706 2477 746 2507 ab
763 2477 840 2512 olla,

144 2530 179 2555 et
198 2525 280 2555 onus
293 2525 314 2556 :’
337 2526 425 2567 quod
442 2527 584 2558 alterum
601 2526 744 2558 comitiis
763 2537 839 2558 cum

144 2576 308 2605 recitatur
339 2584 357 2604 a
385 2586 545 2616 praecone
573 2577 710 2616 dicitnr,
734 2578 742 2594 ‘
762 2576 841 2607 Olla

144 2624 319 2662 centuria:
338 2635 401 2656 non
430 2627 502 2657 illa.-
527 2627 670 2659 alterum
696 2632 839 2668 apparet

147 2677 178 2706 in
197 2674 369 2707 funeribus
397 2676 579 2713 indictivis
607 2687 681 2709 cum
702 2678 841 2717 dieitur,

885 2325 1050 2363 funeribus
1080 2325 1263 2359 indictivis,⁸

896 1721 904 1736 ‘
923 1719 1020 1751 Ollus
1051 1720 1119 1750 leto
1150 1718 1248 1750 datus
1285 1717 1371 1749 est:'
1409 1722 1445 1749 et
1474 1717 1532 1750 lib.
1561 1728 1596 1750 v,

896 1774 903 1786 ‘
919 1769 1072 1800 Quirites
1088 1778 1107 1799 a
1120 1767 1353 1808 Curiensibus‚
1370 1773 1405 1799 et
1424 1767 1465 1799 ab
1483 1768 1522 1799 iis
1539 1769 1598 1808 qui

895 1828 970 1850 cum
985 1818 1085 1849 Tatio
1101 1827 1182 1858 rege
1208 1818 1240 1848 iu
1263 1818 1465 1849 societatem
1494 1827 1596 1849 vene-

895 1874 984 1907 runt,
1015 1869 1133 1900 donati
1164 1869 1303 1900 civitate
1336 1868 1435 1899 sunt!
1493 1868 1597 1900 Ovid.

895 1919 951 1950 lib.
970 1927 1007 1950 ιι.
1028 1919 1160 1950 Pastor.
1185 1920 1193 1935 ‘
1208 1919 1286 1949 Sive
1303 1918 1393 1960 quod
1410 1919 1507 1950 hasta
1523 1919 1594 1959 qui-

895 1972 939 2002 ris
958 1972 1077 2011 priscis
1095 1976 1147 2002 est
1164 1970 1253 2002 dicta
1268 1970 1421 2001 Sabinis:
1446 1971 1596 2002 Bellicus

896 2032 912 2052 a
931 2022 998 2053 telo
1016 2021 1108 2052 venit
1131 2021 1164 2052 iu
1191 2025 1284 2051 astra
1304 2022 1416 2051 Deus:
1440 2021 1518 2051 Sive
1534 2030 1595 2051 suo

895 2073 966 2112 regi
998 2081 1120 2103 nomen
1152 2081 1296 2112 posuere
1327 2071 1502 2109 Quin-ites;
1528 2071 1596 2101 Seu

895 2123 974 2163 quia
1002 2123 1161 2153 Romanis
1186 2122 1350 2162 junxerat
1377 2121 1432 2152 ille
1462 2120 1595 2152 Cures.’

894 2174 972 2206 Ant.
991 2175 1074 2212 Aug.

939 2224 1079 2261 Quirites
1094 2223 1188 2263 dicti]
1213 2223 1306 2262 Lege
1322 2220 1421 2256 infra,
1450 2221 1534 2256 Quos
1549 2225 1594 2252 ta-

893 2285 962 2306 men
986 2275 1110 2315 quidam
1131 2284 1149 2304 α
1172 2274 1277 2304 curiis.
1323 2273 1378 2303 Ita
1410 2272 1442 2303 in
1465 2271 1532 2302 fine
1562 2274 1596 2302 iu

1304 2328 1337 2353 et
1375 2324 1453 2353 ullus
1485 2323 1594 2357 Quiris

896 2377 967 2410 leto,
995 2377 1046 2414 &a
1090 2374 1179 2405 Vide
1204 2376 1213 2391 ‘
1233 2371 1454 2404 indictivum!
1512 2372 1594 2404 Qui-

897 2426 978 2457 rites
995 2429 1106 2456 autem
1123 2434 1188 2455 non
1207 2434 1227 2455 a
1244 2423 1336 2457 Cui-i,
1363 2430 1473 2462 neque
1494 2431 1512 2452 a
1538 2431 1595 2453 cu-

897 2476 953 2514 ris,
966 2474 1022 2505 sed
1047 2483 1066 2504 a
1082 2474 1229 2505 Curibus
1247 2473 1329 2504 dicti
1351 2472 1489 2511 Curiles,
1515 2472 1593 2506 Qui-

894 2526 983 2564 vites,
1007 2530 1042 2556 et
1067 2524 1145 2556 inde
1171 2525 1274 2555 etiam
1300 2523 1373 2553 Dea
1405 2522 1498 2552 Curis
1523 2522 1594 2551 sive

897 2577 1019 2615 Quiris,
1043 2581 1076 2608 et
1098 2576 1200 2616 curis,
1218 2576 1325 2613 hasta,
1342 2577 1376 2605 ut
1397 2573 1466 2611 jam
1484 2580 1595 2612 supra,

893 2628 974 2659 Dae.
