1876 3025
293 120 406 163 1126
740 133 886 164 snxri
922 133 1122 164 POMPEn
1159 131 1293 166 FEsrl

295 226 455 276 Sodos,
477 227 515 268 si
537 228 687 278 audes,
705 229 769 269 uti
792 229 870 278 sis,
888 242 963 281 pro
983 228 1018 268 εἰ
1037 227 1113 278 vis,
1135 235 1174 269 et
1195 227 1302 269 illico
1319 242 1397 282 pro
1420 230 1465 269 in
1485 228 1601 270 loco.
1663 229 1747 270 Te-

294 294 460 336 rentius
484 295 527 335 in
555 295 717 335 Andria
738 311 751 335 :
786 294 867 336 Dic
896 296 1041 345 sodes,
1073 297 1172 350 quis
1197 296 1290 337 heri
1313 295 1555 351 Chrysidem
1587 294 1748 336 habuit.

295 361 485 403 Surumd
520 364 736 413 dicebant,
770 377 828 404 ex
848 377 937 418 quo
962 379 1039 418 per
1069 364 1189 417 [107]
1218 363 1528 405 deminutionem
1565 363 1749 404 sarculus

283 429 457 485 factum
483 434 566 472 est.
624 431 805 472 Plautus
827 433 871 472 in
1243 447 1382 473 surum
1416 447 1506 473 non
1536 438 1608 473 est
1642 432 1749 472 tibi:

296 513 433 539 saram
466 497 654 539 dicebant
683 499 836 554 palum
869 501 997 542 item:
1034 514 1135 542 nam
1170 502 1275 555 quia
1311 500 1555 555 saepiebatur
1595 498 1752 540 Circus

298 567 501 618 surculis,
539 566 703 623 longam
730 567 962 624 deligebant
991 582 1146 619 sarum,
1170 573 1260 609 tum
1283 567 1498 623 poliebant
1518 567 1625 607 ascia

815 641 894 677 aut
917 637 1057 678 asulae
1436 633 1621 674 Ennius:
1651 647 1753 673 unas

298 716 418 743 sarus
441 702 732 758 surumferre,
748 709 883 743 tamen
903 702 1116 758 defendere
1136 708 1338 757 possent.

301 770 493 820 Sarmat,
524 771 707 825 sumpsit,
747 770 829 825 inq.
859 784 1034 812 manum
1068 771 1241 811 suremit
1272 770 1446 811 hastam.
1510 767 1651 809 Idem.-
1684 783 1756 810 su-

298 838 493 891 rempsit,
514 845 738 892 usurpant,
757 853 833 892 pro
849 852 1034 892 puerum
1057 838 1294 880 sustulerit.
1361 837 1534 878 Suriam

556 919 654 946 cum
687 905 826 947 dixit:
857 906 929 961 qai
964 905 1021 946 ica
1052 905 1281 960 appellatas
1318 911 1403 955 est,
1444 905 1565 959 quod
1589 917 1688 946 cum
1710 904 1753 944 in

300 971 523 1012 Academia
555 980 589 1012 et
614 972 754 1028 Lycio
774 975 1060 1016 nobilissimos
1084 974 1188 1014 inter
1207 973 1426 1023 e.zcelle1·‚et
1449 980 1540 1027 atq.
1565 974 1622 1013 ob
1655 986 1754 1013 eam

301 1054 463 1080 causam
497 1042 878 1095 prastantissimus
919 1056 1092 1096 semper
1131 1041 1293 1083 habitus
1314 1041 1497 1096 sitisset:
1555 1041 1755 1090 instituit,

300 1122 397 1149 cum
419 1107 712 1162 disputaretur,
742 1116 787 1150 at
801 1111 972 1164 primus
1001 1117 1242 1152 sumeretur
1261 1110 1306 1158 is,
1330 1110 1401 1165 qai
1422 1116 1519 1150 esset
1540 1109 1640 1162 ipso
1663 1109 1756 1162 dig-

300 1176 419 1217 nior:
444 1175 546 1216 unde
665 1207 675 1217 .
794 1208 803 1217 .
921 1210 931 1220 .
1062 1177 1217 1233 Σκύριον
1239 1178 1301 1217 καὶ
1325 1176 1445 1218 οὐκέτι
1471 1175 1617 1234 Σύριον,
1637 1176 1757 1216 illam

299 1243 551 1285 nominavit:
575 1246 695 1299 quod
718 1246 756 1286 si
779 1246 965 1287 monitus
987 1253 1098 1297 esset,
1121 1246 1408 1301 disputantem
1439 1259 1525 1287 non
1547 1258 1758 1299 nunqnam

300 1310 512 1366 reffellebat
531 1313 787 1355 Socratem:
811 1327 922 1368 quas
1588 1313 1760 1367 conjece-

301 1384 367 1420 rat
387 1380 429 1419 in
450 1380 604 1422 librum
628 1395 653 1420 a
683 1395 721 1421 se
744 1382 953 1436 scriptam,
985 1396 1100 1437 quem
1134 1381 1419 1435 inscripserat
1450 1381 1680 1435 Scyrinm‚⁰
1711 1379 1759 1419 ob

301 1462 404 1496 eam,
425 1449 536 1501 cujas
564 1450 704 1502 gratia
726 1450 771 1490 id
795 1448 1089 1503 appellaverat
1111 1463 1221 1504 opas.
1266 1450 1501 1490 Summnssi
1517 1447 1529 1470 ¹*
1547 1449 1760 1489 diceban-

298 1520 366 1556 tur
387 1523 723 1557 murmuratores.
787 1518 993 1567 NaeviUS,
1016 1518 1104 1568 odi,
1130 1518 1271 1571 inquit
1296 1517 1558 1566 Summassos,
1576 1516 1758 1570 proinde

300 1589 452 1637 aperte
475 1584 573 1626 dice
592 1584 692 1639 quid
710 1585 777 1636 sit,
799 1585 909 1640 quod
928 1586 1056 1626 times.
1118 1585 1287 1626 Ennius
1306 1587 1346 1627 in
1369 1591 1498 1626 sexto
1518 1583 1759 1624 Annalium.

306 1649 492 1694 Quintus
528 1654 570 1693 in
607 1654 785 1695 occulto
820 1653 1067 1695 mussabat.-
1101 1660 1138 1694 et
1174 1653 1326 1694 Accius
1351 1654 1396 1694 in
1423 1651 1759 1694 Andromacha:

301 1718 388 1760 dice
405 1719 502 1774 jam
523 1727 654 1761 mater
683 1735 764 1762 non
795 1728 888 1764 est:
921 1735 1021 1763 nam
1038 1727 1067 1751 ¹⁵
1103 1735 1304 1764 mussare
1337 1722 1440 1762 sine.
1505 1719 1695 1761 Caecilius
1717 1719 1760 1760 in

914 1831 1153 1843 eeeeeeeeeeee

357 1886 393 1915 15
419 1883 442 1915 f.
459 1885 540 1923 jam.

970 1941 1109 1973 NOTAE

349 2014 362 2033 ¹¹
387 2013 517 2053 Surum]
540 2013 628 2044 Vide
651 2024 754 2055 supra
782 2016 814 2046 in
840 2017 848 2033 ‘
864 2016 1002 2048 Crebri-
1098 2015 1110 2035 f
1133 2016 1324 2056 Summussi]
1350 2015 1486 2045 Servius
1511 2014 1543 2044 in
1560 2012 1761 2053 fragmentis

307 2063 408 2094 suro!

1061 2066 1150 2107 apud
1181 2077 1233 2096 me
1257 2065 1352 2096 addit
1375 2064 1474 2095 Ennii
1499 2063 1692 2102 exemplum
1719 2072 1761 2093 cx

345 2119 357 2133 θ
382 2113 542 2154 Scyrium]
567 2115 737 2147 Quantum
768 2116 802 2146 in
835 2117 883 2146 his
910 2121 1005 2147 tene-

305 2164 375 2195 bris
394 2164 508 2194 videre
525 2174 709 2205 possumus,
721 2166 843 2205 agebat
860 2167 912 2197 hic
931 2167 1008 2197 Fes-

307 2215 415 2246 tusde
432 2216 632 2256 philosopho
649 2216 808 2257 quodam,
836 2217 892 2258 qui
921 2218 1008 2248 nati-

303 2276 367 2297 one
384 2267 490 2306 Syrns
513 2276 589 2297 cnm
613 2272 717 2306 esset,
740 2277 782 2298 ne
807 2277 848 2298 eo
875 2268 1008 2299 nomine

306 2316 394 2347 male
407 2316 553 2351 audiret,
569 2322 605 2347 nt
621 2316 710 2357 Syri,
726 2317 845 2356 Varro,
861 2318 931 2348 sive
951 2318 1006 2348 ali-

307 2376 358 2404 us,
375 2367 506 2406 Syrium
533 2366 624 2397 illum
649 2367 805 2398 dixerat:
829 2368 893 2399 huc
921 2368 1009 2398 enim

307 2417 482 2457 pertinent
506 2417 630 2448 Graeca
659 2418 763 2449 verba
793 2418 934 2459 Σκύριον,
960 2418 1010 2449 καὶ

303 2467 360 2498 οὐκ
384 2466 430 2498 ἔτι
449 2467 567 2507 Σύριον.
614 2468 669 2498 De
691 2477 731 2498 eo
747 2475 861 2500 autem
878 2479 1013 2510 compo·

309 2520 411 2549 situm
441 2518 562 2549 librum
578 2527 616 2549 ea
633 2517 675 2549 de
692 2528 796 2549 causa
818 2518 947 2558 Σκύριον
963 2520 1010 2550 in-

309 2570 473 2609 scriptum
488 2578 574 2600 esse.
620 2569 849 2600 Quaerendum
866 2571 1011 2611 philoso-

312 2620 368 2660 phi
385 2630 516 2660 nornen,
535 2621 588 2651 vel
602 2620 715 2661 potins
734 2621 883 2653 historia.

1061 2118 1082 2147 l.
1100 2126 1192 2147 xvn.
1209 2117 1240 2147 in
1257 2126 1322 2157 qno
1339 2120 1347 2132 ¹
1365 2113 1540 2152 mussare‚’
1558 2123 1617 2154 pro
1645 2119 1762 2144 tacere

1062 2168 1210 2208 positum
1228 2167 1291 2197 sit:
1317 2170 1325 2183 ¹
1341 2167 1417 2197 Non
1444 2170 1585 2205 possunt
1611 2173 1762 2195 mussare

1064 2218 1154 2256 boni,
1182 2217 1238 2258 qui
1259 2217 1352 2248 facta
1376 2216 1492 2247 labore
1510 2215 1593 2247 Nixi
1611 2215 1763 2245 militiam

1063 2278 1230 2310 peperere
1245 2267 1266 2299 ε’
1283 2269 1363 2299 item
1378 2278 1438 2308 pro
1453 2267 1608 2297 dubitare
1624 2276 1631 2296 :
1646 2270 1653 2283 ‘
1671 2266 1762 2296 Mus-

1063 2325 1117 2351 sat
1140 2330 1198 2350 rex
1227 2320 1298 2360 ipse
1330 2319 1482 2357 Latinus,
1508 2318 1602 2350 Quos
1620 2326 1763 2357 generos

1065 2370 1186 2402 vocet.'
1211 2371 1290 2401 item
1310 2379 1370 2410 pro
1387 2377 1597 2400 murmurare
1611 2367 1711 2398 inlib.
1730 2374 1764 2398 X.

1065 2427 1072 2439 ¹
1088 2422 1275 2463 Spectabat
1301 2422 1462 2452 virtutem
1501 2419 1656 2458 legionis,
1694 2417 1764 2447 sive

1064 2479 1224 2514 spectans
1257 2473 1283 2503 si
1321 2477 1500 2508 mussaret,
1538 2478 1611 2509 qnae
1649 2466 1764 2507 deniq.

1064 2533 1165 2555 cansa
1191 2521 1365 2563 pugnandi
1382 2521 1492 2557 tieret,
1508 2524 1565 2549 ant
1583 2517 1655 2548 duri
1673 2517 1765 2547 labo-

1065 2573 1130 2604 ris!
1173 2573 1240 2603 Sed
1271 2571 1369 2603 Ennii
1396 2580 1510 2601 versus
1543 2578 1608 2600 non
1643 2571 1764 2598 vacant

1065 2623 1197 2654 mendo.
