1876 3025
210 181 293 223 645

213 285 484 335 Proculiunt,
508 284 779 338 promittunt.

655 188 801 220 SEXTi
836 187 1037 219 POMPEH
1072 188 1209 218 FESTI

1479 284 1655 338 [Prion

213 353 466 396 ProculumS
486 353 597 393 inter
617 353 877 405 cognomina
897 365 994 393 eum
1017 351 1180 401 dicunt,
1203 350 1277 405 qui
1299 353 1424 392 natus
1447 356 1514 391 est
1533 356 1656 404 patre

268 421 564 475 peregrinante
585 433 612 461 a
633 421 777 473 patria
796 420 961 474 procul.
1013 419 1232 460 Proculos
1251 423 1367 467 sunt,
1387 420 1461 472 qui
1481 418 1659 459 credant

271 490 373 530 ideo
397 489 555 538 dictos,
577 488 683 541 quia
702 489 902 541 patribus
924 487 1116 537 senibus,
1135 487 1262 540 quasi
1283 486 1439 541 procul
1459 499 1658 540 progres-

272 559 333 598 sis
354 560 498 605 aetate,
521 557 613 597 nati
636 560 751 598 sunt.

216 625 427 666 Procumt
448 625 682 678 patricium
704 625 746 665 in
762 623 1058 676 descriptione
1076 625 1197 673 (ceas
1211 623 1250 662 si
1271 635 1461 675 unquam
1492 621 1658 675 [FEST.

270 693 372 734 fecit
394 693 487 733 Ser.
509 693 700 742 Tullius,
730 692 948 744 significat:
977 705 1205 745 procerum
1228 692 1258 731 ii
1281 690 1396 731 enim
1418 694 1522 729 sunt
1543 689 1659 742 priu-

271 761 421 815 cipes:
453 774 553 801 nam
586 762 706 814 proci
737 761 951 810 dicuntur,
983 761 1057 814 qui
1085 764 1275 813 poscunt
1291 759 1481 812 aliquam
1501 758 1545 797 in
1569 769 1660 797 ma-

271 829 533 879 trimonium,
571 828 726 870 Graece
758 830 985 883 μνηστῆρεςῑ
1018 834 1084 870 est
1104 829 1219 869 enim
1241 840 1437 881 procare,
1459 838 1659 879 poscere,

273 902 322 937 ut
350 910 449 937 cum
479 897 638 937 dicitur
671 897 714 936 in
744 897 895 950 judice
925 896 1216 938 collocandou
1247 896 1286 936 si
1319 895 1453 935 alium
1483 905 1660 946 procaS,

271 965 371 1006 nive
389 978 483 1006 eum
507 977 666 1019 procas
687 978 695 1005 :
727 965 810 1006 hoc
841 969 918 1015 est,
949 966 1126 1018 poscis:
1159 964 1273 1005 unde
1293 963 1537 1004 meretrices
1561 973 1660 1015 pro—

274 1045 416 1073 CilCssS.

218 1100 514 1152 Prodegeris,X
559 1102 898 1155 consumpseris,
948 1100 1223 1154 prodideris‚⁵
1276 1103 1321 1140 ut
1363 1097 1574 1139 Caecilius
1616 1097 1660 1136 iu

275 1166 472 1221 Hymni⁶
495 1168 548 1209 de
568 1169 797 1223 prodigere
819 1175 906 1220 est,
925 1183 1021 1211 cum
1043 1169 1146 1209 nihil
1168 1169 1352 1217 habeas,
1368 1172 1407 1207 te
1430 1165 1659 1206 inridier-:7

821 1322 1056 1336 oteeoaeeeoaeeae

261 1433 278 1460 5
305 1430 500 1470 Legendum
517 1437 630 1463 monet
648 1433 997 1474 Damperdiderim——G
1021 1433 1082 1464 Ed.
1098 1433 1184 1464 Scal.
1203 1433 1235 1463 in
1254 1432 1372 1473 Hymni
1384 1430 1555 1471 prodigere.
1601 1428 1662 1458 Vir

219 1472 309 1504 doct.
326 1473 359 1504 in
376 1483 481 1514 marg.
499 1475 649 1515 ejusdem
667 1476 721 1508 ed.
738 1477 827 1517 conj.
849 1477 1079 1518 Hymnide—7
1108 1478 1190 1507 Dae.
1207 1475 1343 1516 legend.
1357 1479 1468 1505 mouet
1486 1471 1662 1503 inriderier.

870 1618 1010 1650 NOTAE

261 1705 271 1719 ⁸
297 1701 476 1741 Proculum]
501 1702 659 1743 Proprie,
672 1705 728 1745 qui
742 1705 913 1745 poe'tis‘rn-

223 1749 368 1789 ,λυγέτης-
384 1752 452 1781 Jos.
469 1751 551 1783 Scal.

262 1802 443 1842 Proculum]
470 1803 498 1833 A
534 1806 651 1844 procul,
684 1807 839 1846 proculus,
877 1812 914 1838 ut

221 1853 362 1890 Graecis,
376 1862 395 1883 a
409 1854 499 1892 τῆλε,
517 1856 644 1893 procul,
658 1855 843 1896 τηλύγετος,
857 1867 913 1888 cu-

216 1904 270 1944 jus
293 1904 395 1933 etiam
423 1903 592 1943 duplicem
615 1907 784 1937 notionem
811 1908 914 1938 tradit

222 1954 374 1984 Eustatii.
397 1954 584 1993 τηλύγετος,
603 1957 673 1986 παῖς
686 1957 701 1986 ὁ
718 1956 849 1988 ὕστατος
866 1958 917 1988 καὶ

221 2003 320 2044 πόῤῥω
334 2004 390 2041 τῆς
404 2003 524 2041 ἡλικίας
538 2005 676 2043 ’γενηθεὶς
687 2008 753 2038 τοῖς
764 2009 915 2038 τοκεῦσιν.

223 2055 242 2092 ἢ
257 2056 335 2092 τῆλε
348 2055 411 2086 ὄντι
426 2056 470 2094 τῷ
484 2056 576 2096 πατρὶ
589 2057 738 2095 Ὑενηθείς.
785 2058 825 2089 Id
842 2064 894 2089 est
909 2070 915 2087 z

221 2108 230 2122 ‘
247 2105 339 2136 Puer
369 2106 502 2136 ultimus
529 2112 564 2137 et
592 2108 787 2147 parentibus
813 2114 917 2140 aetate

224 2155 394 2196 provectis
419 2160 528 2195 natus,
549 2158 599 2187 vel
626 2159 742 2198 procul
769 2159 915 2200 peregri-

224 2207 315 2237 nanti
335 2208 422 2246 patri
440 2207 558 2238 natus.'
582 2209 665 2240 Dae.

267 2259 275 2276 ῑ
299 2258 447 2298 Prot-um]
473 2258 616 2289 Plautus
634 2259 797 2291 Poenuio:
823 2261 832 2278 ‘
850 2261 918 2292 Ne-

225 2307 403 2348 quicquam
420 2308 478 2338 hos
494 2318 613 2347 procos
632 2310 707 2340 mihi
727 2310 838 2351 elegi,’
855 2312 917 2342 hoc

225 2363 290 2395 est,
308 2367 477 2397 proceres,
494 2357 658 2398 εἶρωνικῶς.
673 2361 745 2392 Jos.
762 2361 848 2392 Scai.

267 2408 400 2439 Procum
435 2409 618 2449 patricium]
659 2411 759 2450 Lege,
790 2415 826 2442 ut
858 2412 915 2443 viri

226 2458 343 2496 Docti,
368 2459 401 2488 in
427 2459 626 2498 descriptione
658 2462 801 2492 classium
826 2473 916 2502 quam.

215 2508 297 2545 fecit
327 2508 397 2539 Ser.
420 2509 538 2540 Tullius
566 2511 725 2552 significat
745 2522 916 2552 procerum.

227 2559 359 2589 Procum
371 2558 547 2598 patricium,
565 2569 625 2599 pro
641 2563 650 2577 ‘
666 2571 842 2601 procorum
861 2572 917 2602 pa-

228 2608 424 2639 triviorum?
470 2609 517 2640 Ut
544 2613 552 2627 ‘
569 2610 723 2641 fabrum'
754 2622 813 2652 pro
842 2614 850 2629 ‘
869 2612 918 2643 fa-

228 2659 384 2690 brorum!
429 2660 599 2692 Procorum
623 2667 736 2693 autem
764 2673 823 2703 pro
848 2674 919 2704 pro-

227 2719 338 2739 cerum.
383 2710 474 2741 Hinc
491 2711 731 2752 intelligendus
748 2714 839 2745 locus
863 2715 918 2745 ine

229 2758 398 2790 Ciceronis
429 2760 470 2791 de
502 2762 650 2793 Oratore
685 2763 727 2794 ad
754 2764 918 2796 Brutum:

968 1707 977 1723 ‘
992 1706 1082 1745 Jam,
1094 1710 1130 1736 ut
1145 1705 1313 1737 Censoriae
1332 1704 1452 1735 tabniae
1470 1704 1664 1743 loquuntur,

967 1755 1099 1787 fabrum
1117 1762 1151 1787 et
1174 1765 1309 1796 procum
1326 1754 1434 1785 audeo
1456 1754 1582 1787 dicere,
1596 1763 1662 1783 uon

967 1806 1137 1837 fabrorum
1177 1811 1212 1837 et
1251 1803 1449 1846 procorum.'
1494 1803 1541 1833 Ea
1580 1812 1663 1833 voce

969 1866 1045 1886 usus
1072 1860 1123 1886 est
1148 1856 1248 1886 etiam
1276 1855 1418 1885 Piantus
1445 1853 1477 1883 in
1501 1852 1664 1883 Poenulo:

969 1908 977 1924 ‘
996 1908 1228 1948 Nequicqunm
1247 1907 1304 1935 iios
1322 1913 1442 1945 procos
1460 1903 1537 1934 mihi
1555 1902 1666 1942 elegi.'

971 1957 1095 1991 Procos,
1114 1957 1225 1991 idest,
1240 1965 1399 1994 proceres:
1424 1954 1570 1984 Ironice.
1610 1954 1664 1984 De

969 2007 1069 2047 procis
1085 2012 1119 2037 et
1133 2016 1272 2046 procare,
1290 2005 1367 2035 vide
1384 2006 1393 2020 ‘
1409 2003 1565 2044 precari!
1582 2004 1665 2034 Duc.

1014 2062 1027 2077 ¹¹
1052 2058 1205 2096 Injwiice
1219 2055 1408 2095 collocando]
1433 2055 1522 2085 Hinc
1544 2054 1665 2085 inteili-

973 2109 1101 2149 geudus
1118 2109 1150 2139 S.
1167 2107 1370 2146 Gregorius:
1396 2107 1404 2122 ‘
1425 2115 1601 2146 possumus
1619 2105 1666 2135 rei

972 2162 1159 2200 inexperrae
1178 2159 1342 2189 arbitrum
1359 2156 1552 2188 collocare.’
1569 2157 1668 2187 Idem.

1014 2216 1028 2230 x
1064 2209 1265 2250 Prodegeris]
1312 2209 1420 2248 Lege:
1469 2208 1668 2247 prodegeris,

971 2261 1204 2300 consumpseris,
1250 2259 1435 2300 perdideris.
1495 2258 1668 2296 Prodigere

973 2317 1036 2350 est,
1053 2321 1153 2351 porro
1177 2319 1291 2349 agere,
1311 2309 1343 2339 id
1369 2314 1433 2348 est,
1455 2318 1667 2342 consumere,

974 2362 1115 2403 perdere
1133 2372 1139 2391 :
1165 2362 1241 2391 inde
1253 2360 1412 2400 prodigus,
1426 2364 1461 2388 ut
1476 2358 1560 2388 iufra
1573 2360 1581 2375 ‘
1596 2367 1669 2397 pro-

970 2412 1080 2453 diguae
1104 2411 1244 2449 hostioe,’
1263 2421 1335 2450 quae
1362 2415 1443 2440 totae
1466 2418 1666 2439 consumun—

971 2468 1037 2495 tur.
1083 2463 1127 2493 Et
1148 2461 1309 2502 prodigus,
1331 2460 1492 2490 bonorum
1512 2469 1668 2490 consum-

972 2518 1035 2545 tor.
1079 2513 1191 2543 Plaut.
1209 2511 1322 2542 ΑιιΙιιΙ.
1342 2519 1381 2541 ιι.
1398 2513 1429 2541 S.
1455 2510 1463 2525 ‘
1484 2510 1587 2540 Festo
1611 2509 1666 2541 dio

973 2564 1000 2594 si
1017 2563 1096 2604 quid
1115 2561 1324 2602 prodegeris,
1340 2559 1496 2592 Profesto
1513 2570 1614 2601 egere
1629 2561 1668 2591 li-

976 2619 1064 2652 ceat,
1093 2613 1153 2642 nisi
1193 2610 1410 2651 peperceris?
1455 2611 1484 2641 A
1509 2611 1671 2651 prodigus,

973 2664 1149 2704 prodigiam
1168 2663 1273 2693 Lucil.
1290 2668 1324 2693 et
1348 2662 1546 2701 prodigentia
1561 2662 1670 2692 Tacit.

975 2714 1070 2745 Infra
1087 2715 1119 2745 in
1135 2723 1234 2744 versu
1250 2713 1380 2744 Caecilii
1397 2713 1573 2754 legendum
1590 2712 1668 2742 inri-

974 2765 1085 2796 derier.
1103 2763 1209 2795 Idem.
