1876 3025
693 132 1060 163 FRAGMENTUM.
1492 126 1603 169 1063

144 239 264 268 mare
285 239 401 267 nunc
423 225 654 278 signifieat,
675 231 719 267 et
734 241 834 268 cum
852 228 1166 282 praepositione
1186 229 1431 282 implorare,
1450 229 1493 270 id
1512 237 1596 282 est,

142 290 376 336 invocare:
413 299 456 335 et
477 294 595 348 apud
619 295 821 348 antiquos
844 296 972 349 plane
995 296 1235 338 inclamare
1255 311 1264 335 :
1294 297 1338 337 in
1362 298 1481 350 regis
1505 298 1597 339 Ro-

140 362 264 411 muli,
286 366 327 402 et
347 362 469 402 Tatii
488 362 685 414 legibus:
708 363 746 402 si
764 375 899 403 nurus
918 376 1048 405 sacra
1064 365 1181 406 divis
1199 369 1430 419 parentum
1452 366 1595 405 estod.

140 428 186 468 in
217 429 309 470 Ser.
339 428 472 478 Tulli,
509 429 604 471 haec
634 434 717 479 est,
750 431 787 470 si
820 435 1050 484 parentum
1071 446 1180 486 puer
1199 433 1410 483 verberit,
1433 433 1596 474 astolle

139 497 366 549 plorassit,
387 496 586 551 (pareri.)
607 510 714 551 puer
735 498 850 539 divis
873 505 1103 552 parentum
1136 513 1264 541 sacer
1292 505 1425 541 θεῒο.7
1447 500 1492 541 id
1515 506 1597 552 est,

138 564 355 615 clamarit,
373 565 451 606 dix
569 595 579 605 .
696 596 706 606 .
822 566 1012 609 Pedulla
1028 583 1127 622 quae
1142 569 1333 609 dicimus
1348 581 1433 609 nea
1451 567 1466 590 ⁸

266 633 454 675 Graecos
476 634 698 688 appellare
719 635 1001 676 manifestum
1019 640 1097 677 est.
1160 636 1326 678 Pacem
1347 649 1374 677 a
1390 637 1595 689 pactione

136 700 434 742 conditionum
466 706 593 755 putat
615 702 779 743 dictam
803 702 987 743 Sinnius
1010 703 1189 758 Capito,
1211 718 1313 759 quae
1334 705 1465 759 utriq.
1488 705 1596 746 inter

136 782 184 809 se
224 769 393 823 populo
423 770 481 810 sit
513 770 798 811 observanda.
858 770 1043 820 Penem,
1073 772 1238 825 antiqui
1272 771 1430 812 codam
1463 785 1594 813 voca-

134 837 254 885 bant,
277 850 303 877 a
325 850 412 891 qua
436 837 703 890 antiquitate
725 837 862 878 etiam
879 852 995 879 nunc
1014 838 1102 879 offa
1119 840 1300 892 porcina
1317 853 1421 880 cum
1445 840 1594 881 cauda

134 904 180 944 in
202 906 323 945 cenis
343 905 497 958 puris?
519 905 606 946 offa.
619 907 771 959 penita
790 910 976 948 vocatur
994 921 1002 946 ε
1021 913 1065 948 et
1087 908 1294 960 peniculi,
1311 909 1410 962 quis
1430 909 1595 950 calcia-

133 976 275 1013 menta
296 976 532 1025 terguntur,
565 973 684 1026 quod
716 987 739 1014 e
769 975 893 1015 codis
919 976 1126 1016 extremis
1159 976 1380 1016 faciebant
1409 977 1590 1034 antiqui,

133 1040 227 1093 qui,
249 1045 445 1094 tergent9
460 1054 539 1083 ea:
562 1042 730 1083 dictum
753 1048 822 1083 est
842 1043 1039 1093 forsitan,
1064 1057 1090 1084 a
1111 1044 1359 1097 pendendo.
1404 1044 1590 1086 Naevius

131 1108 174 1148 in
195 1108 481 1150 Tunicularia
498 1115 546 1150 :¹0
567 1109 845 1150 Theodotum
862 1111 1119 1164 compellas,
1137 1112 1211 1164 qui
1226 1125 1326 1153 aras
1345 1113 1590 1166 compitali-

130 1176 215 1217 bus
238 1177 400 1218 sedens
422 1178 465 1218 in
488 1178 616 1228 cella,
640 1179 975 1219 circumtectuas
998 1180 1214 1231 tegetibus
1238 1179 1377 1220 Lares
1399 1180 1589 1221 ludentis

128 1244 230 1297 peni
250 1245 396 1298 pinxit
417 1245 593 1295 bubulo,
626 1245 844 1298 significat
862 1246 1072 1298 peniculo
1093 1247 1261 1298 grandi,
1284 1247 1329 1287 id
1355 1252 1437 1297 est,
1459 1247 1588 1289 coda.

129 1311 347 1366 Proprius
370 1313 546 1353 sobrino
565 1313 672 1352 mihi
687 1316 754 1352 cst
776 1313 1027 1353 consobrini
1049 1314 1133 1354 mei
1147 1314 1279 1364 filius,
1295 1319 1339 1355 et
1354 1316 1585 1356 consobri-

126 1392 195 1421 nae
209 1392 319 1421 meae
343 1379 486 1430 filia,¹¹
505 1385 547 1421 et
567 1380 710 1434 patris
726 1380 811 1420 mei
827 1381 1187 1432 consobrinus,et
1199 1383 1351 1423 matris
1369 1384 1460 1437 [41]
1474 1397 1587 1425 meae

127 1448 434 1489 consobrinus.
507 1448 750 1489 Possessio
768 1454 782 1469 Ζ
818 1453 900 1499 est,
937 1453 984 1489 ut
1024 1449 1174 1490 definit
1213 1449 1373 1491 Gallus
1417 1451 1584 1502 AElius,

126 1529 232 1557 usus
255 1516 433 1570 quidam
458 1518 565 1569 agri,
587 1522 666 1557 aut
703 1516 882 1566 aedifici,
919 1529 1006 1556 non
1037 1517 1133 1571 ipse
1154 1517 1330 1567 fundus,
1353 1523 1433 1559 aut
1454 1531 1554 1571 ager
1573 1533 1583 1560 ε

123 1597 208 1624 non
228 1585 343 1625 enim
365 1585 594 1638 possessio
621 1589 690 1625 est
711 1596 740 1624 A
758 1588 789 1607 ¹²
823 1585 914 1624 reb.
937 1598 1038 1638 quae
1060 1585 1178 1638 tangi
1200 1591 1393 1639 possunt

123 1653 199 1705 qui
222 1652 344 1699 dicit,
366 1667 413 1694 se
435 1653 679 1706 possidere,
709 1652 780 1693 his
800 1658 828 1682 ¹³
862 1666 961 1694 vere
997 1658 1142 1707 potest
1163 1653 1336 1696 dicere:
1369 1655 1518 1709 itaque
1539 1657 1583 1697 in

119 1720 329 1773 legitimis
350 1722 604 1763 actionibus
637 1734 765 1761 nemo
798 1734 855 1762 ex
884 1721 952 1762 his
984 1723 1057 1776 qui
1086 1723 1421 1776 possessionem
1454 1737 1581 1765 suam

121 1801 280 1829 vocare
303 1790 452 1839 audet,
476 1790 553 1830 sed
577 1790 632 1830 ad
653 1789 938 1831 interdictum
973 1791 1105 1841 venit,
1129 1794 1177 1831 ut
1200 1791 1374 1832 Praetor
1395 1792 1463 1832 his
1485 1805 1582 1833 ver-

121 1856 190 1897 bis
226 1862 385 1899 utatur.
446 1858 523 1899 Uti
551 1871 664 1898 nuno
698 1857 958 1911 possidetis,
1000 1872 1099 1899 eum
1142 1858 1324 1900 fundum
1363 1858 1420 1909 Q.
1445 1859 1502 1899 D.
1522 1859 1579 1900 A.

731 1978 970 1990 eeeeeeeeeee

159 2062 400 2140 'qzt‘tesilodae—l}J
420 2065 445 2139 t}
461 2077 526 2115 nos,
542 2077 577 2098 ea
593 2068 783 2099 πέδιλα.-9
809 2069 832 2100 f.
849 2072 1048 2109 te7·get.—-10
1073 2068 1097 2099 f.
1118 2068 1416 2100 Cunicularia.-—-ll
1437 2068 1461 2099 f·
1475 2069 1578 2110 filius.

122 2125 162 2129 —-
187 2114 194 2122 ·
246 2129 253 2136 .
290 2119 351 2139 e.—-
384 2125 402 2140 0
445 2131 452 2139 .
470 2120 504 2141 ts.

776 2210 915 2241 NOTAE

116 2288 357 2313 PUGNANDOD.
382 2286 474 2313 totus
503 2288 614 2314 autem
641 2284 694 2316 liic
720 2285 815 2316 locus
870 2289 979 2324 ceret,
997 2283 1130 2325 quando
1152 2284 1225 2324 jam
1251 2288 1394 2324 propter
1417 2293 1573 2324 parasce-

114 2332 162 2362 ita
186 2331 370 2371 legendus:
395 2332 435 2362 In
451 2333 535 2371 regis
554 2334 688 2371 Romuli,
706 2339 735 2366 et
755 2336 813 2366 Ta·
869 2345 946 2374 ven,
963 2345 1063 2376 quam
1087 2345 1215 2366 coenam
1242 2345 1360 2375 puram
1378 2335 1492 2367 Jndaei
1511 2336 1573 2366 La-

116 2382 153 2411 tii
169 2381 288 2420 leg-ibus
299 2392 308 2410 :
334 2380 388 2411 Sei
401 2386 560 2421 parentem
573 2394 650 2423 puer
664 2385 812 2425 verberit,
869 2386 939 2416 tine
957 2386 1112 2416 usitatius
1130 2385 1218 2426 apud
1235 2395 1294 2417 nos
1309 2391 1444 2426 vocant,
1458 2384 1571 2417 facere

113 2436 162 2463 ast
193 2433 238 2462 oie
260 2432 404 2471 plorasz‘t,
437 2443 514 2472 puer
540 2435 623 2465 divis
649 2440 813 2475 parentum
869 2437 937 2466 tale
954 2435 1079 2476 aliquid
1097 2445 1162 2467 non
1181 2435 1333 2467 licebat.'

113 2493 198 2515 sacer
208 2484 303 2513 estod.
331 2482 478 2523 Reliqua
493 2484 649 2516 videntur
660 2487 811 2526 adJeeta.
908 2490 921 2505 ²
938 2486 1102 2522 Possessio,
1116 2487 1186 2527 Qun]
1208 2486 1390 2517 Petronius
1410 2485 1570 2518 Arbiter:

155 2538 169 2560 ἵ
194 2533 307 2573 Puris]
329 2533 478 2565 Glossar.
498 2534 506 2550 ‘
521 2534 625 2566 Coena
643 2545 740 2576 pura,
755 2549 812 2567 πα-
868 2537 877 2553 ‘
892 2537 939 2567 Ut
970 2537 996 2567 si
1026 2537 1131 2568 nollet
1161 2537 1306 2568 alienam
1338 2547 1405 2568 rem
1435 2537 1570 2569 domino

112 2583 260 2624 ρασκευὴ,
285 2581 530 2623 προσάββατον.’
574 2584 755 2626 Angustia.
780 2588 811 2619 in
868 2586 1022 2627 reddere,
1049 2587 1089 2618 ad
1116 2587 1337 2620 interdictum
1367 2589 1524 2621 veniret.'
1548 2589 1569 2620 i.

112 2635 214 2666 Joan.
248 2634 256 2649 ‘
273 2634 532 2671 Accelerata111,’
569 2636 688 2677 inquit,
714 2637 723 2653 ⁶
740 2639 812 2669 vult
868 2637 992 2678 adjus,
1012 2635 1052 2668 ad
1067 2638 1267 2670 Praetorem.

113 2684 258 2726 intelligi
276 2685 497 2726 sepulturam,
526 2695 566 2717 ne
590 2687 810 2729 advesperas-
