1876 3025
290 165 402 206 1170
734 175 880 206 sexu
922 175 1124 205 POMPEH
1163 177 1300 207 ens'rx

292 270 331 310 si
351 270 458 311 facti
476 275 508 300 ¹4
530 275 633 311 sunt
653 282 710 310 ex
733 282 857 310 carne
877 269 1084 310 divendita
1100 271 1254 325 populo
1286 276 1503 313 taurorum
1534 275 1735 315 immola-

289 342 458 378 torum:
492 338 548 378 ob
571 336 641 376 lzoc
672 335 759 376 ludi
786 336 932 377 Taurii
966 339 1183 391 appellati
1214 344 1327 387 sunt,
1355 344 1397 380 et
1429 339 1534 380 fiunt
1560 340 1600 380 in
1632 341 1735 380 circo

296 403 511 454 Flaminio,
532 419 579 444 ne
599 406 711 445 intra
730 417 879 445 muros
902 411 1142 446 evocentur
1167 406 1241 446 Dii
1266 405 1412 461 Inferi.
1459 406 1541 447 Sed
1563 406 1734 448 Taurios

288 472 418 513 ludos
441 472 579 512 Varro
602 471 665 512 ait
687 472 851 522 vocari,
874 475 993 526 quod
1031 472 1085 512 eis
1108 472 1214 512 ludis
1239 472 1461 527 discipulus
1493 475 1688 528 pendens
1710 487 1736 515 a

289 539 465 580 doctore
487 539 530 578 in
554 538 680 579 crudo
710 539 816 579 corio
849 528 961 579 tauri
993 541 1149 581 solitus
1179 541 1238 582 sit
1258 541 1442 595 impelli,
1466 546 1555 595 atq.
1575 555 1672 597 usq.
1694 556 1737 582 eo

288 605 391 646 inibi
410 606 498 660 cogi
519 607 691 652 docere,
723 607 873 661 quoad
904 609 1178 659 consisteret,
1207 615 1245 648 ec
1264 608 1348 649 sola
1370 609 1526 650 virtute
1547 610 1738 650 talorum

289 678 502 713 constaret
526 673 685 726 pedum
686 673 886 727 firmitas.
952 673 1244 716 Talassionem
1267 677 1310 717 in
1327 676 1492 730 nuptiis
1514 676 1656 717 Varro
1677 677 1739 718 ait

287 739 419 779 sinam
441 754 518 780 esse
539 740 700 781 lanifici
721 739 898 795 τάλαρον,
921 742 965 782 id
988 746 1070 793 est,
1095 744 1348 797 quasillum,
1366 744 1427 784 ita
1444 743 1548 784 enim
1564 744 1736 785 solitum

289 808 509 861 appellari
549 809 879 851 Talassionem:
932 816 976 850 at
1017 810 1180 865 quidam
1226 811 1501 852 historiarum
1540 812 1738 860 scribtor,

287 877 539 917 Talassium
563 876 626 916 ait
647 875 804 916 nomine
827 879 979 928 virum,
1001 883 1128 931 rapta
1150 879 1315 931 virgine
1335 878 1482 919 unicae
1504 876 1740 931 palchritu-

288 943 418 992 dinis,
452 943 570 996 quod
610 943 651 983 ei
682 944 729 984 id
764 945 1010 998 conjugium
1052 947 1180 987 fuerit
1220 945 1335 996 felix,
1368 945 1461 986 boni
1498 946 1688 986 nominis
1708 950 1739 974 ¹⁵

289 1011 431 1063 gratia
461 1023 575 1051 nunc
606 1010 902 1063 redintegrari.
964 1011 1085 1065 [159]
1122 1011 1394 1053 Tribaniciad
1426 1011 1637 1066 rogatione
1664 1010 1740 1052 lex

289 1078 470 1119 Curiata
491 1078 641 1128 fertur,
670 1092 759 1132 quo
785 1079 1006 1120 Hannibal
1024 1094 1131 1120 amzo
1153 1080 1197 1120 in
1218 1087 1426 1134 conspectu
1458 1080 1616 1120 Romae
1641 1093 1739 1120 cum

289 1150 419 1192 esset,
453 1159 533 1186 nec
566 1159 623 1186 ex
656 1147 871 1199 praesidiis
900 1147 1100 1188 discedere
1131 1147 1279 1198 liceret,
1314 1147 1370 1199 Q.
1394 1147 1563 1188 Fabius
1589 1146 1741 1187 Maxi-

288 1228 386 1256 mus
419 1214 682 1263 Verrucosus,
717 1213 760 1254 id
783 1229 857 1268 per
883 1213 974 1255 TR.
1002 1214 1101 1256 PL.
1124 1223 1162 1256 et
1193 1214 1436 1257 Marcellus
1469 1228 1560 1256 cos.
1594 1216 1740 1256 facere

288 1281 572 1330 instituerant,
597 1288 640 1321 at
660 1283 821 1323 notavit
844 1283 991 1324 AElius
1023 1285 1066 1324 in
1103 1295 1199 1324 XII.
1232 1283 1578 1337 significatioman
1600 1281 1740 1322 verbo-

289 1364 393 1391 ram.
450 1347 696 1389 Trisulcum
718 1350 858 1402 fulgur
879 1350 957 1391 fuit
979 1350 1031 1390 ab
1059 1352 1237 1405 antiquis
1259 1349 1426 1399 dictum,
1456 1351 1559 1404 quia
1580 1350 1640 1399 id,
1663 1354 1738 1391 aut

290 1416 491 1465 incendit,
516 1422 588 1455 aut
611 1415 739 1469 afflat,
772 1423 846 1456 aut
877 1419 1074 1459 terebrat.
1134 1419 1402 1472 Togatarum
1422 1417 1570 1471 duplex
1586 1431 1739 1471 genus:

282 1490 592 1537 praeexcaranss
623 1482 845 1524 hominum
868 1484 1070 1537 fastigio3
1103 1499 1202 1539 quae
1230 1486 1284 1525 sic
1312 1484 1587 1539 appellantur,
1620 1483 1740 1537 quod

289 1553 403 1604 togis
444 1551 680 1603 praetextis
711 1564 842 1605 remp.
878 1552 1188 1594 administrent:
1242 1553 1595 1600 tabernariarum,
1635 1551 1740 1604 quia

289 1617 479 1659 hominib.
514 1618 820 1659 excellentibus
848 1620 980 1660 etiam
1005 1620 1190 1660 humiles
1206 1620 1415 1673 permixti,
1447 1626 1492 1659 at
1524 1624 1616 1658 sant
1644 1618 1741 1671 pla-

291 1686 429 1738 giarii,
451 1685 562 1726 servi
597 1684 743 1738 deniq.
768 1690 812 1727 et
833 1700 1022 1739 caaponae
1044 1701 1091 1726 ea:
1113 1686 1303 1728 tabernis
1325 1687 1505 1728 honeste
1528 1685 1740 1740 prodeant

897 1818 1134 1831 eeeeeeeeeeee

334 1907 371 1936 14
394 1903 418 1934 f.
433 1904 521 1941 setus
536 1905 743 1942 affecta—15
773 1904 797 1935 f.
822 1907 942 1939 ominis.

948 1997 1086 2028 NOTAE

332 2056 345 2075 ‘¹
371 2056 565 2096 Tribunicia]
597 2059 667 2088 Lex
697 2058 834 2089 Curiata
861 2059 900 2088 de
929 2059 988 2089 im-

290 2105 384 2145 perio
407 2107 544 2136 militari
564 2108 786 2147 magistratib.
805 2109 991 2148 designatis

1043 2060 1295 2099 magistratibus
1320 2056 1509 2089 mandando
1525 2057 1615 2086 metu
1632 2051 1738 2083 immi-

1042 2112 1153 2141 nentis
1169 2110 1345 2141 Annibalis
1374 2117 1439 2138 uon
1467 2108 1638 2146 poterant,
1663 2111 1738 2140 ege-

291 2156 482 2187 mandando
508 2156 685 2188 ferebatur
706 2159 748 2189 ab
774 2170 826 2199 eo,
853 2160 908 2200 qui
933 2169 988 2190 eos

290 2207 505 2246 magistratus
536 2208 760 2247 designasset.
815 2210 989 2241 Quantum

289 2262 401 2287 autem
427 2268 468 2288 ex
492 2258 541 2288 bis
562 2259 711 2299 reliquiis
728 2259 879 2290 divinare
896 2261 988 2298 licet,

291 2307 427 2338 videtur
453 2308 543 2339 Festi
570 2309 740 2339 sententia
765 2310 841 2340 talis
862 2308 987 2341 fuisse:

292 2359 389 2388 Bello
412 2358 544 2388 Punico
567 2358 715 2389 secundo
735 2368 808 2389 cum
828 2359 989 2399 Annibal,

292 2409 333 2439 ad
359 2409 472 2439 urbem
500 2409 679 2445 accedens,
707 2415 814 2449 portae
840 2410 988 2450 Capenae

292 2458 615 2499 appropinquasset,
647 2464 682 2489 et
712 2460 806 2499 quasi
838 2460 870 2490 in
910 2470 988 2491 con·

291 2515 411 2549 spectu
431 2511 545 2540 Romae
559 2511 630 2550 jam
647 2515 747 2546 esset,
764 2517 797 2542 et
815 2511 857 2542 ob
875 2511 908 2542 id
923 2522 987 2543 non

291 2560 409 2590 liceret
424 2561 679 2600 magistratibus
692 2570 731 2591 ex
746 2562 911 2601 praesidiis
923 2562 988 2592 dis-

290 2610 426 2645 cedere,
449 2611 491 2643 Q-
510 2611 645 2650 Fabius,
672 2617 707 2643 et
732 2612 780 2643 M.
803 2613 988 2643 Marcellus

292 2669 378 2690 coss.
400 2660 478 2699 quia
501 2661 562 2700 ipsi
588 2661 629 2691 ad
655 2662 780 2692 Urbem
799 2662 928 2702 venire,
953 2667 989 2693 et

292 2710 452 2750 populum
485 2720 604 2750 rogare
638 2711 678 2742 de
720 2712 860 2751 imperio
893 2712 987 2743 novis

1042 2164 1119 2190 runt
1146 2160 1178 2190 id
1206 2169 1265 2199 per
1286 2159 1451 2189 Tribunos
1469 2155 1589 2196 plebis,
1606 2158 1674 2193 atq.
1692 2151 1740 2181 ita

1044 2209 1240 2239 Tribunicia
1258 2207 1550 2248 rogationelegem
1565 2202 1739 2234 Curiatam

1043 2261 1143 2290 latam
1158 2259 1280 2290 fuisse:
1300 2268 1374 2299 quae
1393 2257 1501 2297 potius
1516 2256 1569 2285 lex
1585 2252 1740 2286 Tributa,

1044 2310 1107 2347 vel,
1125 2316 1159 2340 ut
1178 2310 1287 2340 verius
1304 2310 1426 2345 dican),
1447 2304 1666 2336 Plebiscitum
1682 2311 1739 2340 ap-

1043 2360 1161 2400 pellari
1179 2360 1361 2390 debuisset.
1380 2359 1472 2388 loeus
1489 2364 1568 2385 saue
1583 2350 1739 2392 difficilis,

1043 2415 1077 2440 et
1094 2411 1250 2440 mutilato
1274 2407 1460 2448 exemplari
1478 2406 1650 2436 obscuruS.
1696 2402 1739 2433 Q.

1043 2460 1164 2490 Fabius
1177 2466 1210 2490 et
1225 2461 1273 2490 M.
1292 2458 1478 2489 Marcellus
1492 2464 1576 2486 coss.
1593 2452 1739 2484 eduntur

1043 2519 1129 2541 anno
1161 2513 1235 2540 539.
1296 2509 1399 2539 AElius
1429 2507 1548 2537 Gallus
1584 2504 1616 2534 in
1647 2502 1739 2533 libris

1042 2559 1334 2599 Significationum
1365 2557 1554 2595 verborum,
1585 2562 1657 2594 quae
1694 2551 1736 2582 ad

1036 2611 1092 2650 jus
1110 2610 1291 2649 pertinent,
1308 2609 1432 2641 citatur
1449 2615 1551 2647 supra
1566 2604 1600 2635 in
1616 2606 1624 2621 ‘
1636 2602 1737 2634 Post-

1042 2660 1227 2691 liminium?
