1876 3025
268 142 351 183 794
529 150 665 181 FESTI
700 149 762 180 DE
797 149 942 180 VERE.
976 146 1154 180 SicNm.
1190 149 1282 179 Lm.
1315 149 1421 180 ΧΠ,

271 247 459 290 Rutrum
480 244 676 296 dictum,f
695 244 813 299 quod
835 257 888 285 eo
910 255 1042 285 arena
1063 244 1240 284 eruitur.

270 314 458 355 Rutrum
486 313 673 356 tenentis
689 318 705 341 g
734 312 916 366 juvenis
939 314 1004 352 est
1024 310 1187 364 effigies
1219 312 1266 352 in
1290 310 1517 365 Capitolio
1546 310 1706 365 [Fsssv

324 382 483 436 ephebi
513 395 634 423 more
664 380 926 422 Graecorum
957 379 1163 419 harenam
1197 380 1355 420 ruentis
1380 379 1709 420 exercitationis

324 449 463 502 gratia
484 463 494 490 ε
526 448 646 502 quod
668 447 840 499 signum
873 445 1114 498 Pompeius
1139 445 1398 499 Bithynicus
1427 458 1483 487 ex
1504 446 1710 500 Bithynia

324 515 644 570 suppellectilis
662 514 789 567 regiae
814 512 1006 554 Romam
1025 512 1287 566 deportavit.

914 643 1056 676 NOTAE

306 733 317 753 f
340 729 621 770 Rutrnmdictam]
642 729 699 761 Sic
716 729 817 760 Varr.
832 729 960 760 lib.1v.
1012 728 1125 768 πάνην,
1151 728 1161 747 ‘
1180 728 1265 760 abiit
1296 733 1426 760 rutrum
1457 728 1597 760 tenens.'
1643 728 1709 759 Ubi

264 785 305 815 de
325 784 362 815 L.
378 784 414 814 L.
432 784 441 799 ‘
460 785 602 821 rutrum,
619 785 657 811 ut
674 779 812 819 ruitum,
829 789 848 810 a
861 789 959 810 ruen-
1014 779 1125 811 Schol.
1141 778 1316 818 σκαπάναν,
1332 779 1426 818 ἤγρυν
1438 778 1597 815 δίκελλαν,
1610 777 1629 815 ἢ
1641 784 1709 809 λισε

263 834 330 866 do!
374 834 420 864 Et
441 832 529 862 male
547 830 609 861 viri
626 830 719 861 docti
743 834 866 861 rutrum
883 840 958 861 cum
1012 827 1130 869 Ὑάριον,
1148 829 1168 866 ἢ
1182 828 1326 868 σκαφίον,
1341 828 1358 858 ὃ
1373 828 1402 859 οἱ
1412 827 1547 859 Ἀττικοὶ
1562 827 1642 866 ἄμην
1656 827 1710 859 λέ-

260 887 363 915 rnstro
376 880 598 914 confundunt.
635 879 724 911 Inud
740 888 759 910 a
773 881 901 921 ruendo,
917 881 959 911 is-
1011 890 1132 918 νουσιν.
1144 879 1174 910 οἱ
1185 878 1244 919 γὰρ
1254 878 1429 918 ’γυμνασταὶ
1440 877 1562 910 τούτοις
1573 880 1710 918 ἐχρῶντο

264 934 323 965 tud
341 944 359 964 a
374 932 521 963 radendo.
543 930 652 961 Idem.
1013 928 1087 969 ὑπὲρ
1099 929 1283 968 γυμνασίας,
1295 930 1339 970 τῇ
1353 928 1494 971 σκαποίνῃ
1517 928 1709 961 σκάπτοντες

305 989 320 1010 ἕ
346 983 481 1014 Rutrum
520 979 668 1020 tenentis]
712 979 828 1012 Graeci
864 978 959 1020 pueri
1013 979 1064 1011 καὶ
1077 979 1119 1011 τὰ
1130 979 1190 1011 ἄνω
1204 979 1280 1020 μέρη
1292 980 1545 1019 ἆναῤῥωννύντες.
1561 981 1582 1011 ἰ.
1608 981 1617 997 ⁶
1630 981 1708 1012 Sca-

261 1033 467 1073 ἐφηβεύοντες
490 1033 553 1063 hoc
577 1030 740 1062 exercitio
764 1030 958 1062 utebantur.
1013 1039 1101 1071 pane
1113 1030 1193 1070 ligo,
1205 1031 1273 1061 sive
1290 1030 1554 1070 lisgarium,sive
1568 1036 1710 1070 rutrum,

263 1087 332 1116 Jos.
348 1084 434 1115 Scul.
1013 1080 1102 1122 quod
1119 1080 1227 1111 Attici
1244 1090 1341 1111 amen
1358 1080 1487 1112 dicunt.
1534 1080 1596 1111 His
1620 1081 1707 1111 enim

308 1135 442 1165 Rutrum
457 1133 603 1173 tenentis]
625 1130 739 1163 Graeci
764 1130 859 1170 pueri
883 1131 958 1169 ἐφη·
1012 1130 1195 1161 utebantur
1218 1130 1370 1161 Athletae
1389 1140 1448 1170 pro
1472 1130 1636 1161 exercitio
1652 1140 1708 1161 ru-

263 1184 408 1219 βεύοντες
450 1184 513 1213 hoc
555 1181 718 1212 exercitio
762 1180 957 1212 utebantur.
1012 1185 1065 1211 tro
1092 1179 1261 1212 fodientes
1288 1180 1329 1212 ad
1354 1179 1554 1212 firmandum
1586 1180 1707 1221 robur‚'

263 1234 434 1265 Theocrit.
457 1233 498 1264 de
523 1233 648 1263 athleta
664 1230 760 1271 ᾤχετ’
782 1231 863 1270 ἔχων
881 1241 956 1262 σκα-
1012 1233 1073 1263 &c-
1091 1231 1172 1263 Duc.
