1876 3025
191 1866 233 1897 iis
250 1866 378 1897 factum
396 1870 458 1898 est.

345 152 407 181 DE
440 149 712 181 VERBORUM
746 147 1153 179 SIGNIFlCATIONE
1186 148 1281 179 [ΑΒ.
1312 148 1417 178 xlv.
1517 138 1604 180 667

221 261 309 287 cum
331 245 437 287 locus
456 246 508 286 sit
528 245 600 301 qui
611 243 744 299 finem
773 241 931 284 Urbani
951 241 1124 296 auspicii
1145 240 1303 297 faciat,
1325 242 1436 282 intra
1458 256 1604 297 agrum

223 313 390 369 effatum
423 313 539 355 certis
576 310 772 368 regionib.
809 309 1046 352 terminatus
1080 309 1135 350 ad
1173 309 1377 365 captanda
1409 310 1605 364 auspicia,

223 396 338 438 quem
371 381 485 423 liceat
509 380 711 438 proferre,
734 394 845 421 nemo
877 386 1010 420 tamen
1046 377 1309 428 Aventinum,
1331 392 1421 418 cuni
1456 391 1607 432 poma:-

224 449 331 489 rium
342 449 520 504 protulit
540 449 652 490 intra
672 448 831 490 moenia
852 446 1028 498 inclusit,
1048 447 1162 502 cujus
1193 446 1253 488 rei
1282 460 1402 487 causa
1422 444 1495 486 illa
1510 460 1610 499 pro-

227 516 363 569 batur,
384 516 493 573 quod
508 516 670 559 Remus
691 516 734 557 in
755 530 799 557 eo
820 514 1106 570 auspicaverit,
1128 528 1297 570 avesque
1317 513 1460 554 irritas
1480 511 1610 553 habu·

228 585 305 625 erit
326 600 338 625 .·
367 585 413 626 in
436 584 627 641 sequenti
645 591 781 625 autem
811 590 926 625 cetate
950 582 1148 624 inclusum
1167 582 1300 624 aiunt.
1360 580 1612 622 Pomoerz'um

229 654 268 694 si
287 657 440 695 tactum
461 668 484 694 a
509 652 689 708 privatis
696 651 865 709 fuisset,
882 665 1004 706 poena
1025 656 1182 691 statuta
1203 656 1306 690 erat.
1364 648 1613 690 Pontificale

224 721 463 775 pomaerium
489 720 753 776 appellabant
776 719 905 760 locum
927 719 1042 759 illum
1064 731 1294 772 agrumque
1310 732 1415 772 pone
1436 731 1613 766 murum,

232 789 275 829 in
295 803 372 844 quo
387 788 598 842 pontifices
626 802 703 830 sua
723 789 1028 829 constituerent
1048 785 1220 841 hospitia
1237 802 1249 825 .-
1279 799 1368 825 cum
1389 791 1525 825 autem
1540 798 1614 837 po-

229 856 411 897 maeriurn
425 855 705 912 proferretur,
726 860 815 897 tum
837 868 1011 910 augures
1026 852 1210 909 publicos
1230 852 1283 894 P.
1306 852 1363 894 R.
1385 850 1464 892 haec
1494 850 1616 892 verba

227 924 380 979 praeire
397 925 578 967 solitos:
602 923 682 965 Dii
701 923 894 965 tutelares
921 921 1042 964 Urbis
1056 921 1298 977 pomaerium
1314 919 1385 961 hoc
1397 934 1446 960 ne
1458 920 1615 968 minus,

232 993 433 1047 majusve
448 991 633 1051 faxitis.-
663 992 733 1034 sed
760 992 810 1033 iis
839 991 949 1048 quib.
969 991 1230 1032 terminatum
1250 1004 1269 1030 e
1291 988 1536 1044 regionibus
1559 987 1619 1029 ef·

235 1060 429 1101 fereatis.
449 1059 601 1101 dietum
623 1067 759 1102 aulem
788 1059 949 1101 videtur
973 1058 1213 1114 pomoerium
1232 1058 1370 1099 veluti
1391 1061 1494 1111 post
1512 1069 1620 1097 111oe-

237 1142 315 1178 ros,
335 1127 380 1167 id
399 1135 468 1179 est,
490 1128 600 1184 quod
619 1136 715 1170 esset
737 1135 845 1170 retro
867 1134 904 1169 et
924 1128 1034 1170 intro
1056 1140 1205 1168 muros
1226 1126 1376 1167 Urbis.

181 1195 414 1242 Prosita‚¹b
443 1198 687 1252 proposita.
1444 1192 1623 1247 [PAUL-

182 1265 434 1319 Prosperae
465 1270 677 1321 quaenam2
708 1265 871 1306 nomina
904 1264 1155 1320 usurpabant
1180 1262 1354 1319 antiqui,
1377 1261 1418 1301 inv
1459 1259 1516 1315 [F
1525 1270 1625 1301 EST.

239 1333 278 1374 E
298 1333 530 1384 declinata,
562 1339 607 1373 ut
631 1332 856 1388 pra’fiscine
877 1339 1053 1373 extrema
1069 1330 1283 1386 producta
1311 1330 1495 1385 syllaba,
1516 1325 1626 1368 vide-

237 1399 327 1441 licet
357 1407 403 1441 ut
433 1408 684 1442 occurrerent
701 1400 885 1457 fascino,
911 1406 963 1442 ut
995 1402 1059 1442 ait
1080 1401 1132 1442 L.
1156 1398 1339 1450 Cincius,
1369 1395 1479 1454 quod
1507 1395 1627 1436 etiam

226 1468 329 1522 fieri
349 1470 548 1510 consuevit
570 1469 612 1510 in
631 1470 811 1512 familiae
828 1469 1054 1525 purganda
1073 1483 1200 1511 sacro.
1232 1498 1242 1510 .

790 1591 1024 1603 eeeeeeeeeeee

229 1673 244 1701 1
270 1670 352 1702 Dae.
368 1670 534 1712 scriptum
548 1670 654 1703 fuisse
670 1674 770 1713 putat
784 1670 974 1701 Posita.—2
999 1669 1063 1701 Ed.
1081 1669 1171 1701 Scal.
1188 1670 1338 1709 quaedam.

842 1788 980 1821 NOTAE

503 1866 626 1907 Neque
638 1865 726 1896 enim
740 1864 885 1905 spatium
939 1862 1013 1895 licis
1040 1863 1156 1894 lustris
1190 1862 1293 1894 etiam
1323 1860 1457 1893 nomina
1481 1859 1635 1892 victimas

189 1916 285 1952 illud,
310 1917 401 1958 quod
424 1921 503 1948 ante
527 1926 640 1948 muros
664 1915 742 1954 fuit,
779 1914 886 1955 magis

188 1968 356 2008 pomerium
371 1968 436 1999 dici
452 1968 571 2008 possit,
594 1977 693 2008 quam
715 1966 887 1997 exercitus

193 2025 271 2060 post
287 2030 398 2051 muros
428 2020 560 2056 sedere,
576 2021 632 2060 qui
660 2023 738 2050 ante
765 2019 888 2050 moenia

192 2075 463 2103 castrametatus
480 2076 545 2102 est.
569 2071 651 2102 Duc.

235 2121 249 2142 '³
273 2122 415 2162 Prosita]
443 2121 535 2152 Nihil
564 2122 618 2152 hic
646 2120 768 2152 video:
804 2124 888 2161 puto

194 2173 359 2214 scriptum
374 2171 477 2203 fuisse
492 2173 614 2204 Posita.
641 2172 650 2188 ‘
666 2170 812 2203 Ponere’
829 2179 889 2211 pro

193 2225 203 2242 ‘
215 2223 428 2265 proponere!
471 2224 517 2255 Et
534 2224 582 2254 ita
600 2227 662 2254 est.
688 2223 787 2253 Idem.

237 2281 251 2296 ⁰
275 2274 445 2315 Prospera]
463 2274 693 2315 Interpretem
710 2271 892 2303 desiderat.

195 2325 272 2357 Ant.
290 2325 375 2365 Aug.

241 2377 410 2417 Prospera]
448 2376 606 2407 Fortasse
633 2374 780 2413 dicebat,
817 2382 891 2414 pro-

201 2435 299 2466 spera
320 2425 475 2467 quaedam
504 2435 563 2457 nos
592 2433 753 2465 usurpare
783 2424 894 2455 solere

202 2477 337 2507 nomina
351 2477 564 2517 praefiscinae,
581 2475 670 2517 quod
688 2475 895 2507 declinatum

202 2527 246 2557 sit
260 2532 412 2559 extrema
435 2528 603 2568 producta
628 2526 770 2568 syllaba,
786 2530 824 2557 ut
840 2535 897 2557 oc·

203 2586 376 2608 curramus
401 2577 542 2618 fascino,
558 2583 594 2609 ut
612 2578 658 2608 ait
687 2578 724 2608 L.
747 2576 898 2615 Cincius,

204 2627 294 2669 quod
324 2626 422 2658 fieret
450 2629 551 2659 etiam
584 2628 617 2658 in
653 2626 792 2658 familiae
821 2636 899 2667 pur·

207 2678 324 2720 gandae
335 2687 439 2709 sacro.
463 2678 526 2709 His
536 2688 601 2709 non
616 2677 782 2709 absimilia
793 2677 900 2717 scrip-

205 2731 286 2762 sisse
303 2729 383 2761 milii
397 2728 532 2761 videtur
548 2729 697 2761 Plinius:
721 2729 730 2746 ‘
744 2738 803 2761 cur
815 2727 900 2770 pub·

941 1913 1138 1944 ducentium
1161 1921 1326 1953 prospera
1341 1911 1503 1952 legimus?
1528 1920 1586 1941 cui·
1603 1915 1638 1941 et

939 1963 1222 1995 fascinationibus
1252 1962 1451 1994 adoratione
1476 1961 1639 2002 peculiari

941 2015 1168 2046 occurrimus?
1184 2014 1329 2046 Titinius
1345 2013 1484 2044 Setina:
1505 2013 1514 2028 ‘
1530 2011 1638 2043 Paula

942 2075 1029 2105 mea,
1045 2065 1175 2104 amabo,
1191 2065 1352 2105 pollulam
1374 2063 1509 2094 laudem
1526 2062 1640 2093 addito

944 2115 1155 2147 Praefiseini.’
1200 2115 1371 2147 Charisius
1397 2114 1515 2145 subdit
1539 2114 1642 2144 inter-

947 2167 1196 2208 pretationem:
1221 2166 1230 2182 ‘
1244 2175 1286 2197 ne
1304 2165 1416 2206 puella
1433 2162 1644 2195 fascinetur.'

947 2218 1128 2260 Proefiscz'nz'
1144 2227 1226 2258 ergo
1253 2216 1377 2258 aliquid
1392 2215 1465 2246 fieri
1494 2219 1553 2246 aut
1575 2214 1644 2245 dici

947 2274 1032 2305 erat,
1051 2279 1126 2300 cum
1142 2268 1247 2308 facto,
1263 2272 1322 2299 aut
1337 2267 1429 2298 dicto
1445 2266 1568 2307 aliquo,
1579 2265 1644 2296 fas-

949 2324 1025 2355 cino
1051 2321 1310 2354 occurrebatur.
1354 2318 1415 2350 Ait
1438 2318 1646 2350 declinatum

949 2374 982 2405 in
997 2383 1012 2404 e
1029 2373 1219 2413 producta:
1254 2370 1333 2412 quia
1348 2368 1514 2407 nonnulli,
1533 2374 1569 2399 ut
1586 2378 1646 2409 pu-

950 2429 998 2463 to,
1011 2422 1251 2454 existimabant
1273 2430 1348 2452 esse
1369 2418 1517 2451 vocativi
1537 2428 1646 2453 casus,

950 2478 989 2504 ut
1004 2483 1107 2514 supra
1122 2477 1130 2491 ⁸
1145 2469 1307 2504 Numere'
1323 2470 1452 2502 dictum
1469 2474 1522 2500 est
1539 2479 1557 2500 a
1576 2468 1646 2510 qui-

949 2524 1088 2556 busdam
1113 2522 1238 2563 corripi
1264 2521 1298 2552 in
1315 2520 1433 2552 ultima
1455 2519 1595 2561 syllaba,
1614 2522 1650 2549 et

952 2575 1094 2606 vocandi
1110 2584 1190 2605 casu
1201 2573 1342 2604 dictum.
1389 2570 1520 2602 Gellius
1536 2577 1578 2599 ex
1592 2577 1648 2599 ve-

953 2626 1019 2658 teri
1039 2624 1159 2657 codice
1186 2623 1244 2654 lib.
1268 2632 1306 2655 x.
1331 2631 1408 2662 cap.
1433 2623 1485 2651 24.
1508 2620 1650 2660 loquens

952 2677 994 2708 de
1011 2674 1209 2717 Diequinti:
1234 2678 1242 2691 ‘
1255 2674 1449 2704 Extremam
1483 2669 1576 2702 istius
1594 2679 1651 2701 vo-

954 2727 1002 2759 cis
1028 2724 1194 2767 syllabam
1221 2728 1291 2755 tum
1318 2730 1377 2763 per
1394 2729 1425 2761 e,
1443 2723 1513 2752 tum
1542 2729 1603 2762 per
1628 2720 1652 2757 i,
