1876 3025
206 174 291 216 (552

210 280 468 328 Profanum,
493 277 612 332 quod
635 290 719 317 non
740 279 808 316 est
839 275 1038 315 fanum.¹³

647 179 799 212 SEXTI
834 174 1040 209 POMPEH
1075 175 1211 206 FESTI

1099 271 1313 311 Plautus:
1347 269 1426 311 Sa·
1470 268 1560 323 [ΡΛ
1570 279 1597 308 U
1608 280 1650 309 L.

267 361 403 396 crum,
434 360 489 387 an
513 346 742 399 profanum
760 343 942 389 habeas,
967 338 1314 392 parvipenditur.

214 415 446 456 Porriciam
460 412 472 436 f
485 428 564 467 pro
582 427 704 467 porro
719 411 885 466 jaciam,
906 406 1075 447 maxime
1092 405 1139 445 de
1155 405 1254 446 extis
1270 403 1455 445 dicebant
1486 403 1652 456 [FES‘P.

815 541 930 554 tttttt

257 640 296 668 13
318 636 396 668 Vet.
413 634 470 667 lib.
488 633 633 673 fandum.

936 539 1050 552 eeeeee

860 740 891 772 N
898 737 1004 772 OTAE

216 837 365 871 tractum
383 832 491 862 hiatus
505 830 593 862 enim
607 829 661 871 qui
676 832 751 869 post
763 837 911 869 progene-

215 894 285 914 rum
300 886 466 923 apparent
481 882 543 912 buc
569 880 797 921 pertinebant.
844 879 910 909 Lo-

215 943 289 964 cum
307 932 373 963 adi.
420 932 591 969 Proscmum
605 930 741 971 proprie
755 934 804 960 est
821 926 910 969 quod

216 994 258 1015 ex
290 983 445 1024 religioso
482 986 518 1013 et
547 991 643 1012 sacro
679 981 711 1011 in
743 980 910 1010 hominum

215 1044 311 1064 usum
349 1042 546 1064 conversum
576 1036 637 1062 est.
693 1030 831 1061 Servius
870 1028 910 1059 ad

216 1084 296 1114 illud
310 1093 379 1115 ΧΗ.
395 1083 468 1115 AEn.
491 1083 499 1099 ‘
516 1083 609 1115 Quos
622 1087 740 1112 contra
754 1078 911 1110 AEneadae

217 1136 307 1166 bello
324 1134 437 1166 fecere
455 1133 636 1174 profanos:
682 1134 690 1149 ‘
706 1131 912 1169 Profauum,’

218 1186 338 1227 inquit,
377 1190 385 1204 ‘
400 1184 536 1226 proprie
569 1183 706 1222 dicitur,
743 1182 831 1223 quod
870 1191 913 1212 ex

218 1236 375 1277 reiigiosa
402 1245 437 1266 re
460 1235 493 1265 in
521 1234 690 1265 hominum
716 1243 812 1264 usum
836 1242 913 1264 con-

221 1286 387 1317 vertitur]
431 1287 497 1317 Et:
537 1291 592 1316 ‘at
622 1292 741 1326 postea
770 1284 915 1316 dicendo

221 1336 309 1367 bello
333 1335 446 1367 fecere
472 1335 643 1376 profanos,
667 1335 782 1366 docuit
805 1333 915 1375 profa-

221 1397 298 1417 num
317 1397 390 1418 esse
414 1387 502 1427 quod
530 1396 548 1417 a
572 1386 734 1426 religione
762 1386 794 1416 in
820 1395 915 1416 usum

221 1439 390 1469 hominum
423 1437 580 1468 transiit:
615 1447 711 1467 sacro
739 1436 916 1476 profanum

222 1489 439 1529 contrarium,
457 1494 492 1519 ut
511 1488 598 1519 festo
623 1486 824 1528 profestum,
841 1485 917 1517 fano

221 1539 400 1571 nefastum.
436 1541 536 1580 Ergo,
551 1549 616 1570 nou
635 1549 744 1577 omne,
760 1538 850 1580 quod
868 1549 918 1569 sa-

223 1601 318 1622 crum
336 1601 400 1621 uon
418 1591 473 1630 sit,
490 1589 677 1631 profanum,
690 1590 746 1620 sed
765 1589 853 1630 quod
868 1599 919 1620 sa-

223 1652 316 1674 crum
334 1642 438 1673 fuerit
454 1647 488 1673 et
505 1639 668 1674 desienitss
693 1643 822 1674 Verum
838 1640 920 1672 illud

224 1703 290 1724 non
308 1703 441 1733 semper
459 1704 476 1724 a
494 1693 673 1724 Veteribus
691 1693 920 1726 observatum,

225 1744 282 1784 qui
298 1754 388 1784 saepe
403 1743 566 1783 profanum
583 1744 700 1774 dixere
717 1744 759 1774 de
775 1753 815 1774 eo
833 1742 920 1783 quod

226 1803 394 1834 nunqnam
411 1803 542 1824 sacrum
561 1793 684 1824 fuerat.
709 1793 790 1824 Dae.

270 1843 283 1863 f
312 1844 503 1883 Porricz'um]
553 1844 654 1875 Hunc
686 1845 780 1875 Festi
810 1845 921 1875 locum

228 1894 325 1926 nemo
363 1895 460 1924 homo
498 1895 677 1933 intelligat,
714 1894 771 1934 qui
810 1899 922 1924 tamen

228 1946 323 1976 unius
360 1945 504 1975 literulae
538 1944 770 1975 immutatione
808 1944 924 1983 planus

228 1996 298 2026 fiet.
344 1996 456 2034 Lego:
489 1997 596 2024 contra
616 1993 650 2024 id
677 1994 866 2024 consumitur
892 1993 925 2023 in

227 2056 314 2077 sacro
330 2046 408 2085 quod
426 2048 470 2075 est
483 2044 694 2084 profanatum.
732 2044 778 2074 At
801 2043 927 2074 Verrius

228 2097 332 2127 eodem
357 2096 433 2126 libro
457 2097 494 2126 (Ie
516 2095 744 2136 significatione
768 2094 927 2125 verborum

230 2147 309 2187 (sint
325 2146 408 2176 dicta
425 2146 517 2176 libere.
539 2146 566 2176 si
588 2156 655 2185 quae
670 2149 777 2176 contra
802 2143 927 2184 dinero)

230 2196 454 2236 arbitrabatur,
480 2198 532 2235 &a
580 2196 667 2226 Illud
685 2206 768 2233 nam,
790 2195 876 2236 quod
895 2196 926 2225 in

232 2248 364 2278 schedis
380 2248 424 2278 ita
439 2252 593 2287 apparet,
606 2257 656 2284 mr,
670 2257 688 2277 a
700 2256 780 2277 voce
794 2246 927 2276 arbitra-

231 2297 321 2328 batur
337 2301 448 2328 uatum
474 2304 569 2337 puto,
587 2297 800 2337 reduplicata
822 2296 926 2337 priori

231 2348 358 2388 syllaba
380 2358 416 2378 ar
434 2348 656 2379 arbitrabatur.
704 2348 819 2378 Primo
845 2347 926 2388 quid

233 2399 277 2429 sit
307 2398 461 2438 porricere
486 2399 624 2438 exponit
657 2399 789 2430 Festus.
838 2398 926 2429 Item

233 2449 314 2490 quid
341 2449 596 2487 intelligendum
619 2450 674 2487 sit,
699 2459 774 2480 eum
799 2449 926 2480 dicitur

233 2500 266 2530 id
284 2500 433 2531 consumi
451 2500 484 2530 in
507 2510 604 2531 sacro
632 2500 719 2541 quod
745 2504 795 2530 est
816 2498 928 2540 profa-

233 2555 360 2581 natum.
408 2550 541 2581 Deinde
566 2550 720 2581 Verrium
747 2550 927 2590 repreben-

234 2601 298 2640 dit,
310 2601 396 2642 quod
410 2601 640 2632 arbitrabatur
653 2601 695 2631 ob
709 2610 781 2631 eam
796 2609 928 2630 causam

236 2652 361 2692 porrici
378 2657 457 2683 exta
481 2652 544 2683 aris
561 2656 596 2682 et
619 2651 742 2687 foculo,
759 2651 836 2692 quia
853 2660 929 2691 pro-

237 2701 314 2732 fana
330 2712 369 2732 ea
383 2712 527 2744 quoque,
544 2701 577 2732 id
599 2707 663 2740 est,
687 2707 725 2733 ut
751 2702 823 2742 ipse
843 2701 928 2732 Ver-

240 2752 305 2783 rius
323 2752 625 2793 interpretabatur,
640 2752 713 2784 Deo
739 2752 832 2784 dicta
852 2761 928 2783 con-

962 832 1094 856 sumere
1110 826 1183 854 erat
1195 829 1346 853 necesse.
1381 820 1426 851 Et
1443 818 1568 859 optime
1586 817 1657 858 qui-

964 875 1040 906 dem
1058 874 1178 905 Festus
1193 883 1204 911 3>
1216 881 1326 912 neque
1344 869 1446 907 euim,
1462 875 1499 899 ut
1516 869 1657 899 Verrius

964 926 1108 967 putavit,
1124 934 1199 965 quae
1225 924 1298 954 Deo
1320 920 1591 962 porriciebautur
1619 929 1659 949 ea

960 977 1103 1018 profanu,
1131 975 1201 1005 sive
1225 972 1394 1014 profanata
1419 971 1522 1009 dicta,
1550 979 1659 1010 neque

965 1038 1004 1058 ea
1028 1027 1092 1058 aris
1119 1032 1154 1057 et
1178 1024 1291 1056 foculo
1318 1026 1486 1064 porrecta,
1510 1020 1598 1062 quod
1623 1030 1663 1050 ea

965 1086 1164 1110 consumere
1180 1081 1253 1106 erat
1269 1082 1418 1106 necesse.
1464 1073 1589 1102 Verum
1615 1071 1663 1111 id,

967 1128 1055 1171 quod
1074 1129 1148 1159 Deo
1165 1125 1386 1164 offerebatur,
1401 1127 1575 1164 porrectum
1591 1121 1661 1152 dic-

964 1187 1048 1220 tum,
1067 1180 1231 1220 reliquum
1248 1187 1360 1215 omne,
1377 1176 1464 1206 uude
1487 1173 1567 1205 illud
1590 1183 1661 1213 por-

962 1236 1081 1264 rectum
1095 1232 1300 1269 detractum,
1321 1229 1488 1269 polluctum
1503 1232 1538 1258 et
1561 1225 1665 1265 profa-

965 1287 1072 1314 natum
1097 1282 1289 1321 dicebatur,
1316 1280 1392 1320 quia
1416 1287 1490 1309 cum
1515 1277 1588 1307 Deo
1614 1286 1664 1306 sa-

967 1345 1060 1366 crum
1094 1340 1129 1364 et
1158 1331 1310 1363 sanatum
1345 1330 1474 1367 fuisset,
1506 1332 1664 1368 porrecta

968 1390 1099 1416 tantum
1116 1393 1229 1414 eorum
1248 1387 1357 1421 parte,
1376 1380 1512 1421 popuIO,
1528 1382 1663 1417 specta-

970 1436 1098 1468 toribus
1116 1434 1364 1475 appouebatur,
1381 1436 1416 1462 et
1433 1430 1475 1461 ab
1490 1430 1527 1459 iis
1545 1437 1664 1459 consu-

968 1485 1238 1526 memmi-,unde
1255 1482 1342 1525 quod
1367 1493 1384 1513 e
1408 1490 1502 1512 sacro
1530 1484 1564 1510 et
1591 1478 1668 1509 reli-

970 1538 1063 1580 gioso
1080 1538 1111 1568 in
1129 1536 1298 1567 bominum
1321 1543 1415 1565 usum
1438 1530 1582 1564 cedebat
1597 1538 1667 1569 pro-

963 1589 1077 1627 fanum
1098 1592 1133 1618 et
1155 1586 1352 1627 profanatum
1374 1584 1513 1614 dictum.
1558 1580 1667 1621 quue

972 1645 1009 1671 ut
1034 1639 1154 1670 clarius
1181 1636 1252 1673 fiat,
1282 1636 1403 1666 iterum
1435 1631 1667 1664 inculcandum

972 1694 1006 1721 et
1030 1687 1254 1729 infigendum:
1284 1686 1441 1716 Pollucere
1466 1683 1553 1724 apud
1577 1686 1669 1712 vete-

974 1750 1027 1771 res
1058 1740 1226 1770 Romanos
1252 1742 1323 1767 erat
1352 1735 1474 1774 dapem
1503 1741 1671 1772 apparare

974 1802 1013 1823 ac
1030 1790 1201 1827 dedicare,
1218 1785 1401 1818 sacrificale
1424 1783 1613 1816 convivium
1638 1782 1670 1812 in

974 1844 1126 1874 Deorum
1143 1841 1317 1876 bonorem,
1342 1842 1425 1877 puta
1450 1835 1558 1869 Jovis,
1584 1834 1671 1864 Her-

975 1893 1072 1930 culis,
1088 1891 1268 1921 instruere.
1314 1889 1364 1917 Ex
1388 1897 1427 1916 eo
1449 1885 1535 1925 quod
1555 1885 1586 1914 in
1605 1884 1671 1914 Dei

976 1952 1068 1974 aram
1094 1942 1166 1982 sive
1193 1939 1340 1970 foculum
1365 1947 1404 1967 ex
1428 1935 1582 1966 sacrificii
1605 1935 1673 1965 ritu

976 1993 1166 2032 conjectum
1205 1995 1290 2024 erat,
1320 1989 1351 2018 id
1386 1987 1502 2027 porrici
1535 1986 1672 2025 proprie

977 2042 1167 2074 dicebatur.
1212 2039 1364 2071 Macwb.
1388 2039 1444 2068 lib.
1469 2046 1523 2067 111.
1548 2046 1624 2076 cap.
1641 2038 1672 2066 2.

977 2099 984 2111 ⁸
1002 2095 1051 2124 Ex
1068 2091 1247 2131 disciplina
1263 2090 1452 2128 aruspicum
1468 2086 1674 2128 porricieudi

981 2145 1116 2175 verbum
1148 2139 1418 2172 sacrificantibus
1448 2144 1497 2168 est
1524 2138 1675 2173 solenne,

978 2197 1065 2226 sicut
1082 2193 1248 2225 Veranius
1266 2202 1307 2221 ex
1336 2191 1442 2229 primo
1469 2188 1554 2218 libro
1578 2186 1674 2217 Fabii

980 2247 1127 2279 Pictoris
1177 2245 1224 2275 ita
1264 2242 1538 2273 dissertationem
1578 2237 1676 2277 hujus

982 2298 1075 2329 verbi
1093 2300 1273 2326 exsecutus
1290 2299 1361 2323 est:
1384 2293 1469 2322 Exta
1487 2291 1677 2330 porriciun-

982 2354 1030 2388 to,
1046 2347 1119 2379 Diis
1137 2346 1240 2376 danto
1264 2344 1295 2374 iu
1317 2342 1435 2373 altaria
1461 2349 1608 2377 aramve,
1625 2338 1675 2369 fo-

982 2406 1216 2433 cumve‚eave,
1230 2404 1294 2435 qno
1305 2398 1383 2424 exta
1396 2392 1465 2422 dari
1479 2389 1675 2421 debebunt!

981 2451 1169 2489 Postquam
1185 2446 1264 2476 illud
1281 2450 1474 2484 porrectum
1490 2441 1612 2477 fuerat,
1624 2450 1673 2471 re-

981 2501 1104 2540 liquum
1127 2506 1224 2528 omne
1242 2504 1370 2526 sacrum
1387 2503 1460 2524 esse
1486 2492 1676 2530 desinebat,

982 2556 1016 2581 et
1035 2549 1168 2590 proprie
1183 2549 1346 2587 polluctum
1362 2549 1390 2575 et
1412 2543 1610 2584 profanatum
1627 2542 1676 2573 di-

983 2600 1136 2636 cebatur,
1150 2598 1227 2638 quia
1245 2607 1262 2626 a
1281 2596 1404 2635 populo
1424 2600 1458 2624 et
1476 2592 1677 2633 spectatori-

984 2651 1043 2682 bus
1072 2649 1344 2680 consumebatur.
1381 2647 1493 2676 Plaut.
1527 2644 1677 2675 Rudent.

983 2712 1031 2733 sc.
1053 2702 1112 2732 ult.
1136 2702 1144 2716 ‘
1158 2704 1380 2739 spectatores,
1398 2708 1454 2728 vos
1475 2706 1608 2737 (proque
1631 2694 1672 2725 ad

984 2762 1109 2785 coenam
1128 2761 1255 2790 vocem,
1283 2750 1325 2781 Ni
1349 2749 1487 2780 daturus
1509 2747 1589 2778 nihil
1605 2747 1677 2783 sim,
