1876 3025
320 145 383 174 DE
417 140 688 174 VERBORUM
721 134 1131 170 SIGNIFICATIONE
1166 134 1262 164 LlB.
1294 133 1424 163 XVII.

1512 121 1596 163 807

206 241 347 283 salum
363 240 491 288 ciere,
506 237 592 278 hoc
612 238 697 286 est,
717 248 836 277 mare
852 245 1029 275 movere
1043 244 1054 273 ι
1068 229 1202 282 (unde
1223 227 1437 270 Ovidius:
1460 226 1600 280 Nym-

206 310 395 364 phaeque
430 306 602 347 salaces
618 303 668 359 :)2
701 318 791 358 quo
823 301 1043 345 vocabulo
1075 298 1222 354 po'etae
1259 309 1339 351 pro
1376 307 1494 349 aqua
1529 295 1599 335 usi

208 380 323 417 sunt.

382 373 635 415 Pacuvius:
669 372 788 413 Hinc
810 371 1023 413 saevitiam
1048 367 1236 409 Salaciae
1260 363 1487 417 Fugimus.

157 443 324 485 Salacia
345 441 455 483 dicta
476 448 532 482 est
554 440 662 496 quod
683 441 823 482 salum
848 439 951 489 ciet,
971 436 1163 491 antiquos
1187 439 1324 474 autem
1346 431 1406 472 ait
1439 430 1603 484 [FEST.

210 527 254 553 eo
275 511 492 553 vocabulo
512 508 661 563 poetas
689 522 768 563 pro
792 521 900 563 aqua
925 506 1011 560 ipsa
1045 517 1133 544 usos
1165 515 1256 542 esse.

1317 499 1542 540 Pacuvius
1563 498 1604 537 in

443 643 554 685 Hinc
587 643 788 685 saevitiam
816 643 1006 684 Salaciae
1035 638 1230 696 fugimus
1264 635 1412 691 letique
1448 647 1609 674 mimere

209 716 430 758 vescimur
454 712 628 763 Cereris,
643 718 763 766 post:
798 710 962 752 Condor
984 708 1171 750 thalamo
1192 719 1305 746 nemo
1336 707 1385 745 ut
1414 716 1483 744 me
1514 709 1608 743 tunc

215 782 307 824 inde
321 789 442 838 queat
464 780 660 822 abducere
680 778 922 820 mortalium
940 784 1113 833 septam
1134 775 1284 816 circum
1302 787 1437 814 moero.

159 852 357 895 Salaria&
385 850 461 892 via
493 849 651 890 Romae
685 851 751 889 est
781 846 1027 901 appellata,
1054 845 1161 899 quia
1190 855 1268 897 per
1298 854 1394 882 eam
1432 840 1611 891 [PAUL.

217 920 372 962 Sabini
394 919 460 959 sal
482 931 509 959 a
529 917 641 958 mari
663 915 932 957 deserebant.

165 986 382 1028 Salariam
404 986 517 1027 viam
541 984 713 1038 incipere
736 982 796 1023 ait
818 997 841 1022 a
871 987 1014 1036 porta,
1038 993 1138 1034 quae
1159 991 1276 1020 nunc
1299 977 1401 1019 Col·
1450 975 1614 1029 [FEST.

220 1054 305 1095 lina
334 1069 360 1094 α
395 1052 492 1094 colle
537 1050 749 1096 Quirinali
791 1050 970 1091 dicitur.

1032 1045 1199 1087 Salaria
1235 1051 1367 1085 aulem
1396 1048 1615 1097 propterea

219 1123 527 1177 appellabatur
548 1118 657 1175 quod
676 1119 938 1173 impetratum
947 1115 1087 1172 faerit
1107 1130 1118 1154 .·
1149 1118 1199 1155 ut
1220 1126 1272 1154 ea
1292 1112 1444 1153 liceret
1464 1125 1490 1150 a
1509 1109 1614 1150 mari

220 1191 261 1231 in
288 1189 459 1230 Sabinos
479 1189 612 1229 salem
635 1187 813 1241 portari.

166 1256 439 1300 Salentinosh
462 1271 489 1299 a
509 1256 603 1298 salo
621 1255 779 1296 dictos.

773 1360 908 1374 aeaeaeaeaeaeae

841 1252 1015 1301 Cretas,
1038 1256 1081 1292 et
1102 1248 1298 1303 Illyrios,
1313 1246 1388 1300 qui
1409 1258 1507 1287 cum
1531 1243 1619 1285 Lo-

915 1359 1012 1370 ιιιιι

210 1437 230 1466 2
254 1433 263 1450 ‘
276 1433 439 1474 Suspicor
477 1431 582 1462 verba
612 1429 871 1469 circumscripta
897 1426 1119 1458 semicirculis
1152 1424 1286 1464 adjecta
1320 1430 1415 1451 esse:
1451 1428 1558 1460 neque
1589 1419 1622 1449 in

168 1477 278 1509 veteri
297 1476 383 1508 libro
400 1480 452 1507 est
470 1476 533 1506 illis
551 1476 656 1511 locus,
670 1483 779 1514 neque
795 1473 866 1513 ejus
885 1471 997 1512 poetae
1014 1470 1117 1501 libros
1134 1468 1264 1499 referre
1282 1465 1367 1496 solet
1381 1462 1522 1495 Festus?
1547 1462 1626 1494 Ant.

169 1521 255 1560 Aug.
300 1520 396 1551 Idem
413 1525 555 1551 censent
570 1519 658 1550 Scal.
675 1524 709 1549 et
728 1519 812 1548 Dae.

824 1620 966 1653 NOTAE

173 1700 368 1741 Ἀμφιτρίτη,
393 1700 531 1740 Νηρη·ί’ς.’
576 1699 765 1730 Ridiculum
795 1707 874 1727 vero

174 1752 403 1782 testimonium
433 1751 572 1782 Ovidii:
597 1760 673 1780 cuni
701 1749 792 1779 salax
809 1756 876 1777 non

175 1802 220 1832 sit
246 1802 388 1832 Salacia.
433 1802 565 1832 Salacia
592 1806 685 1831 recte
716 1799 878 1839 exprimit

176 1852 319 1883 Homeri
351 1851 560 1889 Ἃλοσύδνην;
593 1852 650 1882 illa
673 1851 753 1891 παρὰ
766 1850 804 1880 τὸ
818 1850 877 1887 τὴν

178 1903 239 1934 ἅλα
255 1903 367 1940 σεύειν,
393 1905 465 1935 liaec
483 1903 637 1934 similiter
653 1912 672 1935 a
689 1903 759 1934 salo
787 1902 876 1932 cien-

179 1955 233 1986 do.
261 1955 331 1985 Jos.
350 1955 436 1986 Scal.

219 2005 374 2036 Salaciam
382 2005 524 2036 dicebant
534 2005 635 2035 Deam
644 2004 746 2044 aquoe]
764 2003 877 2033 Gloss.

125 2099 127 2101 ι
177 2055 325 2087 ‘Salacia
339 2054 688 2095 Ἀμφιτρίτη,Νηρη·ί·ς.’
711 2055 842 2086 Salacia
860 2064 879 2084 a

180 2108 252 2138 salo
265 2107 399 2146 ciendo,
415 2112 451 2138 et
466 2114 561 2138 recte
578 2106 736 2146 exprimit
754 2105 879 2136 Home-

180 2159 208 2190 ri
232 2157 438 2197 *Αλοσύδνηη
457 2168 533 2199 quae
563 2158 717 2188 similiter
740 2156 821 2197 παρὰ
843 2155 881 2186 τὸ

180 2210 238 2246 τὴν
258 2209 321 2240 ἅλα
345 2209 456 2245 σεύειν,
475 2219 494 2239 a
520 2208 763 2239 commovendo
787 2207 882 2237 mari.

184 2261 337 2292 Homero
349 2265 462 2291 autem
475 2259 675 2299 Halosydne
692 2258 788 2289 modo
803 2257 878 2288 Am·

184 2313 354 2352 pliitrites,
370 2311 421 2342 vel
444 2309 631 2341 Nereidum
658 2309 768 2348 unius,
786 2308 884 2339 modo

183 2362 335 2393 Thetidis
353 2361 528 2401 epitheton
546 2365 605 2390 est.
626 2360 707 2390 Dae.

229 2417 245 2438 g
267 2411 405 2451 Salaria]
430 2410 580 2442 Eandem
612 2411 778 2441 Collinam
810 2419 882 2439 esse

186 2462 392 2502 appellatam
418 2463 551 2497 Festus,
570 2466 606 2493 ut
629 2462 761 2501 opinor,
779 2461 883 2492 tradi-

188 2512 251 2542 dit.
268 2511 345 2542 Ant.
361 2513 444 2551 Aug.

231 2562 371 2602 Salaria]
395 2562 512 2594 Infra:
535 2563 692 2594 Salariam
711 2564 792 2594 viam
809 2564 887 2594 iuci-

187 2623 259 2654 pere
272 2614 316 2644 ait
332 2623 350 2643 α
365 2617 466 2652 porta,
481 2623 548 2653 qaoe
561 2624 640 2644 nunc
655 2614 773 2644 Collina
789 2624 808 2644 α
820 2614 890 2644 colli

194 2664 355 2700 Quirinali
372 2664 498 2694 dicitur.
545 2663 668 2694 Salaria
683 2668 784 2695 autem
800 2674 892 2704 prop—

190 2717 274 2748 terea
291 2715 514 2756 appellabatur,
529 2716 605 2754 quod
618 2714 895 2755 inzpetralwnsae-

926 1696 982 1734 rit,
999 1699 1033 1726 ut
1050 1705 1084 1725 ea
1101 1695 1207 1725 liceret
1224 1693 1255 1722 in
1273 1691 1405 1722 Sabinos
1417 1691 1511 1720 salem
1524 1691 1628 1728 porta·

926 1747 968 1778 ri.
994 1746 1068 1778 Jos.
1083 1745 1172 1776 Scal.

973 1796 1099 1827 Salaria
1120 1794 1187 1834 via]
1220 1795 1305 1826 Quae
1331 1802 1350 1823 a
1373 1795 1474 1832 porta
1499 1790 1631 1822 Collina

929 1848 1034 1878 mittit
1049 1847 1080 1877 in
1092 1846 1247 1883 Sabinos,
1260 1843 1349 1874 unde
1363 1842 1371 1858 ‘
1385 1841 1544 1873 Salariam
1557 1840 1632 1871 Col-

929 1899 1006 1929 linae
1036 1895 1166 1938 portae'
1187 1900 1285 1926 vocat
1301 1893 1409 1924 Tacit.
1454 1892 1537 1932 Ejus
1563 1900 1633 1920 me-

932 1950 1031 1981 minit
1056 1949 1128 1979 Liv.
1146 1948 1203 1978 lib.
1220 1956 1287 1977 ΠΙ.
1305 1956 1380 1986 cap.
1398 1947 1430 1976 9.
1456 1944 1464 1959 ‘
1481 1942 1571 1974 Galli
1590 1941 1630 1972 ad

934 2000 1072 2032 tertium
1114 1999 1259 2040 lapidem
1293 1996 1422 2028 Salaria
1455 1994 1510 2025 via
1541 1998 1634 2024 trans

935 2056 1073 2092 pontem
1087 2049 1230 2080 Anienis
1241 2043 1535 2078 castraliabue1·e.’
1582 2045 1633 2074 De

935 2112 975 2133 ea
1004 2102 1051 2132 sic
1075 2100 1190 2132 Strab-
1215 2099 1324 2130 lib.v.
1342 2097 1515 2137 Ἔστρωται
1541 2095 1573 2126 δὲ
1600 2094 1636 2125 δι’

936 2154 1036 2185 αὐτῶν
1051 2152 1069 2189 ἥ
1084 2164 1120 2182 τε
1135 2149 1273 2190 Σαλαρία
1288 2147 1369 2186 ὁδὸς,
1379 2148 1413 2178 οὐ
1426 2147 1531 2185 πολλὴ
1547 2144 1636 2184 οὖσα,

937 2204 978 2237 εἷς
994 2204 1031 2241 ἢν
1047 2202 1097 2234 καὶ
1119 2201 1139 2240 ἡ
1157 2198 1346 2240 Νωμεντάνη
1361 2197 1539 2237 συμπίπτει,
1557 2196 1638 2228 κατὰ

931 2256 1063 2295 ’Ήρετον
1077 2252 1134 2290 τὴς
1150 2252 1285 2287 Σαβινῆς
1297 2252 1413 2289 κώμην,
1427 2248 1499 2289 ὑπὲρ
1513 2248 1569 2278 τοῦ
1589 2251 1639 2277 Τι-

937 2308 1050 2347 βέρεως
1087 2302 1239 2343 κειμένην,
1265 2302 1324 2332 ἀπὸ
1344 2303 1401 2338 τῆς
1424 2300 1516 2337 αὐτῆς
1540 2297 1639 2335 πύλης

938 2356 1111 2398 ἀρχομένης
1136 2356 1192 2392 τῆς
1225 2354 1394 2389 Κολλινῆς.
1418 2352 1427 2367 ⁴
1445 2352 1560 2382 Strata
1590 2354 1640 2379 ent

939 2419 999 2451 pei·
1016 2418 1072 2438 eos
1087 2404 1262 2449 (Sabinos)
1279 2405 1332 2435 via
1347 2402 1480 2442 salaria,
1495 2410 1558 2432 non
1571 2401 1643 2430 lon-

940 2471 994 2502 ga,
1011 2461 1045 2491 in
1063 2468 1159 2500 quam
1176 2458 1392 2488 Nomentana
1415 2453 1536 2484 incidit
1553 2450 1641 2490 apud

942 2512 1083 2542 Eretum
1105 2508 1304 2540 Sabinorum
1332 2505 1440 2535 vicum
1466 2510 1568 2542 supra.
1589 2501 1643 2530 Ti-

941 2561 1115 2601 berim‚ab
1132 2558 1250 2590 eadem
1269 2560 1369 2598 porta
1385 2554 1550 2594 incipiens
1567 2552 1645 2582 Col·

945 2611 1039 2643 lina.⁷
1062 2612 1143 2642 Dae.

990 2660 1004 2681 *¹
1027 2659 1218 2698 Salentinos]
1246 2657 1303 2688 Ait
1327 2656 1447 2686 Festus
1473 2654 1592 2684 Cretas
1610 2657 1644 2683 et

951 2712 1100 2753 Illyrios,
1118 2710 1205 2752 quod
1224 2717 1284 2749 per
1301 2715 1391 2737 mare
1409 2709 1574 2740 errarent,
1587 2704 1645 2734 Sa-
