1876 3025
343 152 404 182 DE
438 148 712 180 VERBORUM
746 145 1151 177 SlGNlFlCATIONE
1184 146 1280 175 LlB.
1314 146 1421 176 XVI.

1508 138 1592 178 719

209 258 363 298 aquam
385 250 584 297 agantur,
605 256 684 297 quo
698 241 856 296 quidem
876 239 1068 281 vocabulo
1082 239 1297 280 interdum
1318 239 1450 281 etiam
1472 253 1591 281 naves

208 312 301 364 ipsc&
317 311 614 366 signfficantur.

672 310 882 351 Afranius
903 309 948 350 in
968 307 1178 361 Epistula

205 385 321 418 vento
343 378 591 432 perculsam
618 380 782 418 ratem:
814 375 918 417 item
950 374 1083 416 eodem
1110 373 1265 414 nomine
1300 373 1594 427 significarunt

209 446 341 487 etiam
360 459 505 495 rem03,
529 444 669 486 Attius
698 445 739 484 in
771 442 1074 498 Neoptolemo:
1106 446 1238 494 atque
1260 454 1340 492 ego
1361 440 1593 493 repercutis)

207 512 364 554 ratibus
383 527 509 563 mare,
533 518 577 554 et
598 513 686 554 alio
707 513 822 553 loco.

208 586 324 620 rates
346 581 502 621 salum.

882 511 970 552 Sed
1000 510 1093 563 jam
1119 507 1358 562 propellunt
1379 506 1593 547 coeruleum

151 645 420 688 Ratissimai
451 659 628 700 quoque
650 646 706 686 ab
743 646 798 686 iis
833 658 931 698 quae
962 648 1056 686 rata
1085 644 1297 685 dicimus:
1327 643 1441 683 unde
1461 643 1590 684 etiam

204 715 393 755 rationes
410 715 559 755 dictae.
619 713 731 754 Cato
747 714 791 753 in
808 711 865 762 Q.
878 712 1138 754 Thermum:
1161 724 1261 765 erga
1275 711 1591 765 rempublicam

205 782 339 822 multa
358 781 574 822 beneficia
590 780 824 829 ratissima,
845 783 975 833 atque
994 779 1263 833 gratissima.

149 847 397 889 Ratissima
413 861 589 902 quoque
606 849 662 889 ab
685 848 758 898 iis,
779 861 877 901 quae
900 846 1086 889 dicimus
1108 851 1228 890 rata:
1259 846 1377 888 unde
1411 845 1589 899 [PAUL.

202 916 335 957 etiam
356 916 543 956 rationes
562 915 710 957 dictae.

147 982 354 1023 Ratitum
375 983 665 1037 quadrantem
687 981 851 1023 dictum
870 986 1041 1035 putant,
1073 982 1190 1036 quod
1210 983 1253 1023 in
1271 994 1339 1033 eo,
1371 987 1415 1022 et
1436 980 1589 1022 triente

201 1051 307 1091 ratis
327 1049 451 1090 suerit
467 1049 643 1103 effigies,
665 1054 714 1090 ut
733 1049 860 1090 navis
880 1049 926 1089 in
947 1062 1061 1090 asse.

149 1114 339 1157 Rutilum
355 1115 368 1138 ¹<
400 1116 666 1171 quadrantem
685 1116 948 1170 Tarquinius
969 1116 1012 1157 in
1042 1116 1145 1157 libro
1175 1131 1291 1172 quem
1317 1115 1381 1156 in·
1425 1114 1589 1168 [FEST.

202 1183 356 1237 scripsit
373 1183 433 1224 de.

794 1316 823 1347 N
832 1315 934 1346 OTAE

142 1391 265 1421 sublati
287 1391 410 1422 dextra
431 1395 466 1422 et
490 1391 624 1422 sinistra
640 1390 723 1421 duas
749 1394 838 1420 rates

143 1440 278 1472 efficere
310 1438 489 1473 videntur.'
534 1443 635 1472 Rates
659 1440 760 1478 enim,
781 1438 838 1469 ubi

142 1491 255 1530 plures
281 1492 373 1531 mali,
399 1491 451 1522 vel
481 1492 594 1522 trabes
616 1496 693 1522 sunt
713 1490 840 1530 juncti,

142 1551 229 1582 aqua
253 1542 447 1573 ducuntur:
471 1542 548 1573 hinc
573 1541 740 1572 naviculae
762 1549 837 1571 cum

140 1592 241 1622 remis
273 1592 427 1623 ratianiae
458 1591 637 1623 dicuntur.’
683 1591 737 1622 Ita
760 1591 838 1622 Ser-

141 1642 227 1676 vius,
251 1652 323 1682 quae
341 1642 444 1673 lectio
465 1652 569 1682 prope
586 1652 683 1672 manu
702 1650 760 1672 nos
776 1641 837 1671 du-

139 1693 187 1722 cit
222 1692 264 1722 ad
299 1692 402 1723 verba
439 1693 532 1722 Festi
570 1691 837 1732 interpretanda.

140 1742 302 1781 Suspicor
317 1743 349 1772 in
368 1742 478 1772 verbis
495 1742 659 1772 Varronis
685 1741 839 1771 rutiam'as

139 1791 372 1830 accipiendum
403 1801 464 1831 pro
496 1791 572 1830 illis,
602 1801 683 1832 quas
707 1791 837 1822 Gellius

138 1840 285 1871 ratiarias
301 1847 412 1872 vocat.
445 1842 501 1873 Sic
515 1843 603 1872 enim
621 1843 630 1859 ‘
642 1842 815 1882 pedarium
831 1841 838 1853 '

140 1896 176 1921 et
197 1890 205 1906 ‘
219 1890 431 1931 pedaneum‚’
452 1892 656 1922 ‘extrarium
671 1891 679 1904 ’
696 1896 731 1922 et
758 1896 836 1921 ‘ex-

141 1941 317 1980 traneum,¹
342 1946 377 1972 et
407 1941 543 1981 similia,
568 1947 711 1981 utroque
736 1941 836 1972 modo

139 1989 313 2030 dicebam,
338 1996 374 2022 ut
399 1991 478 2022 alibi
496 1991 682 2023 docuimus.
727 1991 782 2022 Ita
798 1996 836 2023 ut

138 2040 226 2071 idem
254 2051 388 2081 quoque
411 2042 455 2072 sit
481 2042 644 2072 Ratianiae
669 2045 705 2073 et
721 2041 835 2072 Ratia-

136 2091 205 2121 νέω.
234 2091 301 2123 Jos.
318 2090 406 2122 Scal.

182 2140 280 2170 Rates
294 2141 418 2181 vocant]
454 2141 560 2172 Rates
589 2142 727 2182 proprie
750 2151 834 2183 quas

136 2190 237 2230 vulgo
253 2191 391 2221 dicimus
407 2192 461 2222 des
474 2192 651 2231 traineaux,
663 2191 720 2222 sed
740 2196 834 2222 recte

138 2249 247 2270 remos
280 2245 368 2271 rates
400 2241 449 2271 ait
474 2241 663 2280 appellatos
695 2246 835 2281 propter

139 2290 390 2321 similitudinem
415 2301 423 2321 ε
484 2300 560 2321 nam
607 2291 691 2322 remi
733 2301 835 2331 super

140 2350 257 2380 aquam
276 2341 398 2372 sublati
415 2350 434 2371 a
454 2341 636 2381 remigibus
660 2351 733 2372 eam
757 2351 833 2382 spe-

137 2391 222 2421 ciem
240 2391 393 2422 referunt
409 2403 416 2422 :
437 2396 621 2432 propterea
636 2398 671 2423 et
691 2392 799 2431 ταρσοὶ
815 2402 834 2423 a

138 2441 265 2472 Graecis
288 2451 354 2472 non
381 2443 488 2473 solum
513 2448 617 2482 rates,
635 2452 692 2474 seu
717 2453 832 2482 naves,

136 2490 195 2520 sed
213 2496 248 2521 et
264 2492 346 2522 remi
370 2492 433 2531 ipsi
457 2492 629 2525 dicuntur.
672 2494 824 2525 Glossae:

136 2540 145 2554 ‘
163 2541 256 2579 ratis,
270 2541 408 2581 ταρσός.’
451 2543 546 2574 Idem
565 2553 670 2584 prope
688 2545 828 2575 innuere

137 2590 270 2620 videtur
286 2591 394 2621 Varro
410 2591 470 2622 lib.
488 2602 534 2623 VI.
551 2593 593 2623 de
615 2595 652 2624 L.
671 2594 710 2624 L.
729 2599 830 2634 prout

137 2641 209 2677 ejus
234 2641 343 2671 locum
371 2642 417 2672 sic
443 2641 548 2673 refert
574 2644 713 2674 Servius
734 2653 756 2674 1.
774 2644 830 2674 ΗΞ-

137 2690 225 2721 neid.
248 2692 378 2722 ‘Varro
402 2691 443 2722 ad
468 2692 679 2733 Ciceronem,
707 2695 716 2711 ‘
734 2694 829 2725 Ratis

890 1388 984 1420 dicta
1021 1390 1116 1420 navis
1155 1390 1256 1429 longa
1286 1392 1426 1430 propter
1456 1398 1588 1420 remos:

891 1439 979 1480 quod
997 1439 1030 1470 hi
1051 1450 1153 1480 supra
1177 1449 1298 1481 aquam
1318 1439 1443 1470 sublati
1467 1439 1589 1470 dextra

891 1495 927 1521 et
942 1490 1078 1521 sinistra
1095 1491 1177 1521 duas
1195 1495 1283 1521 rates
1310 1488 1448 1520 efficere
1470 1488 1587 1519 viden-

890 1540 966 1571 tur.’
1014 1542 1115 1572 Rates
1133 1541 1234 1577 enim,
1251 1540 1340 1571 unde
1363 1541 1427 1571 hoc
1448 1541 1588 1571 transla-

890 1598 974 1634 tum,
989 1593 1046 1624 ubi
1062 1594 1175 1634 plures
1192 1592 1270 1624 mali
1293 1593 1346 1623 vel
1365 1591 1588 1631 trabesjunc-

890 1644 930 1683 ti,
956 1653 1044 1684 aqua
1073 1643 1254 1674 ducuntur.
1298 1642 1391 1672 Hinc
1419 1642 1587 1673 naviculae

890 1703 967 1724 cum
997 1693 1097 1724 remis
1124 1693 1277 1724 ratiauiae
1302 1691 1485 1723 dicuntur.’
1530 1692 1589 1722 Ita

890 1743 1039 1775 Servius.
1084 1744 1130 1774 Et
1155 1743 1282 1783 optime
1312 1742 1464 1782 Scaliger
1487 1743 1588 1773 ratia-

888 1793 959 1824 nias
983 1793 1136 1824 ratiarias
1166 1793 1426 1832 interpretatur.
1484 1792 1587 1822 Rates

889 1848 1000 1874 autem
1017 1848 1051 1874 et
1074 1852 1177 1874 naves
1197 1843 1306 1873 dictas
1333 1841 1445 1882 pueris
1470 1846 1586 1872 notum

889 1900 952 1927 est.
998 1895 1129 1926 Ponam
1152 1899 1263 1926 tamen
1287 1895 1398 1925 locum
1415 1894 1586 1925 Martialis

887 1944 968 1985 quia
996 1950 1078 1985 eget
1106 1944 1365 1976 emendatione:
1405 1943 1433 1974 is
1464 1947 1515 1974 est
1544 1953 1587 1974 ex

887 1994 951 2034 Ep.
967 1997 1020 2025 66.
1038 1994 1095 2025 lib.
1112 2003 1159 2026 1v.
1194 1997 1203 2011 ‘
1217 1994 1292 2025 Nec
1317 2002 1426 2024 mersa
1450 1998 1503 2024 est
1528 2002 1586 2033 pe-

886 2044 975 2084 lago,
992 2054 1055 2076 nec
1071 2044 1147 2076 fluit
1172 2045 1238 2075 ulla
1255 2043 1360 2075 ratis.’
1404 2045 1495 2084 Lege
1512 2053 1584 2075 cer-

887 2094 1016 2125 tissima
1039 2094 1298 2125 emendatione:
1325 2095 1393 2124 Nec
1413 2104 1512 2125 mersa
1540 2098 1586 2124 est

881 2146 1005 2185 pelago,
1021 2145 1186 2186 uecfluvz'o
1202 2145 1265 2176 ulla
1280 2145 1372 2176 ratis.
1397 2146 1485 2176 Dae.

929 2193 937 2214 ί
958 2195 1149 2235 Βαίὶεείηια]
1176 2195 1253 2226 Ηοο
1270 2199 1332 2233 est,
1349 2195 1548 2233 certissima,
1566 2205 1586 2225 a

884 2248 985 2285 ratus,
1002 2251 1127 2283 certus,
1142 2244 1272 2284 firmus,
1287 2245 1376 2276 unde
1388 2245 1482 2285 ratio,
1493 2245 1583 2286 quod

885 2299 982 2326 certa
998 2295 1054 2325 sit.
1077 2296 1175 2327 Idem.

926 2343 941 2364 Β
964 2344 1126 2384 Ratitum]
1161 2344 1201 2375 Iu
1228 2344 1322 2375 Festi
1342 2343 1454 2374 verbis
1478 2345 1584 2374 multa

884 2400 988 2434 egent
1001 2395 1300 2435 interpretatione.
1334 2395 1388 2425 De
1401 2394 1582 2435 Tarquinio

883 2450 919 2476 et
943 2445 1058 2485 Oppio
1081 2444 1161 2475 nibil
1182 2444 1288 2475 habeo
1311 2443 1399 2485 quod
1423 2444 1582 2475 scribam.

882 2495 938 2526 De
969 2493 1120 2525 Antonio
1153 2503 1289 2534 possum
1321 2492 1464 2533 referre,
1493 2493 1582 2534 quod

882 2544 1017 2575 Plinius
1032 2544 1080 2576 ait
1097 2544 1154 2575 lib.
1174 2553 1312 2575 xxxui.
1330 2554 1404 2584 cap.
1420 2547 1451 2574 9.
1475 2544 1484 2561 ‘
1500 2544 1582 2574 Mis-

884 2594 954 2626 cuit
981 2594 1150 2626 Antonius
1181 2594 1349 2624 Triumvir
1371 2592 1499 2623 ferrum
1528 2603 1580 2623 ar-

883 2649 1007 2684 genteo
1039 2644 1189 2679 denario,
1220 2643 1356 2674 miscuit
1394 2644 1452 2673 aeri
1483 2641 1578 2673 falsae

886 2694 1053 2726 monetae!
1098 2693 1244 2725 vidend.
1273 2692 1362 2724 idem
1389 2692 1478 2723 Plin.
1504 2702 1579 2732 cap,
