1876 3025
246 144 330 186 872

689 155 838 186 SEXTI
874 156 1076 185 POMPEII
1113 156 1250 186 FESTI

252 249 349 292 Sine
369 252 491 292 sacris
508 256 523 273 ⁰
553 250 754 292 hereditas
776 253 816 292 in
842 251 1073 305 proverbio
1095 251 1180 292 dici
1205 251 1320 292 solet
1341 265 1428 291 cum
1449 250 1609 306 aliquid
1627 251 1697 292 ob-

304 320 458 360 venerit
477 320 569 360 sine
591 320 682 360 ulla
704 318 982 360 incommoda
1003 319 1278 372 appendice3
1301 321 1421 373 quod
1442 319 1547 359 olim
1570 332 1698 361 sacra
1727 323 1731 327 ’

305 400 396 428 non
410 387 552 428 solum
567 387 743 440 publica
761 386 1060 426 curiosissime
1076 387 1454 436 administrabant,
1466 386 1545 426 sed
1563 387 1698 427 etiam

305 455 505 506 privata:
537 454 804 506 relictusque
836 453 962 493 heres
997 454 1059 493 sic
1079 456 1112 483 ¹4
1145 455 1361 507 pecuniae,
1391 455 1525 495 etiam
1549 466 1698 494 sacro-

303 534 399 561 rum
436 526 545 569 erat,
579 524 627 560 ut
645 533 700 560 ea
719 520 1052 572 diligentissime
1072 520 1383 562 administrare
1405 524 1521 562 esset
1542 534 1699 562 neces-

307 589 484 628 sarium.

251 655 452 697 Sinistrae
476 661 614 704 aves,p
647 655 954 707 sinistrumque
986 658 1028 695 et
1059 654 1324 695 sinistimum
1357 656 1621 708 auspicium,
1653 656 1699 696 id

307 728 390 771 est,
413 723 531 776 quod
558 723 671 763 sinat
691 721 797 762 fieri.

857 721 1003 762 Varro
1023 722 1132 762 libro
1168 723 1320 775 quinto
1357 721 1698 775 Epistolicarum

309 791 616 844 quaestionum,
648 789 734 830 ait:
766 788 808 829 A
832 789 1027 830 Deorum
1060 789 1166 830 sede
1186 794 1245 818 ¹⁵⁶³
1280 803 1380 830 cum
1404 790 1450 829 in
1477 789 1701 830 meridiem

308 862 500 910 spectes,
518 857 572 898 ad
592 857 809 897 sinistram
848 861 947 898 sunt
980 862 1128 910 partes
1165 856 1314 897 mundi
1349 857 1613 906 exorientes,
1644 856 1701 898 ad

307 926 534 966 dexteram
555 925 835 976 occidentes3
854 925 1018 966 factum
1036 926 1236 974 arbitror,
1254 931 1300 965 ut
1322 925 1497 966 sinistra
1513 925 1701 966 meliora

308 994 527 1046 auspicia,
560 1006 693 1046 quam
715 993 866 1033 dextra
888 1006 986 1033 esse
1003 993 1331 1033 existimentur:
1354 993 1470 1033 idem
1490 992 1581 1033 sere
1602 1005 1701 1034 sen-

310 1061 421 1102 tiunt
442 1061 620 1102 Sinnius
644 1061 820 1115 Capito,
843 1065 887 1101 et
909 1060 1104 1100 Cincius.

867 1179 903 1190 00
909 1178 1106 1190 eeeaeaeeoe‘e

292 1247 331 1276 14
356 1245 414 1275 Vir
431 1245 523 1277 doct.
541 1246 573 1276 in
602 1255 707 1286 marg.
731 1246 784 1277 ed.
809 1246 897 1278 Scal.
924 1247 1014 1286 conj.
1040 1247 1218 1277 sicne.—15
1241 1245 1336 1276 Fulv.
1366 1245 1478 1276 Ursin.
1505 1245 1542 1276 ab
1568 1246 1701 1286 auspici-

253 1298 338 1319 orum
355 1290 435 1319 sede.

903 1386 1046 1418 NOTAE

255 1461 359 1492 bnndi
395 1465 504 1492 autem
541 1461 710 1492 canebant
746 1472 819 1501 quae
861 1471 950 1493 nunc

254 1517 385 1542 stantes
417 1512 563 1543 cannnt.'
608 1513 675 1543 Sed
705 1522 791 1543 nunc
817 1519 950 1543 senten-

255 1563 333 1592 tiam
365 1562 512 1593 demuto.
556 1563 732 1602 Sicinium,
762 1568 798 1593 ut
825 1564 951 1603 optime

255 1613 386 1644 Menrs.
401 1613 435 1643 in
458 1613 599 1644 exercit.
619 1613 704 1644 crit.
723 1619 810 1653 part.
828 1617 859 1646 2.
877 1623 953 1654 cap.

255 1666 284 1693 5.
303 1668 352 1693 est
375 1664 487 1694 cantio
512 1664 584 1693 sine
608 1669 721 1694 cantu.
767 1664 850 1694 Cum
868 1663 951 1695 tides

256 1718 386 1744 tantum
417 1719 542 1744 canunt
565 1715 636 1744 sine
660 1723 753 1745 voce.
800 1715 888 1745 Assoe
911 1714 952 1745 ti-

256 1764 334 1793 bice:
359 1764 411 1794 cui
429 1765 635 1795 contrarium
652 1774 721 1794 assu
738 1774 806 1794 rosc.
823 1764 930 1794 Idem.

299 1819 312 1833 ⁰
336 1814 414 1845 Sine
439 1814 550 1853 sacris]
582 1815 696 1845 Verba
714 1815 801 1845 Festi
824 1814 953 1845 deside-

257 1870 333 1895 rant
348 1866 432 1904 haec,
457 1871 516 1896 ant
532 1866 580 1895 his
598 1865 720 1895 similia
736 1876 742 1895 z
768 1865 843 1895 Sine
857 1865 954 1895 sacris

256 1915 409 1946 hereditas
436 1916 468 1945 in
497 1915 656 1954 proverbio
681 1915 742 1945 uici
764 1916 861 1945 solet:
887 1925 955 1946 cum

256 1964 373 2004 aliquid
403 1965 556 1996 obrenerit
586 1967 651 1996 sine
679 1967 743 1996 ullu
767 1967 955 1996 incommoda

255 2015 431 2054 appendice.
454 2016 597 2046 Plautus
614 2017 675 2046 hoc
693 2016 872 2056 proverbio
890 2016 954 2046 uti-

258 2065 362 2095 turin
381 2065 553 2105 Captivis:
574 2066 674 2096 ‘Sine
698 2066 802 2096 sacris
823 2066 955 2097 heredi-

258 2119 363 2147 tatem
391 2125 461 2145 sum
486 2120 586 2154 aptus
611 2115 896 2147 offertissimamz'
920 2122 953 2147 et

258 2165 293 2195 in
322 2166 473 2195 Trinum.
503 2166 627 2196 ‘Caena
654 2167 717 2197 bac
746 2177 877 2197 annona
904 2172 955 2198 est

259 2215 330 2245 sine
347 2216 452 2245 sacris
469 2215 661 2246 hereditas)
691 2217 768 2247 Ant.
784 2217 870 2255 Aug.

301 2265 377 2296 Sine
392 2265 503 2304 sacris]
528 2266 672 2296 Veteres
696 2267 837 2296 Romani
853 2266 953 2298 habe-

258 2315 341 2346 bant
367 2325 463 2346 sacra
491 2316 623 2355 privata
650 2326 723 2356 quae
754 2316 956 2347 colebantur

259 2366 406 2396 maxima
424 2366 596 2405 religione,
608 2376 727 2406 eaque,
741 2371 775 2396 nt
791 2372 957 2406 perpetua

259 2422 446 2450 manerent,
478 2415 613 2446 familiis
653 2416 884 2456 prodebantur
914 2426 955 2446 ex

258 2468 325 2506 leg.
354 2469 404 2497 12.
431 2466 499 2497 tab.
539 2474 651 2496 sAan
680 2475 843 2497 PRWATA
872 2475 955 2497 PER·

261 2525 378 2548 PE'ruo
394 2525 583 2547 MAxsn'ro.
622 2516 678 2547 Ita
705 2517 759 2557 qui
778 2516 956 2547 haeredita-

259 2571 327 2598 tem
345 2567 486 2608 alicujus
502 2567 633 2606 adibat,
653 2567 837 2606 cogebatur
853 2567 954 2598 etiam

260 2627 357 2648 sacra
373 2617 445 2657 ejus
462 2618 646 2657 suscipere.
675 2618 718 2648 Et
736 2617 798 2648 hoc
821 2622 892 2648 erat
907 2619 954 2648 in-

262 2671 314 2697 ter
330 2676 433 2698 onera
447 2666 669 2698 haereditatis.
700 2666 786 2697 Inde
811 2667 881 2697 sine
903 2678 954 2698 sa-

262 2717 327 2748 cris
357 2718 537 2750 haereditas
569 2717 612 2750 de
642 2717 738 2750 bonis
767 2718 806 2749 iis
833 2718 957 2749 dicitur

1002 1471 1077 1503 quae
1118 1460 1243 1491 nullam
1276 1459 1520 1491 incommodam
1553 1460 1703 1493 habeant

1002 1512 1236 1552 appendicem.
1260 1510 1372 1541 Plaut.
1391 1511 1490 1550 Capt.
1508 1516 1574 1541 act.
1589 1520 1637 1542 ιν.
1651 1521 1700 1543 sc.

1005 1566 1033 1593 l.
1058 1567 1066 1580 ‘
1083 1563 1160 1592 Sine
1176 1561 1280 1591 sacris
1298 1560 1535 1591 haereditatem
1553 1570 1623 1592 sum
1643 1571 1703 1601 apa

1003 1617 1058 1644 tus
1074 1610 1346 1643 often-tissimamss
1370 1611 1467 1641 Idem.

1046 1668 1061 1689 1¹
1085 1664 1232 1695 Sinistrae
1252 1664 1338 1703 aves]
1363 1664 1418 1694 De
1443 1662 1601 1702 sinistris,
1627 1671 1702 1703 quae

1004 1714 1132 1745 Latinis
1162 1714 1286 1748 fausta,
1323 1713 1455 1744 Graecis
1484 1713 1631 1744 infausta
1667 1717 1703 1744 et

1003 1765 1225 1804 inauspicata,
1258 1763 1334 1794 vide
1371 1773 1445 1803 quae
1482 1763 1515 1793 in
1546 1762 1704 1794 ‘scaeva'

1004 1815 1159 1846 diximus.
1195 1814 1332 1845 Sinisler
1349 1820 1460 1843 autem
1478 1823 1543 1843 non
1561 1812 1648 1853 quod
1658 1808 1704 1843 ‘si-

1003 1871 1062 1896 nat
1078 1865 1161 1899 fieri,
1179 1869 1214 1894 ut
1231 1865 1316 1894 male
1333 1864 1476 1901 Festus;
1500 1862 1557 1893 sed
1575 1872 1593 1893 a
1607 1862 1704 1894 Grae-

1006 1927 1044 1948 co
1074 1916 1242 1956 ἀριστερὸς,
1272 1915 1360 1946 unde
1386 1919 1393 1932 ‘
1411 1913 1608 1953 sinister-us,'
1640 1913 1704 1944 ‘si-

1006 1966 1136 1998 nister.'
1163 1967 1263 1996 Idem.

1048 2023 1062 2042 ⁴¹
1086 2016 1114 2046 Α
1137 2017 1273 2046 Deorum
1288 2014 1372 2054 sede]
1397 2014 1549 2044 Pessime
1567 2013 1703 2044 Fulvius

1007 2066 1150 2097 Ursinus
1159 2066 1196 2095 ub
1206 2065 1409 2104 auspiciorum
1421 2065 1500 2095 sede.
1528 2064 1617 2094 Nihil
1633 2074 1704 2094 mu·

1007 2116 1157 2146 tandum.
1192 2115 1222 2144 A
1251 2114 1397 2144 Deorum
1425 2112 1516 2147 sede,
1545 2113 1576 2143 id
1603 2117 1668 2150 est,
1686 2123 1704 2144 a

1007 2164 1267 2205 Septemtrione‚
1306 2163 1361 2194 ubi
1400 2164 1552 2194 Deorum
1589 2163 1704 2194 sedem

1007 2216 1152 2246 Veteres
1185 2215 1407 2245 locaverunt:
1447 2213 1534 2254 quod
1567 2214 1703 2253 egregio

1005 2266 1111 2296 Servii
1130 2266 1202 2295 loco
1219 2264 1382 2305 probatur
1399 2263 1439 2294 ad
1455 2262 1535 2293 illud
1553 2263 1648 2302 virg.
1663 2272 1704 2293 11.

1007 2315 1138 2345 AEneid.
1182 2313 1362 2345 ‘Intonuit
1389 2312 1533 2343 laevnm.’
1571 2314 1580 2329 ‘
1603 2312 1705 2342 Sinis-

1008 2371 1075 2395 tras
1093 2363 1229 2403 antem,’
1252 2363 1370 2403 inquit,
1387 2362 1396 2378 ‘
1414 2368 1527 2402 partes
1549 2362 1705 2402 Septem-

1007 2415 1167 2446 triouates
1206 2423 1280 2444 esse
1310 2412 1486 2451 Augurum
1522 2410 1705 2452 disciplina

1007 2465 1185 2496 consentit.
1225 2464 1267 2493 Et
1284 2463 1358 2492 ideo
1376 2471 1417 2492 ex
1435 2461 1508 2501 ipsa
1525 2466 1622 2501 parte
1639 2461 1704 2501 sig·

1007 2516 1218 2546 nificantiora
1231 2522 1304 2543 esse
1320 2511 1474 2549 fulmina,
1487 2511 1642 2551 qnoniam
1656 2512 1703 2542 al-

1009 2567 1097 2598 tiora
1127 2570 1162 2596 et
1192 2562 1350 2594 viciniora
1383 2562 1554 2592 domicilio
1585 2561 1704 2593 Jovis.’

1010 2617 1066 2647 Sic
1091 2616 1124 2646 in
1145 2614 1249 2645 sacris
1275 2612 1380 2642 literis
1405 2611 1469 2642 Dei
1495 2610 1579 2650 Opt.
1609 2611 1703 2643 Max.

1011 2666 1108 2699 sedes
1126 2674 1239 2697 versus
1256 2662 1472 2705 Aquilonem.
1497 2661 1594 2694 Idem.
