1876 3025
753 506 1113 565 INDEX

508 674 961 718 AUCTORUM
1010 671 1352 714 OMNIUM

235 831 321 871 QUI
345 833 379 866 A
404 832 556 867 FESTO
582 831 854 876 CITANTUR,
878 831 1002 866 ITEM
1028 829 1328 872 CARMINUM,
1354 826 1630 870 FOEDERUM,

466 979 625 1011 LEGUM
649 980 704 1010 ET
729 980 943 1012 ALIORUM
968 975 1395 1021 MONUMENTQRUM.

423 1154 513 1185 Prior
528 1164 675 1186 numerus
692 1156 849 1197 paginam,
866 1156 1021 1197 posterior
1036 1156 1159 1196 paginae
1175 1154 1291 1184 lineam
1306 1152 1437 1183 indicat.

202 1308 323 1340 AEucs
339 1311 413 1340 210.
429 1312 459 1340 5.
477 1311 551 1340 416.
568 1312 619 1340 10.
636 1311 710 1339 418.
725 1311 756 1339 4.
778 1311 853 1339 503.
875 1312 907 1339 6.

286 1355 361 1383 646.
380 1354 409 1382 1.
425 1354 498 1383 734.
514 1356 546 1383 4.
562 1355 637 1382 875.
654 1354 705 1383 12.
722 1355 797 1382 998.
814 1355 834 1382 9

201 1395 306 1426 AElius
318 1396 350 1424 in
363 1394 548 1426 duodecimo
560 1395 824 1436 significationum
836 1405 906 1425 ver-

288 1438 399 1468 borum
414 1442 490 1470 977.
507 1442 525 1469 3

200 1481 307 1512 AElius
321 1482 354 1511 in
370 1482 596 1521 explanatione
620 1481 794 1512 carminum
809 1481 907 1511 Salia-

287 1525 370 1554 rium
385 1528 459 1556 425.
475 1528 493 1556 7

201 1567 307 1598 AElius
327 1567 440 1598 Gallus
455 1570 530 1599 435.
549 1570 600 1599 15.
615 1570 691 1599 471.
718 1570 749 1599 7.
777 1570 851 1598 480.
878 1570 908 1598 6.

286 1614 361 1643 491.
379 1614 410 1641 1.
436 1614 511 1642 580.
529 1613 581 1642 13.
601 1614 676 1642 588.
694 1613 746 1641 16.
766 1614 840 1642 611.
856 1614 908 1642 13.

286 1657 362 1685 684.
379 1657 409 1686 8.
426 1657 501 1686 726.
519 1656 549 1684 3.
567 1656 641 1685 740.
654 1659 685 1685 5.
699 1657 774 1685 744.
789 1657 818 1684 8.
834 1657 909 1685 774.

286 1701 317 1728 7.
334 1700 409 1729 798.
427 1701 457 1729 l.
474 1700 549 1728 848.
563 1699 613 1727 12.
638 1699 712 1729 853.
728 1700 758 1729 7.
786 1700 861 1729 875.
878 1700 908 1728 7.

243 1784 298 1814 lib.
326 1784 348 1813 i.
384 1784 647 1824 significationum
680 1793 750 1824 quae
785 1782 824 1814 ad
854 1782 908 1824 jus

288 1826 448 1867 pertinent
462 1831 537 1858 617.
554 1830 570 1858 l

244 1869 300 1900 lib.
315 1870 350 1900 ii.
365 1870 629 1911 significationum
645 1871 813 1900 verborum
838 1880 909 1911 quae

286 1912 390 1954 adjus
405 1915 567 1954 pertinent
583 1917 657 1945 811.
672 1918 702 1944 5.
717 1917 792 1945 980.
808 1916 828 1943 9

202 1955 310 1987 AElius
324 1957 404 1986 Stilo
433 1960 508 1988 386.
533 1960 564 1988 7-
590 1960 665 1988 426.
692 1960 743 1988 10.
772 1960 845 1987 460.
876 1959 907 1987 7.

284 2001 359 2030 469.
369 2003 400 2031 8.
412 2003 484 2032 503.
494 2003 545 2031 13.
557 2003 695 2032 512.17.
707 2002 820 2031 538.2.
833 2002 908 2031 586.

288 2045 319 2072 l.
341 2046 415 2074 613.
431 2045 462 2074 8.
489 2046 606 2075 803.5.
633 2045 707 2074 808.
724 2046 755 2073 6.
780 2046 854 2074 818.
875 2047 907 2075 2.

287 2087 362 2117 883.
379 2089 432 2117 10.
462 2089 536 2118 922.
555 2089 606 2118 13.
633 2089 709 2117 957.
726 2088 757 2116 1.
785 2089 861 2118 977.
876 2089 908 2118 3.

201 2170 353 2202 Afranius
367 2174 420 2202 93.
436 2174 468 2202 3.
485 2174 557 2202 179.
574 2174 605 2201 6.
623 2173 698 2202 443.
715 2173 748 2201 2.
763 2175 837 2202 509.
855 2174 906 2203 ll.

287 2216 361 2245 793.
378 2217 430 2245 15.
456 2216 530 2245 876.
547 2217 598 2246 14.
627 2216 700 2245 901.
724 2217 753 2244 1.
780 2217 854 2246 937.
874 2218 904 2247 3.

285 2260 360 2289 957.
377 2261 408 2288 2.
424 2260 499 2288 974.
512 2262 543 2288 5.
558 2260 633 2289 982.
651 2259 681 2287 l.
696 2260 770 2289 994.
787 2262 806 2290 5

243 2300 276 2331 in
292 2300 444 2331 Abducta
459 2302 534 2332 850.
551 2303 569 2331 3

242 2344 276 2374 in
292 2343 486 2374 Brundisina
502 2346 576 2374 806.
595 2347 611 2374 1

241 2387 275 2417 in
293 2387 499 2417 Consobrinis
514 2390 588 2418 964.
606 2390 627 2417 6

241 2430 274 2459 in
289 2430 490 2470 emancipato
507 2433 582 2461 746.
601 2433 640 2460 10

242 2473 274 2503 in
291 2473 436 2513 Epistola
450 2476 526 2504 704.
551 2474 582 2503 8.
608 2476 682 2504 719.
709 2476 739 2504 2.
767 2474 842 2503 887.
872 2476 904 2504 6.

285 2519 361 2547 926.
377 2520 396 2547 2

243 2558 277 2589 in
293 2558 352 2589 Ida
368 2562 442 2590 590.
459 2561 478 2589 4

241 2601 274 2631 in
291 2602 467 2632 materteris
483 2604 557 2633 451.
575 2605 587 2633 1

242 2643 274 2674 iu
291 2644 440 2684 Privigno
456 2647 530 2677 654.
548 2648 597 2677 18.
615 2647 688 2678 863.
706 2650 725 2677 5

242 2686 274 2716 in
293 2688 423 2718 Prodito
437 2691 512 2719 747.
530 2692 549 2720 2

245 2729 277 2761 in
295 2730 409 2762 Promo
426 2734 501 2763 965.
516 2734 536 2761 8

1000 1308 1032 1338 in
1050 1306 1231 1348 Repudiato
1247 1310 1323 1338 752.
1341 1309 1372 1337 8.
1389 1307 1463 1338 862.
1478 1308 1499 1336 2

1001 1351 1034 1380 in
1050 1350 1225 1380 Simulante
1243 1354 1316 1380 500.
1333 1352 1348 1380 1

1001 1394 1034 1423 in
1050 1394 1201 1434 Suspecta
1218 1396 1293 1425 499.
1309 1395 1350 1423 24

1000 1437 1033 1466 in
1048 1436 1181 1478 Virgine
1197 1439 1272 1468 425.
1287 1439 1318 1467 3.
1334 1437 1408 1466 934.
1426 1436 1477 1465 14.
1492 1436 1566 1465 989.
1583 1435 1599 1464 1

1000 1480 1033 1510 in
1051 1501 1059 1509 ο
1077 1501 1085 1509 0
1103 1500 1111 1509 ο
1127 1481 1201 1511 747-
1219 1483 1259 1511 16

959 1522 1153 1564 Agathocles
1183 1522 1408 1564 Cyziceuarum
1447 1530 1552 1551 rerum
1588 1530 1662 1551 con·

1045 1566 1178 1606 scriptor
1192 1569 1268 1598 776.
1285 1568 1324 1596 15

958 1608 1103 1640 Alcimus
1116 1612 1190 1640 775.
1205 1613 1225 1640 6

958 1652 1062 1683 Alfius
1078 1652 1156 1682 libro
1170 1653 1272 1693 primo
1293 1650 1372 1682 belli
1388 1649 1665 1691 Carthaginiensis

1045 1699 1120 1728 379.
1135 1699 1176 1727 20

958 1738 1086 1769 Annius
1099 1742 1175 1770 981.
1194 1741 1233 1770 14

958 1782 1084 1813 Annius
1105 1782 1178 1823 (Ἰ.)
1206 1782 1326 1812 Luscus
1352 1781 1381 1810 in
1408 1790 1447 1810 ea
1473 1790 1566 1820 quam
1587 1778 1668 1809 dixit

1044 1825 1194 1856 adversus
1209 1825 1280 1855 Tib.
1299 1824 1480 1856 Gracchum
1496 1825 1570 1854 825.
1586 1825 1627 1853 12

957 1868 1150 1909 Antigonus,
1192 1868 1312 1899 Italica:
1352 1866 1489 1898 historiae
1531 1865 1665 1907 scriptor

958 1955 1120 1986 Antistius
1134 1955 1238 1985 Labeo
1254 1957 1329 1986 427.
1346 1957 1397 1985 15.
1414 1956 1488 1984 524.
1513 1955 1566 1984 11.
1588 1954 1665 1983 573.

1047 2001 1098 2030 13.
1112 2001 1187 2029 610.
1203 2002 1233 2030 1.
1254 2001 1329 2029 620.
1343 2000 1374 2027 2.
1398 1999 1472 2027 676.
1488 1999 1519 2027 7.
1541 1997 1616 2026 748.
1631 1997 1664 2026 7.

1045 2044 1191 2073 83910.
1209 2044 1284 2073 841.
1303 2043 1353 2071 18.
1370 2042 1443 2072 852.
1458 2043 1489 2069 6.
1502 2040 1635 2070 910.12

1001 2084 1033 2114 in
1050 2085 1129 2115 libro
1145 2085 1185 2114 de
1200 2084 1301 2115 officio
1317 2082 1443 2120 auguris
1457 2084 1532 2113 748.
1549 2084 1570 2111 9

1000 2128 1033 2157 in
1049 2128 1129 2157 libro
1141 2127 1223 2167 jun's
1241 2124 1400 2157 Pontificii
1414 2127 1488 2156 916.
1505 2127 1524 2155 3

1000 2171 1033 2201 in
1049 2170 1272 2201 commentario
1282 2169 1363 2211 juris
1378 2167 1530 2209 pontificii
1545 2169 1621 2198 467.
1633 2169 1665 2198 6.

1045 2215 1119 2245 665.
1136 2215 1152 2243 1

1002 2255 1055 2286 lib.
1070 2256 1114 2286 ix.
1129 2256 1168 2286 de
1180 2256 1251 2296 jure
1268 2254 1442 2296 pontificali
1456 2256 1590 2285 6-17.“20

1000 2299 1054 2330 lib.
1087 2311 1115 2330 x.
1145 2299 1361 2329 commentarii
1393 2297 1472 2339 juris
1504 2295 1659 2338 pontificii

1000 2385 1056 2416 lib.
1073 2386 1117 2416 xi.
1132 2385 1171 2415 de
1183 2384 1255 2426 jure
1271 2383 1433 2425 pontificio
1449 2385 1523 2414 670.
1539 2385 1559 2414 2

999 2429 1033 2459 in
1059 2428 1286 2459 commentario
1311 2438 1363 2458 xv.
1395 2427 1415 2458 J
1422 2426 1482 2457 uris
1506 2424 1666 2457 Pontificii

1044 2474 1118 2503 875.
1137 2475 1151 2502 l

956 2514 1118 2545 Antonius
1134 2514 1261 2555 Cnipho
1276 2517 1351 2545 720.
1366 2516 1386 2544 4

957 2557 1169 2599 Apollodorus
1184 2557 1216 2587 in
1233 2556 1393 2588 Euxenide
1410 2558 1484 2588 775.
1500 2558 1520 2587 4

957 2600 1149 2642 Apollonius
1164 2603 1238 2632 476.
1256 2603 1295 2631 14

958 2643 1084 2684 Appius
1101 2643 1254 2674 Claudius
1270 2646 1344 2674 542.
1361 2645 1403 2674 20

961 2687 1085 2728 Appius
1101 2687 1237 2717 Pulcher
1252 2688 1326 2717 748.
1343 2690 1374 2717 5.
1390 2687 1463 2715 883.
1481 2687 1501 2714 6

1005 2731 1035 2760 in
1052 2729 1128 2760 libro
1144 2729 1301 2771 auguralis
1317 2728 1490 2770 discipliuae
1508 2729 1581 2758 881.
1596 2729 1615 2757 6
