1876 3025
296 172 359 203 DE
392 169 665 201 VERBORUM
699 168 1110 201 SIGNIFICATIONE
1146 168 1238 199 LIB.
1274 167 1403 200 XVII·

1491 158 1576 201 913

176 268 218 308 in
252 269 511 309 vestimento
546 267 662 307 albo.
709 266 919 307 Plautus:
965 265 1068 320 quia
1096 265 1175 306 tibi
1212 276 1349 306 suaso
1386 264 1577 306 infecisti

176 336 454 389 propudiosa
472 335 486 358 3
524 335 751 388 pallulam.

813 333 1004 384 Quidam
1036 338 1179 375 autem
1210 333 1357 385 legunt
1380 333 1575 382 insuaso,

176 417 256 444 nec
279 404 451 453 desunt,
467 405 544 458 qui
567 404 718 444 dicant
753 416 922 443 omnem
947 403 1151 451 colorem,
1176 402 1253 454 qui
1276 401 1355 442 fiat
1385 401 1578 442 inficien-

176 472 247 521 do,
269 485 449 513 suasum
471 471 636 521 vocari,
660 471 780 524 quod
805 471 931 524 quasi
964 470 1255 524 persuadetur
1284 470 1328 509 in
1358 469 1492 510 alium
1521 482 1579 510 ex

179 540 282 581 albo
299 539 502 580 transire.

122 608 216 649 Sub
238 611 432 648 corona⁰
455 607 605 647 venire
628 606 848 656 dicuntur,
872 606 977 660 quia
1006 606 1174 661 captivi
1211 604 1410 647 coronati
1433 603 1580 645 solent

179 676 342 725 venire,
361 679 410 716 ut
430 675 492 716 ait
515 675 630 716 Cato
653 674 696 714 in
719 688 789 724 eo,
813 675 888 728 qui
911 679 979 715 est
999 674 1052 715 de
1074 687 1118 715 re
1141 674 1345 717 militari:
1364 678 1416 713 ut
1438 684 1581 726 popu-

177 744 249 784 lus
272 757 381 785 suus
404 756 485 784 sua
506 755 639 796 opera
662 743 813 797 potius
835 743 892 782 ob
915 756 1004 783 rem
1025 743 1137 783 bene
1155 747 1323 795 gestam
1344 745 1581 782 coronatus

181 812 479 865 supplicatum
502 816 589 859 eat,
612 823 745 864 quam
767 823 811 850 re
834 810 947 851 male
970 815 1093 863 gesta
1124 814 1361 852 coronatus
1390 812 1582 851 venetus>

179 879 233 920 Id
275 884 420 920 autem
463 880 637 932 signum
670 883 739 918 est
773 877 883 918 nihil
917 877 1122 930 praestari
1159 890 1184 918 a
1220 877 1389 931 populo
1408 890 1419 920 ε
1462 875 1582 930 quod

180 948 314 988 etiam
349 947 536 987 Plautus
563 945 781 998 significat
811 946 856 986 in
893 946 1114 987 Hortulo:
1146 959 1296 1000 praeco
1332 945 1393 986 ibi
1429 944 1546 985 adsit
1567 950 1582 973 Ρ

181 1028 278 1056 cum
301 1027 481 1065 corona,
502 1014 663 1068 quique
677 1018 707 1064 †
744 1013 876 1054 liceat
896 1017 1068 1054 veneat.

125 1081 216 1123 Sub
244 1082 398 1136 jugum
420 1083 567 1123 mittiq
598 1082 801 1122 dicuntur
834 1081 986 1122 hostes
1024 1082 1146 1132 victi,
1180 1081 1342 1135 ereptis
1378 1080 1583 1121 omnibus

183 1151 315 1192 armis
337 1151 540 1204 telisque,
569 1163 670 1191 cum
702 1150 843 1191 hastis
875 1149 1038 1191 defixis
1059 1149 1232 1190 duabus
1267 1150 1311 1190 in
1342 1154 1470 1197 terra,
1502 1152 1585 1187 ter-

183 1219 332 1272 tiaque
351 1218 406 1259 ad
428 1231 647 1259 summum
669 1231 817 1259 earum
842 1217 1048 1271 deligata,
1077 1216 1188 1272 (ipsi
1212 1230 1310 1258 eam
1330 1222 1363 1239 ¹0
1377 1216 1586 1270 jubentur

183 1287 424 1328 subeuntes
444 1287 646 1327 transire.

739 1394 859 1407 ‘‘‘‘‘‘

863 1395 980 1408 eeeeee

171 1464 190 1492 8
214 1460 277 1492 Ed.
304 1461 394 1492 Scal.
419 1461 714 1502 propudiosam.—-9
739 1460 806 1492 Hic
836 1466 872 1492 et
896 1471 972 1493 mox
1002 1466 1070 1493 vet.
1098 1460 1174 1493 cod.
1206 1461 1383 1495 veniat.-—†
1411 1458 1473 1491 Ed.
1499 1457 1588 1490 Scal.

126 1504 331 1545 (κάρυα-10
355 1505 431 1535 Vet.
447 1504 521 1536 cod.
537 1502 723 1545 speciejam.
770 1504 833 1535 Vir
850 1504 943 1537 doct.
958 1504 1097 1547 conjicit
1112 1504 1243 1546 speciem
1259 1514 1337 1536 eam.

783 1602 926 1635 NOTAE

129 1666 221 1697 fumo
238 1665 389 1698 infectis.
435 1666 554 1697 Genus
580 1670 652 1696 erat
673 1665 831 1706 Iaspidis,

129 1717 185 1758 qui
203 1717 332 1748 καπνίας
348 1717 528 1748 dicebatur
552 1726 571 1746 a
588 1716 717 1746 fumido
742 1717 832 1747 colo-

129 1777 179 1799 re.
225 1767 464 1798 Dioscorides:
507 1767 523 1796 ὁ
550 1766 583 1796 δὲ
609 1764 746 1805 ἆερίζων,
769 1764 833 1796 ὅδὲ

129 1817 268 1853 καπνίας,
282 1817 410 1857 ὡσπερεὶ
427 1816 678 1855 κεκαπνισμένος.
724 1817 833 1847 Cave-

131 1869 175 1900 sis
204 1876 318 1900 autem
345 1874 443 1908 putes
469 1877 593 1898 suasum
612 1872 645 1897 et
676 1866 833 1897 insuasum

132 1921 270 1961 proprie
284 1921 351 1951 dici
363 1919 419 1951 τὸν
430 1919 559 1950 κάπνιον
572 1919 731 1949 colorem.
764 1917 831 1949 Sed

129 1972 273 2002 insuasus
291 1972 343 2002 vel
359 1981 468 2001 suasus
484 1971 576 2001 color
594 1970 609 1999 ὃ
624 1967 835 2006 πεπεισμένως

130 2020 381 2060 κεκαπνισμένος.
406 2021 503 2053 Quod
522 2019 564 2050 de
576 2019 730 2050 omnibus
744 2020 834 2050 colo-

132 2073 225 2103 ribus
259 2071 500 2102 intensioribus
533 2070 599 2101 dici
630 2075 754 2110 queat3
798 2075 834 2100 ut

131 2124 260 2163 optime
279 2121 365 2153 infra
384 2122 521 2152 Festus.
566 2120 655 2152 Quia
673 2130 753 2151 vero
771 2120 835 2161 tig-

131 2182 224 2210 num,
240 2172 329 2213 quod
343 2172 475 2202 diutino
487 2170 578 2202 fumo
593 2169 757 2202 infectum
771 2176 836 2210 est,

131 2224 185 2254 vel
203 2233 244 2255 ea
259 2234 333 2265 quae
361 2233 404 2254 ex
427 2223 601 2254 stillicidio
627 2221 760 2253 fumoso
784 2222 833 2253 in-

131 2272 225 2305 fecta
241 2278 331 2313 sunt,
355 2274 501 2304 colorem
520 2282 595 2303 eum
613 2272 749 2312 penitus
772 2271 834 2303 im-

133 2324 305 2360 biberunt,
330 2334 439 2365 eoque
465 2333 602 2364 prorsus
633 2322 763 2354 imbuta
794 2332 834 2354 ac

133 2374 240 2405 veluti
265 2375 399 2406 insuasa
426 2374 537 2405 valide
566 2373 728 2409 retinent,
757 2373 834 2405 ideo

135 2424 294 2454 insuasum
307 2429 342 2455 et
358 2435 481 2455 suasum
495 2424 562 2455 κατ’
576 2424 690 2463 ἐξοχὴν
705 2424 748 2454 de
771 2424 834 2455 hoc

133 2473 261 2505 fumido
275 2476 386 2506 colore
402 2481 601 2516 usurpatum
617 2481 668 2506 est
686 2475 775 2516 quod
793 2475 835 2507 de

136 2524 290 2556 omuibus
317 2524 383 2555 dici
414 2529 538 2565 potest,
565 2530 602 2556 ut
629 2525 745 2556 Graeci
772 2525 836 2556 πεί-

135 2578 240 2607 θεσθαι
266 2580 301 2606 et
323 2574 536 2614 πεπεισμένον.
583 2576 716 2608 Salmas.
732 2576 764 2606 in
782 2576 834 2606 So·

135 2628 192 2658 liu.
240 2625 335 2656 Infra
367 2637 428 2666 pro
460 2627 664 2665 persuadetur
692 2627 835 2658 Seuedae

131 2678 371 2718 persuadentur,
386 2683 505 2717 aperte
523 2686 584 2717 pro
604 2679 836 2717 persuadeatur.

135 2728 220 2759 Dac-

221 2781 338 2821 Delplz.
354 2785 383 2812 et
406 2782 480 2813 Var.
499 2782 583 2812 Clas.

781 2782 890 2820 Pomp.
909 2781 992 2811 Fest.

929 1672 943 1688 ⁰
967 1667 1031 1698 Sub
1059 1665 1185 1706 corona]
1231 1662 1378 1695 vidend.
1413 1662 1502 1694 Gell.
1533 1661 1591 1694 lib.

887 1727 950 1749 vu.
977 1718 1056 1749 Aut.
1072 1718 1160 1756 Aug.

931 1768 994 1799 Sub
1009 1767 1137 1806 corona]
1162 1766 1290 1797 Versus
1317 1764 1452 1796 Plauti:
1480 1764 1591 1795 Proeco

886 1819 930 1850 ihi
944 1820 1026 1849 adsit
1047 1828 1113 1848 cum
1129 1826 1261 1847 corona.-
1285 1816 1396 1856 quique
1417 1815 1522 1855 liceat,
1540 1824 1591 1845 ve·

887 1873 970 1901 neat.
993 1870 1064 1901 JOS.
1080 1869 1172 1899 Scal.

931 1919 996 1951 Sub
1011 1929 1121 1950 corona
1137 1916 1256 1958 venire]
1284 1916 1452 1956 Exempla
1469 1915 1591 1955 passim

888 1971 977 2011 apud
1005 1969 1195 2000 historicos.
1240 1967 1342 2001 Quod
1368 1966 1464 1997 addit
1490 1964 1591 2002 infra,

888 2022 921 2052 id
937 2022 1067 2061 signum
1092 2018 1193 2050 fuisse
1218 2019 1299 2049 nihil
1323 2016 1480 2058 praestari
1497 2026 1516 2047 a
1532 2026 1593 2057 po-

890 2072 983 2112 pulo,
1008 2069 1187 2101 confirmat
1209 2068 1340 2099 Gellius
1358 2067 1416 2098 lib.
1435 2075 1498 2097 v11.
1517 2076 1594 2107 cap.

888 2126 920 2155 4.
945 2121 1033 2164 quod
1063 2120 1189 2161 alioqui
1216 2119 1402 2159 saepissime
1426 2117 1533 2149 fiebat
1557 2122 1593 2148 ut

890 2172 1046 2203 venditor
1072 2179 1205 2202 servum
1230 2178 1363 2207 sanum,
1388 2177 1452 2198 non
1470 2167 1593 2206 furem,

888 2233 954 2255 non
971 2222 1164 2263 fugitivum,
1178 2229 1245 2251 non
1261 2228 1424 2260 errorem,
1437 2228 1503 2249 uon
1521 2227 1594 2249 ves-

889 2275 1049 2316 pillonem
1068 2276 1262 2313 praestaret.
1291 2270 1368 2301 Dac.

932 2330 947 2350 P
973 2325 1085 2356 Praeco
1099 2323 1144 2353 ibi
1158 2321 1257 2362 adsit]
1290 2321 1330 2351 In
1358 2319 1473 2351 Plauti
1499 2317 1592 2349 Edit.

890 2375 960 2406 sic:
989 2375 1096 2405 Proeco
1121 2372 1166 2403 ihi
1191 2372 1271 2402 adsit
1297 2381 1364 2401 cum
1382 2380 1509 2408 corona,
1525 2370 1593 2409 qui.-

889 2436 945 2467 que
958 2426 1049 2456 liceat
1063 2426 1183 2455 veneat.
1211 2421 1344 2462 Quique,
1363 2420 1395 2451 id
1409 2425 1474 2461 est,
1487 2429 1591 2461 quau-

891 2477 930 2507 ti.
954 2476 1054 2506 Idem.

934 2531 948 2552 ‘1
972 2523 1163 2562 Subjugum
1178 2521 1279 2561 mitti]
1319 2519 1406 2551 Vide
1432 2518 1592 2560 ‘jugum'

892 2576 966 2607 Liv·
990 2575 1046 2605 lib.
1063 2583 1116 2605 ιιι.
1139 2577 1226 2604 sect.
1244 2575 1297 2604 28.
1324 2572 1377 2602 De
1400 2571 1499 2602 modo
1516 2571 1592 2600 mit-

892 2624 987 2657 tendi
1017 2624 1094 2655 vide
1122 2621 1265 2654 eundem
1291 2621 1351 2651 lib.
1378 2629 1428 2650 ix.
1452 2624 1535 2650 sect.
1559 2623 1591 2651 5.

892 2677 979 2707 lude
1011 2673 1139 2705 factum
1164 2672 1304 2702 verbum
1330 2670 1508 2709 subjugare,
1532 2679 1591 2710 pro

893 2726 1076 2765 debellare,
1093 2723 1282 2755 devincere.
1310 2721 1405 2752 Idem.

1419 2776 1436 2803 3
1467 2774 1501 2805 M
