1876 3025
271 168 334 197 DE
369 166 644 196 VERBORUM
678 162 1087 195 SlGNlFlCATIONE
1122 161 1213 191 LIB.
1247 161 1400 191 XVIII.

116 262 325 312 Tinia‚¹0z
346 275 456 302 vasa
476 261 653 302 vinaria.

1482 150 1567 191 973

1384 255 1567 308 [PAUL.

115 330 312 384 Tippula
328 335 344 351 ³
365 329 565 370 bestiolae
592 341 727 381 genus
748 340 827 367 sex
859 326 998 380 pedes
1018 324 1233 374 habentis,
1256 323 1336 365 sed
1357 326 1488 364 tantae
1508 322 1568 362 le-

171 397 338 446 vitatis,
359 401 405 437 ut
424 410 556 450 super
578 409 740 450 aquam
763 407 943 436 currens
965 407 1052 434 non
1075 392 1296 434 desidat.¹¹
1351 390 1565 431 Plautus:

172 464 330 518 Neque
351 465 539 518 tippulae
559 464 703 505 levius
726 463 902 517 pondus
924 466 1003 510 est,
1027 475 1159 515 quam
1180 460 1293 501 fides
1315 457 1507 499 lenonia.

115 532 329 573 Titiensis
344 531 360 554 b
387 534 524 573 tribus
550 546 576 572 a
609 531 874 586 praenomine
901 530 1019 570 Tatii
1041 529 1178 582 Regis
1199 527 1428 581 appellata.
1447 524 1567 566 vide-

170 606 250 642 tur.

721 729 840 741 eeeeee

310 601 431 641 Titia
453 614 627 654 quoque
651 600 771 642 curia
792 601 847 641 ab
870 598 1023 640 eodem
1048 598 1171 650 Rege
1192 601 1259 638 est
1280 596 1415 636 dicta.

847 728 959 740 θθθθθθ

158 823 197 851 10
220 821 319 852 Malit
342 821 433 851 Scal.
453 820 639 851 Tinea—ll
664 819 743 850 Vet.
766 817 824 848 lib.
847 817 981 848 decidat.

767 937 907 972 NQTAE

113 1003 207 1034 baut.
252 1003 292 1034 In
319 1004 474 1035 sacrariis
505 1003 717 1044 Argeorum:
756 1011 813 1033 CE-

113 1063 582 1089 ROL1EN518.QVARTICAPES.
607 1062 726 1085 ctRcA.
751 1062 812 1083 Μι-

114 1115 296 1138 NERviom.
364 1107 475 1138 Item:
523 1115 664 1137 oppn's.
715 1113 811 1135 MONS

113 1166 370 1188 PREtMtCAPEs.
407 1166 540 1188 chom.
582 1164 811 1189 ESQVILtNOM

112 1216 248 1239 chom.
276 1216 506 1238 FAGVTALEM.
540 1216 715 1238 SlNlSTRA.
747 1215 812 1237 sve

113 1267 287 1289 tuomum.
319 1268 389 1290 EST.
412 1265 446 1290 et
474 1264 600 1289 cetera.
646 1258 755 1298 Igitur
778 1263 812 1287 et

112 1309 165 1340 hic
179 1318 323 1348 concapes
347 1310 524 1347 eleganter
549 1308 665 1338 eadem
692 1306 812 1338 forma.

112 1358 191 1389 Non
221 1360 320 1399 longe
350 1359 390 1389 ab
415 1359 476 1389 hoc
506 1358 638 1388 abludit
669 1357 810 1387 verbum

111 1410 225 1441 fictum
248 1420 264 1440 a
286 1411 430 1447 Seneca,
443 1408 687 1449 grandiscapiae.
713 1408 811 1448 Epis-

113 1461 179 1492 tola
195 1463 247 1492 88.
264 1460 272 1477 ‘
287 1470 403 1492 omnes
420 1460 558 1498 antem,'
571 1460 690 1501 inquit,
708 1459 809 1489 ‘istas

111 1512 259 1550 arbores,
273 1522 359 1553 quae,
370 1516 404 1542 ut
419 1512 466 1542 ita
478 1512 601 1551 dicam,
617 1511 811 1551 grandisca-

112 1563 177 1603 piae
195 1568 285 1598 suut,
304 1563 349 1593 ait
365 1573 451 1603 aqua
466 1562 677 1602 adjuvandas
692 1561 810 1591 cister-

112 1612 212 1643 nina!
256 1613 344 1644 Nam
362 1613 415 1642 liic
437 1611 695 1651 Grandiseapiae
714 1611 810 1641 arbo-

111 1672 164 1693 res
179 1668 270 1701 sunt,
288 1673 361 1703 quae
380 1663 498 1702 grandi
515 1662 640 1702 capite,
656 1662 721 1691 lioc
744 1667 809 1700 est,

112 1714 240 1753 radice,
256 1719 292 1744 ut
310 1714 382 1753 jam
400 1713 558 1743 diximus.
604 1712 689 1743 Quas
707 1712 810 1742 lectio

111 1765 142 1794 in
176 1763 341 1804 vulgarib.
372 1764 509 1794 Senecae
544 1762 717 1793 editionib.
744 1771 809 1792 non

111 1820 203 1845 extat
219 1826 226 1853 ;
251 1815 356 1845 sedin
375 1813 541 1844 abstrusis
557 1817 591 1843 et
605 1812 808 1842 reconditis:

111 1876 194 1906 quas
226 1866 346 1896 multas
370 1865 458 1894 eruit
491 1864 625 1894 doctiss.
649 1863 809 1893 Nicolaus

111 1915 223 1946 Faber
271 1925 313 1946 ex
364 1915 536 1945 vetustiss.
584 1914 809 1953 exemplarib.

112 1965 210 1997 Quod
229 1966 255 1995 si
272 1966 346 2006 quis
370 1975 435 1995 non
459 1965 564 2004 capit,
584 1964 662 2005 quid
684 1965 713 1994 ei
733 1973 808 1993 cum

112 2017 162 2045 12.
181 2015 334 2053 Tabulis,
351 2025 388 2045 ac
405 2015 554 2045 Romana
579 2014 811 2054 antiquitate?

111 2065 199 2096 Sane
227 2065 304 2096 huic
328 2068 443 2105 generi
469 2065 634 2094 hominum
659 2074 720 2103 ego
737 2064 809 2093 llaec

110 2125 175 2146 non
194 2116 318 2146 scribo.
362 2116 491 2157 Nequis
515 2125 595 2145 vero
617 2115 759 2145 miretur
776 2115 808 2144 in

112 2171 226 2197 vetere
244 2166 363 2197 codiee
389 2167 552 2206 scriptum
574 2169 730 2205 concapet,
749 2175 809 2205 pro

111 2227 268 2257 concapeS,
293 2218 354 2247 hoc
376 2223 439 2250 est,
464 2221 474 2246 t
494 2226 554 2256 pro
574 2226 612 2247 s:
645 2217 729 2247 sciat
746 2226 808 2246 sae-

112 2268 185 2307 pius
202 2268 242 2298 ad
263 2268 350 2298 hunc
378 2267 511 2298 modum
537 2271 717 2306 peccatum
734 2275 809 2296 esse

112 2319 144 2348 in
175 2328 213 2349 eo
241 2319 351 2349 libro:
388 2325 424 2349 ut
452 2319 484 2348 in
522 2317 703 2358 ‘'Popper,'
731 2319 809 2347 viret

113 2379 173 2410 pro
187 2369 269 2399 vires
282 2381 291 2399 .-
315 2375 349 2400 et
367 2370 398 2400 in
418 2370 491 2400 aliis
509 2369 600 2399 locis.
623 2369 693 2398 Jos.
710 2368 792 2399 Scal.

158 2419 305 2459 Tigmtm]
343 2420 409 2450 Sed
436 2419 593 2460 quicquid
623 2419 677 2449 ille
706 2419 808 2459 dicat,

109 2471 339 2510 grandiscapioe
365 2470 501 2501 arbores
528 2470 618 2509 apud
644 2470 808 2500 Senecam

112 2531 178 2551 non
209 2531 226 2551 a
253 2520 370 2558 grandi
398 2520 521 2560 capite,
553 2519 612 2550 sed
643 2529 660 2549 a
690 2519 808 2558 grandi

113 2580 226 2611 scapo.
253 2571 334 2601 Dae.

154 2627 166 2641 ²
193 2620 299 2660 Τιἠἱα]
324 2620 416 2650 Malo
435 2621 533 2650 Tinae.
556 2619 643 2650 Vide
663 2619 806 2659 primum

115 2672 392 2711 Conjectaueum.
416 2671 482 2701 Jus.
500 2671 586 2701 Scal.

157 2721 263 2761 Tinia]
295 2722 395 2752 'sinas
423 2727 522 2752 vocat
539 2721 650 2751 Varro
673 2720 714 2751 de
738 2720 809 2751 vita

866 1002 954 1042 Pop.
973 1001 1014 1032 R.
1039 1001 1095 1032 lib.
1115 1011 1138 1032 1.
1160 998 1417 1040 ‘Antiquissimi
1434 998 1466 1029 in
1485 1008 1564 1030 con-

864 1052 961 1084 viviis
980 1058 1071 1084 utres
1100 1052 1165 1082 vini
1192 1052 1311 1092 primo,
1337 1056 1456 1091 postea
1477 1052 1564 1082 tinas

866 1103 1065 1143 ponebant!
1088 1104 1170 1134 Duc.

906 1158 920 1174 ³
947 1154 1094 1194 Tippula]
1120 1154 1236 1183 Plaut.
1254 1152 1286 1182 in
1311 1151 1443 1182 Persa:
1469 1151 1477 1167 ‘
1497 1151 1564 1181 Ne-

863 1214 927 1245 que
941 1205 1049 1235 levius
1066 1202 1231 1244 tippulae,’
1246 1205 1309 1233 ἃς.
1334 1203 1411 1232 Ant.
1429 1201 1514 1239 Aug.

919 1255 1062 1295 Tippula]
1117 1253 1329 1293 Compilator
1368 1252 1564 1282 Glossarutn

864 1311 1015 1337 veterum
1039 1316 1115 1336 usus
1144 1311 1195 1335 est
1223 1302 1342 1334 codice
1364 1302 1564 1341 depravato.

863 1361 870 1373 ‘
885 1356 1050 1392 Uinnius,
1076 1354 1209 1395 ἐφυδρὶς,
1237 1351 1367 1391 ἑξάπουν
1382 1350 1565 1389 ἐπινηχόμε-

863 1418 915 1437 νον
930 1407 978 1445 τῷ
992 1406 1099 1443 νώτῳ.’
1144 1406 1327 1445 'sippulam
1345 1403 1434 1433 enim
1462 1403 1562 1432 iutel-

864 1458 947 1498 ligit.
970 1459 1039 1488 Jos.
1056 1457 1139 1488 Saul.

908 1510 1055 1550 Tippula]
1103 1507 1332 1540 Glossarium:
1379 1504 1564 1544 ζΤίρμιιίει,

864 1559 995 1601 ἐφυδρὶς,
1013 1561 1134 1599 ἑξιπουν
1149 1557 1381 1596 ἐπανηχόμενον
1394 1557 1442 1594 τῷ
1457 1554 1566 1593 νώτῳ,’

862 1612 870 1627 ‘
889 1611 1038 1640 Bestiola
1056 1610 1214 1651 aquatica
1236 1609 1364 1639 liabens
1384 1617 1442 1637 sex
1460 1608 1564 1645 pedes

862 1670 958 1701 aquae
996 1659 1188 1700 superficiei
1227 1657 1408 1689 innatans?
1469 1657 1563 1686 Gaza

863 1721 1041 1751 perperam
1074 1709 1242 1750 ἀσκαρίδας
1271 1709 1375 1738 vertit
1405 1708 1564 1747 tippullas.

862 1762 1030 1802 Siquidem
1059 1762 1196 1801 tippullae
1223 1769 1289 1790 non
1316 1764 1393 1788 sunt
1419 1767 1564 1791 vermes,

862 1813 919 1843 sed
939 1813 1051 1852 potius
1074 1811 1164 1842 uliud
1191 1809 1312 1840 insecti
1340 1817 1457 1847 gemm,
1475 1807 1562 1847 quod

862 1872 995 1903 semper
1024 1863 1056 1892 in
1084 1862 1163 1892 rivis
1189 1867 1223 1891 et
1251 1857 1402 1890 fontibus
1430 1858 1564 1894 visitur,

862 1922 991 1943 summa
1022 1913 1199 1943 celeritate
1225 1908 1440 1949 superficiem
1467 1917 1562 1948 aquae

863 1972 1087 2002 percurrens3
1112 1972 1194 2002 quas
1218 1961 1334 1999 vulgus
1354 1959 1563 1998 Aquitauum

862 2020 898 2044 et
923 2013 1059 2043 Accola>
1087 2013 1271 2043 Garumnae
1295 2020 1404 2049 capras
1429 2014 1564 2039 vocant.

862 2063 985 2104 Itaque
1002 2063 1096 2093 dicta
1113 2068 1190 2093 sunt
1207 2060 1289 2100 παρὰ
1308 2060 1347 2090 τὰ
1367 2059 1454 2098 τίφη,
1471 2058 1565 2098 τίφεα

862 2117 951 2145 enim
968 2114 1009 2145 τὰ
1026 2114 1093 2150 ἕλη,
1111 2113 1264 2153 paludes,
1286 2112 1390 2142 lacus.
1438 2111 1563 2150 Itaque

861 2167 993 2197 Varro:
1028 2166 1132 2196 ‘levis
1154 2163 1301 2203 'l'ippula
1332 2160 1488 2202 lymplicim
1505 2160 1563 2190 fri-

860 2216 954 2256 gidos
973 2216 1095 2246 transit
1114 2213 1230 2244 lacus)
1276 2211 1420 2249 Scaliger
1436 2212 1466 2240 iu
1492 2220 1564 2241 con-

852 2267 1006 2305 jectaneis
1022 2267 1061 2295 ad
1084 2266 1263 2296 Varronem.
1304 2263 1429 2291 Versus
1448 2261 1563 2291 Plauti

863 2324 913 2348 est
941 2327 958 2346 e
981 2317 1089 2347 Persa
1119 2320 1186 2345 act.
1213 2323 1253 2344 11.
1280 2322 1328 2342 sc.
1355 2314 1386 2341 2.
1419 2311 1563 2350 ‘Neque

864 2368 1003 2407 tippulae
1029 2366 1135 2396 levius
1165 2364 1294 2404 pondus
1319 2368 1383 2401 est,
1407 2372 1506 2402 quam
1525 2361 1563 2391 fi-

864 2418 924 2448 des
942 2416 1096 2447 lenonia!
1140 2415 1207 2447 Sed
1232 2414 1288 2455 qui
1312 2413 1360 2444 sic
1382 2411 1563 2443 emendan-

864 2467 948 2497 dus:
975 2467 1083 2506 Neque
1106 2466 1235 2505 tippula*
1262 2464 1358 2494 levius
1380 2464 1497 2502 pondus
1518 2466 1562 2492 est

863 2517 1027 2557 quamfide
1052 2517 1193 2547 lenonice.
1240 2514 1327 2545 Nam
1344 2513 1414 2555 fide
1430 2513 1562 2552 antiqui

865 2567 1025 2609 profidei.
1051 2567 1135 2597 Dae.

904 2618 918 2639 t>
946 2618 1111 2658 Titiensis]
1144 2618 1227 2649 Quae
1245 2621 1279 2647 et
1300 2614 1454 2645 Tutiensis
1471 2622 1487 2642 a
1507 2611 1563 2642 Ti-

865 2675 898 2700 to
914 2669 1023 2700 Tatio.
1050 2668 1148 2699 Idem.
