1876 3025
265 178 328 209 DE
363 176 635 208 VERBORUM
670 172 1078 206 SlGNIFICATIONE
1114 172 1209 202 LIB.
1241 171 1394 201 XVIII.
1482 159 1564 202 99].

176 274 425 323 mus,testis
447 278 516 314 est
534 272 721 313 Plautus
742 271 787 311 in
810 269 1059 311 Pseudolo:
1083 266 1289 318 Quales,⁵
1311 270 1355 308 et
1377 269 1566 320 quantas

179 343 344 383 soleam
371 341 579 383 turbellas
597 340 716 380 dare.

119 409 352 450 Turbellas
374 407 493 462 apud
517 407 727 448 Plautum
749 405 902 445 turbas
924 403 1156 457 significat.
1387 400 1511 452 [PAU
1525 411 1565 440 1..

117 477 326 518 Turmam
348 477 562 529 equitumX
582 475 746 515 dictam
770 486 869 513 esse
892 473 952 513 ait
969 471 1208 519 Curiatius,
1243 469 1372 523 quasi
1402 468 1565 517 [FEST.

171 545 398 595 terimam3
421 543 536 597 quod
557 542 723 583 terdeni
744 541 918 594 equites
940 553 996 580 ex
1018 540 1156 580 tribus
1178 537 1380 578 tribubus
1399 535 1568 575 Titien-

173 612 301 661 sium,
326 612 576 660 Ramffium,
600 609 833 657 Lucerum,
855 607 1039 648 fiebant:
1060 606 1207 660 itaque
1229 604 1358 658 primi
1377 601 1567 655 singula-

172 694 266 720 rum
299 680 571 720 decuriarum
602 678 858 718 decuriones
889 675 1008 725 dicti,
1030 676 1106 729 qui
1136 688 1194 715 ex
1221 686 1273 714 eo
1306 672 1351 712 in
1383 669 1566 724 singulis

171 749 326 788 turmis
349 752 451 788 sunt
472 747 603 787 etiam
626 758 738 786 nunc
760 745 884 785 terni.

115 814 393 857 Turrhenos⁶
416 814 627 855 Etruscos
646 818 662 841 y
684 811 896 866 appellari
922 811 1082 851 solitos
1104 810 1167 850 ait
1188 808 1384 857 Verrius,
1407 820 1434 848 a
1454 806 1566 847 Tur-

169 883 300 923 rheno
331 883 442 923 duce
473 881 712 935 Lydorum,
735 892 761 920 a
792 879 920 932 cujus
952 879 1093 931 genus
1124 876 1353 930 praecipua
1379 873 1567 915 crudeli-

169 954 257 991 tate
272 955 286 971 ²
309 951 440 990 etiam
462 953 668 1003 tyrannos
691 947 848 988 dictos.

114 1017 249 1058 Tusci
271 1031 297 1058 a
317 1018 469 1058 Tusco
492 1029 592 1069 rege
623 1014 715 1055 filio
740 1013 950 1054 Herculis
973 1016 1076 1054 sunt
1095 1012 1215 1061 dieti,
1236 1011 1306 1053 vel
1327 1024 1354 1052 a
1384 1010 1564 1064 [PAUL.

171 1084 458 1126 sacrificando
481 1083 692 1134 studiose,
715 1095 771 1123 ex
793 1080 953 1122 Graeco
975 1079 1144 1131 θυσκόοι;
1176 1080 1298 1121 velut
1318 1078 1564 1119 Tusculum

169 1155 352 1204 dictum,
375 1153 493 1207 quod
515 1152 684 1194 aditum
705 1149 928 1191 difficilem
949 1149 1097 1198 habet,
1127 1149 1172 1189 id
1194 1152 1274 1199 est,
1297 1146 1506 1187 δύσκολον.7

723 1281 959 1295 ΜΝΜΜ

153 1364 170 1391 5
188 1361 268 1391 Vet.
285 1361 360 1392 cod.
372 1371 429 1400 qno
441 1361 514 1391 alto.
550 1359 614 1390 Vir
626 1359 718 1390 (loct.
735 1359 872 1400 conjicit
888 1369 946 1400 quo
955 1361 1056 1399 pacto.
1102 1356 1192 1388 Vide
1206 1355 1370 1387 infra.—6
1393 1354 1473 1386 Vet.
1488 1353 1564 1385 cod.

115 1403 351 1435 Turannos.—7
376 1404 454 1435 Vet.
472 1403 529 1435 lib.
546 1402 712 1436 θύσκολον.

766 1508 908 1542 NOTAE

107 1586 209 1625 turba,
225 1586 380 1623 turbella;
408 1591 445 1617 ut
463 1597 482 1618 a
511 1586 520 1602 ⁴
535 1584 702 1627 populus,’
722 1585 805 1625 ‘po-

108 1637 217 1676 pellus
234 1636 260 1675 ς’
297 1637 306 1654 ‘
324 1636 467 1677 umbra,'
505 1638 514 1654 ‘
534 1635 703 1672 umbella,'
741 1638 804 1666 διο.

108 1686 190 1717 Dae.

148 1741 164 1756 Χ
193 1737 339 1767 Turonum
366 1736 518 1777 equitum]
541 1737 651 1767 Varro
672 1735 731 1766 lib.
754 1744 805 1766 1v.

106 1787 148 1818 de
168 1788 205 1819 L.
219 1788 255 1819 L.
275 1787 422 1818 ‘Turma
439 1792 549 1818 terma
568 1791 631 1818 est.
679 1786 705 1816 E
723 1786 756 1816 in
773 1785 805 1816 U

105 1837 200 1870 abiit.
245 1838 345 1871 Quod
369 1837 502 1868 terdeni
523 1837 655 1878 equites
676 1846 719 1867 ex
744 1837 801 1867 tri·

105 1886 167 1918 bus
189 1887 587 1927 tribubus‚Tatiensium,
608 1886 804 1926 Rammium,

106 1941 141 1967 et
168 1937 345 1972 Lucerum,
372 1936 509 1967 fiebant.
555 1936 678 1976 Itaque
705 1935 804 1975 primi

103 1987 310 2027 singularum
343 1987 567 2026 decuriarum,
594 1985 804 2017 Decuriones

104 2036 199 2068 dicti.
245 2038 310 2070 Qui
333 2037 375 2068 ab
398 2047 437 2068 eo
462 2037 494 2067 in
519 2036 661 2077 singulis
685 2036 803 2067 turmis

105 2093 183 2120 sunt
199 2089 302 2119 etiam
321 2098 407 2119 nunc
425 2087 538 2119 terni.’
561 2087 660 2118 Idem.

145 2144 158 2165 Υ
183 2139 354 2170 Turrhenos
384 2138 547 2178 Etruscos]
584 2137 674 2168 Vide
701 2138 804 2168 ‘Sar-

103 2188 160 2220 di!
206 2189 356 2220 Velleius
371 2188 571 2219 Paterculus
587 2187 643 2219 lib.
661 2197 685 2218 1.
710 2188 719 2204 ‘
735 2188 804 2218 Per

101 2239 175 2270 haec
207 2245 373 2279 tempora,
407 2238 519 2279 Lydus
544 2243 578 2269 et
605 2238 803 2278 Tyrrhenus

103 2289 237 2329 fratres,
248 2300 321 2321 cum
334 2293 515 2329 regnarunt
528 2289 560 2319 in
574 2289 693 2329 Lydia,
706 2288 804 2319 steri-

102 2341 199 2371 litate
223 2340 356 2380 frugum
380 2339 557 2380 compulsi,
587 2339 697 2370 sortiti
725 2343 805 2369 sunt

103 2395 181 2422 uter
211 2400 286 2421 curn
310 2394 407 2430 parte
433 2389 662 2421 multitudinis
694 2388 805 2428 patria

102 2440 299 2471 decederet.
320 2441 400 2471 Sors
413 2440 622 2481 Tyrrhenum
639 2438 803 2478 contigit:

102 2495 282 2531 pervectus
301 2490 333 2520 in
355 2491 489 2521 Italiam
513 2494 547 2520 et
570 2489 645 2520 loco
662 2493 697 2519 et
713 2488 804 2518 iuco-

104 2541 143 2573 lis
161 2547 196 2573 et
212 2542 296 2572 mari
322 2542 437 2572 nobile
459 2551 499 2572 ac
524 2545 729 2581 perpetuum
745 2549 803 2570 no-

103 2601 180 2622 men
195 2602 214 2622 a
230 2601 264 2622 se
282 2590 398 2623 dedu!
450 2590 561 2621 Aliter
579 2590 678 2630 paulo
693 2589 802 2621 Tacit.

102 2642 225 2672 Annal.
244 2651 279 2672 v.
325 2641 416 2671 Vide
435 2640 547 2671 Strab.
566 2640 698 2671 Herod.
723 2640 800 2671 Ser-

102 2692 203 2723 vium.
249 2693 375 2723 Verum
392 2695 498 2721 totum
516 2691 578 2722 lioc
596 2689 713 2721 fictum
727 2698 801 2721 esse

102 2742 198 2774 nimis
217 2742 395 2774 verisimile
419 2746 483 2776 est,
511 2741 699 2782 praesertim
725 2749 801 2772 cum

859 1584 948 1625 apud
965 1593 1079 1615 omnes
1107 1582 1179 1614 fere
1204 1582 1388 1622 scriptores
1406 1589 1467 1620 pro
1486 1579 1564 1620 Tyra

858 1635 947 1665 rheni
963 1640 998 1665 et
1016 1634 1183 1665 Tirrhenia
1198 1631 1348 1673 Τυρσήνοι
1364 1638 1398 1662 et
1411 1630 1565 1670 Τυρσηνία

859 1685 900 1715 sit
918 1688 1106 1715 exaratum.
1138 1683 1193 1714 Ira
1210 1682 1293 1713 dicti
1311 1682 1476 1712 sciliceta
1491 1680 1564 1719 τύρ-

860 1746 934 1774 σεις,
975 1739 1100 1774 turres,
1132 1734 1244 1764 muri:
1286 1732 1378 1773 quod
1409 1731 1564 1772 Tyrrheni

862 1785 961 1826 primi
983 1793 1095 1815 muros
1119 1782 1316 1814 exstruendi
1340 1787 1447 1812 artem
1471 1781 1564 1811 inve-

860 1835 985 1865 nerint.
1016 1835 1084 1865 Eos
1103 1833 1273 1873 Pelasgici
1296 1833 1430 1873 generis
1447 1831 1567 1870 fuisse,

859 1886 1092 1926 Lemnumque
1109 1888 1143 1915 et
1159 1883 1310 1915 Imbrum
1341 1883 1435 1922 AEgei
1463 1884 1563 1912 maris

860 1936 984 1967 insulas
1016 1935 1233 1969 inhabitasse,
1264 1938 1434 1964 testantur
1465 1932 1564 1962 multi

861 1992 1009 2016 veteres.
1042 1984 1096 2015 Ab
1112 1984 1162 2014 his
1180 1984 1284 2023 igitur
1300 1981 1454 2022 Pelasgis
1471 1981 1564 2012 dicta

860 2043 913 2068 est
938 2035 1130 2076 Tyrrhenia
1153 2044 1194 2065 ea
1222 2043 1300 2074 pars
1326 2033 1437 2064 Italiae
1463 2042 1564 2072 quam

859 2091 1083 2127 occuparunt,
1120 2085 1251 2116 relictis
1297 2083 1365 2114 suis
1414 2082 1564 2113 sedibus.

859 2137 949 2168 Vide
966 2137 1183 2168 Hellanicum
1198 2134 1356 2166 Lesbium
1373 2132 1463 2173 apud
1480 2133 1565 2164 Dio-

859 2197 933 2228 nys.
966 2187 1143 2218 Halicarn.
1202 2185 1292 2215 Vide
1324 2185 1466 2224 Dionys.
1496 2184 1564 2214 Pe·

859 2237 938 2277 rieg.
959 2236 1170 2267 Marcianum
1187 2234 1384 2265 Heracleot-
1409 2239 1443 2263 et
1468 2233 1565 2264 alios.

859 2287 987 2318 Postea
1011 2293 1124 2317 autem
1152 2285 1290 2316 Etrusci
1311 2294 1386 2315 cum
1408 2284 1562 2324 Pelasgis

859 2337 994 2368 admisti
1031 2335 1188 2376 Tyrrheni
1223 2335 1327 2366 etiam
1359 2334 1442 2365 dicti
1472 2339 1563 2366 sunt.

860 2387 957 2418 Idem.

900 2442 912 2456 Ζ
935 2438 964 2468 Α
979 2436 1064 2474 cujus
1078 2435 1183 2474 gentis
1194 2435 1349 2476 praecipua
1365 2435 1468 2475 crud]
1486 2434 1562 2464 Fal-2

859 2496 943 2518 sum.
977 2487 1155 2526 Tyrannus
1173 2485 1262 2516 euim
1279 2494 1297 2514 a
1314 2484 1436 2515 Graeco
1452 2483 1561 2522 τύρσιν·

857 2549 918 2572 νος,
945 2537 1001 2577 qui
1033 2536 1142 2576 primo
1167 2544 1282 2575 regem
1310 2541 1344 2565 et
1372 2535 1561 2574 principem

857 2587 1002 2625 notavit,
1024 2591 1060 2616 et
1083 2590 1203 2627 postea
1227 2585 1259 2615 in
1283 2585 1402 2615 malam
1427 2588 1560 2623 partem

856 2642 984 2668 sumtus
1009 2641 1072 2666 est.
1123 2635 1212 2666 Vide
1236 2645 1310 2675 quae
1335 2633 1424 2675 apud
1450 2633 1559 2663 Hora-

855 2690 939 2720 tium
974 2693 1124 2718 nostrum
1164 2686 1334 2717 Gallicum
1372 2683 1560 2716 notavimus

857 2738 925 2771 Od.
941 2741 994 2769 35.
1010 2737 1069 2769 lib.
1086 2745 1110 2770 1.
1135 2736 1233 2767 Idem.
