1876 3025
249 139 335 181 926
695 150 845 181 ιςΕΧΤΙ
882 149 1085 180 ΡοΜΡΕιΙ
1123 150 1262 181 Fusr1

305 260 347 287 1n
399 277 408 286 .
658 277 667 286 .
1306 277 1314 285 .

303 314 532 355 Foemtnaw
555 315 750 356 fabulare
769 313 1016 355 succrotilla
1047 314 1205 354 vocula.
1236 312 1464 368 Affranius
1501 313 1545 354 in
1570 314 1703 368 Epis-

303 382 422 424 tola:
475 382 716 438 loquebatur
749 383 982 424 succrotilla
1019 397 1126 425 voce
1155 384 1283 424 serio.
1346 382 1526 435 Plautus
1560 382 1603 422 z'u
1634 381 1703 422 de·

301 451 544 491 scribendis
566 450 786 490 mulierum
818 449 1005 490 cruribus
1026 452 1261 504 gracilibus
1283 451 1325 491 in
1349 451 1484 505 Syro:
1515 464 1605 490 cum
1626 464 1701 490 er-

301 518 417 558 tortis
438 519 538 560 talis
554 531 651 559 cum
673 517 851 558 todellis
868 517 899 541 ¹8
923 517 1134 568 crusculis,
1157 517 1260 559 helle
1283 531 1383 572 quae
1404 531 1489 558 non
1512 518 1701 571 pedibus

302 593 423 626 trent.

247 652 445 694 Suculab
478 657 543 694 cst
577 653 792 694 machinae
825 667 950 709 genus
985 653 1122 694 teretis
1148 653 1343 695 materiae
1380 657 1424 693 et
1453 653 1620 700 foratae,
1655 667 1701 692 ac

300 736 439 762 crassae
460 734 590 774 quam
607 725 653 762 ut
671 722 782 762 uber
801 721 959 763 scrofae
977 721 1094 776 porci
1129 720 1410 771 circumstant,
1446 720 1501 760 sic
1533 734 1700 760 versan-

300 797 433 844 tesque
448 795 463 812 ⁰
480 788 669 830 ductario
671 788 784 845 fitne
800 789 980 830 volvunt.
1042 788 1196 830 Eodem
1213 789 1370 829 nomine
1393 789 1548 830 stellas
1563 788 1698 829 ruint-

298 872 383 911 que
401 862 433 890 ¹9
463 857 616 903 diczmt,
658 872 761 912 qzcas
805 857 928 899 aliter
971 857 1235 912 appellarunt
1275 872 1299 897 α
1330 856 1481 910 pluvia
1520 855 1692 910 hyadas

298 926 444 968 Graeci
460 925 585 974 ὑάδας,
608 925 736 966 nostri
755 926 1048 967 existimantes
1073 939 1099 967 a
1120 927 1255 967 subus
1276 925 1370 976 dici,
1403 923 1518 965 modo
1545 921 1698 964 Latine

300 994 489 1050 loquenti
511 995 715 1036 dixerunt
736 1009 801 1035 eas
825 993 1020 1034 Suculus.

849 1124 1089 1136 eeeeeeeeeee

282 1217 322 1246 17
347 1214 412 1246 Ed.
429 1215 774 1254 Scal.foemz'nea.›—18
799 1215 884 1246 Ead.
900 1213 954 1246 ed.
970 1224 1038 1245 cum
1052 1213 1274 1245 sodellis—19
1298 1211 1385 1242 Vide
1403 1210 1512 1242 Notas
1529 1209 1630 1240 infra.

898 1334 1039 1366 NOTAE

236 1412 280 1443 rit
296 1421 366 1442 cum
377 1411 549 1442 succrotilla
561 1411 718 1441 crusculis.
762 1409 852 1439 Vide
864 1419 939 1450 quae

237 1464 269 1494 in
291 1466 299 1480 ‘
314 1461 538 1493 crocotilum'
560 1462 654 1492 dicta
679 1466 768 1492 sunt.
814 1460 941 1491 Versus

235 1514 354 1545 Titinii
372 1525 379 1544 :
420 1513 578 1544 Foeminea
606 1513 739 1551 fabella,
777 1511 943 1542 succrotila

234 1566 354 1595 vocula.
399 1564 476 1602 Vel,
494 1564 634 1594 Foemina
651 1563 801 1601 fabulare
820 1572 940 1592 succro--

234 1616 291 1646 tila
308 1615 425 1645 vocula.
473 1615 518 1645 Et
536 1623 612 1644 cum
632 1614 694 1644 lioc
710 1612 828 1643 Titinii
843 1621 941 1642 versu

235 1665 509 1705 componendum
535 1665 680 1695 alterum
711 1667 793 1704 puto
815 1662 870 1702 qui
895 1663 941 1693 le-

233 1717 327 1758 gitur
343 1718 377 1747 in
393 1718 402 1734 ⁶
417 1717 597 1747 vibrissare
612 1715 632 1745 :'
654 1716 663 1731 ‘
676 1715 827 1746 Foemina
843 1713 941 1745 fabu-

235 1770 306 1799 lare
332 1768 517 1799 succrotila
545 1768 674 1798 vocula.
720 1767 754 1797 Si
785 1766 851 1796 erit
880 1765 943 1796 tibi

235 1819 456 1860 cantandum,
471 1817 577 1850 facito
594 1826 700 1859 usque
718 1814 945 1847 exvibrisses:

238 1870 321 1902 Duc.

276 1921 290 1941 ὓ
314 1920 447 1961 Sucuta]
473 1919 588 1950 Suculu
602 1920 648 1949 est
667 1917 816 1948 machiuae
830 1927 942 1956 genus,

235 1973 343 2003 teretis
368 1971 519 2011 matrerm,
547 1974 577 2001 et
597 1969 729 2008 foratas,
756 1978 792 1998 ac
816 1978 941 2007 crassae,

234 2027 382 2062 tunquam
397 2022 473 2052 uber
484 2020 606 2058 scrofie.
651 2019 799 2059 Reliqua
825 2018 942 2057 deplo-

235 2079 307 2103 rata
325 2077 415 2110 sunt,
432 2081 507 2112 quae
527 2070 569 2100 de
596 2068 773 2109 Hyadibus
802 2072 941 2098 tractat.

235 2122 471 2154 Glossarium:
496 2121 504 2136 ‘
521 2121 669 2155 Suculae,
697 2117 794 2155 ὑάδες,
821 2117 871 2148 καὶ
891 2119 939 2148 δο-

235 2171 338 2204 κίδες.’
353 2173 424 2203 Jos.
441 2171 527 2202 Scal.

277 2222 407 2263 Sucula]
435 2223 503 2253 Pro
527 2222 672 2261 ruintque
699 2220 827 2260 optime
844 2219 939 2251 Ursi·

234 2283 295 2305 nus
311 2273 454 2314 quinque.
499 2271 654 2311 Loquenti
671 2276 784 2301 autem
801 2271 939 2310 antiqua

233 2324 483 2355 consuetudine
497 2328 533 2353 ut
551 2331 654 2361 supra
667 2324 713 2352 set
732 2331 792 2361 pro
807 2323 872 2354 sed,
886 2322 938 2357 &a

233 2375 290 2405 De
319 2373 437 2404 sucula
467 2372 623 2403 machina
660 2371 731 2402 haec
769 2370 938 2401 Budaeus:

231 2427 241 2442 ⁴
258 2422 406 2464 Sucula,’
432 2423 555 2463 inquit,
579 2423 589 2439 ‘
603 2421 755 2452 machina
774 2427 828 2452 est
852 2426 939 2452 trac-

234 2475 350 2505 tatorii
376 2473 519 2514 generis,
539 2478 675 2503 constat
702 2477 814 2503 autem
838 2470 942 2502 tereti

234 2525 326 2565 liguo
355 2524 484 2554 dnobus
513 2529 573 2554 aut
601 2522 754 2563 pluribus
782 2521 940 2553 vectibus

235 2575 399 2615 trajectm
423 2574 593 2614 utrimque
621 2582 718 2613 aequa
742 2572 940 2603 extantibus

234 2625 460 2665 longitudine,
477 2625 549 2655 liaec
567 2623 646 2654 dum
666 2629 834 2661 versatur,
847 2622 938 2653 funis

235 2676 291 2718 qui
313 2676 490 2707 ductarius
506 2675 646 2713 dicitur,
666 2675 758 2706 circa
780 2684 854 2705 eam
881 2675 938 2705 ob-

237 2727 410 2758 volvitur!
453 2726 572 2758 Innuit
583 2731 694 2757 autem
709 2726 828 2757 Festus
843 2735 939 2757 sucu-

995 1410 1060 1440 lam
1078 1408 1122 1439 ob
1146 1406 1400 1438 similitudinem
1425 1405 1563 1443 suculae,
1584 1404 1615 1435 id
1636 1409 1701 1443 est,

995 1458 1130 1499 scrofas,
1147 1458 1285 1494 dictam,
1302 1457 1381 1497 quia
1404 1461 1441 1486 nt
1462 1454 1586 1486 scrofae
1616 1455 1701 1485 uber

995 1510 1090 1550 porci
1117 1509 1352 1541 circumstant,
1376 1507 1423 1536 ita
1450 1506 1599 1536 suculam
1624 1514 1701 1544 por-

996 1560 1074 1591 culi.
1122 1560 1209 1590 Nam
1228 1558 1388 1597 porculus
1406 1565 1510 1587 uncus
1529 1555 1654 1585 dicitur
1669 1555 1700 1584 in

997 1611 1106 1642 media
1121 1610 1237 1641 sucula
1253 1609 1308 1650 qui
1335 1607 1449 1638 funem
1474 1613 1569 1637 tenet
1591 1615 1699 1646 eoque

997 1660 1211 1692 convolvitur
1225 1659 1301 1689 dum
1317 1659 1433 1689 sucula
1449 1663 1616 1688 versatur.
1645 1657 1700 1687 De

997 1712 1165 1753 hyadibus
1183 1711 1270 1752 quod
1288 1710 1445 1750 imperite
1461 1719 1478 1738 a
1494 1708 1621 1739 Latinis
1636 1709 1699 1739 Su-

998 1764 1083 1794 culae
1102 1762 1201 1793 dictae
1225 1760 1417 1800 si111,quasi
1442 1764 1556 1790 essent
1583 1769 1602 1789 a
1634 1759 1701 1789 sui-

996 1812 1059 1843 bus
1092 1813 1215 1843 Cicero
1246 1811 1304 1842 lib.
1337 1820 1377 1841 11.
1407 1810 1449 1840 de
1481 1810 1564 1841 Nat.
1593 1811 1701 1841 Deor.

996 1866 1004 1880 ‘
1022 1864 1121 1894 Tauri
1141 1868 1245 1903 caput
1271 1862 1378 1893 stellis
1403 1871 1625 1900 conspersum
1650 1865 1702 1892 est

993 1913 1243 1955 frequentibus.
1263 1913 1333 1944 Has
1345 1913 1457 1944 Graeci
1471 1913 1596 1947 stellas,
1609 1911 1702 1942 ὑάδας

997 1970 1307 1996 voc1tare-suerunt
1324 1974 1341 1993 a
1359 1964 1519 2002 pluendo,
1536 1963 1598 1993 ὕειν
1611 1964 1700 1994 enim

995 2021 1048 2046 est
1067 2016 1204 2055 pluere:
1232 2014 1338 2044 nostri
1363 2013 1520 2053 imperite
1545 2013 1700 2052 Snculas,

995 2066 1090 2106 quasi
1109 2076 1128 2095 a
1153 2064 1269 2096 suibus
1286 2069 1413 2101 essent,
1431 2072 1495 2093 non
1521 2063 1561 2093 ab
1586 2062 1701 2093 imbri·

996 2117 1069 2151 bns,
1081 2115 1286 2146 nominatae!
1337 2113 1576 2144 1‹1en1P1in.=.
1593 2122 1700 2144 xvui.

994 2177 1070 2208 cap.
1097 2170 1150 2198 26.
1196 2167 1241 2197 Et
1269 2165 1359 2205 apud
1391 2165 1541 2196 Gellium
1570 2165 1699 2196 Tullius

993 2219 1074 2249 Tiro
1093 2218 1150 2248 lib.
1168 2226 1250 2249 xiii.
1267 2226 1343 2256 cap.
1357 2218 1388 2247 9.
1412 2215 1494 2247 Duc.

1036 2275 1049 2290 ⁰
1073 2270 1130 2301 Sic
1143 2267 1373 2308 versantesquc]
1397 2267 1481 2297 Ha‘c
1493 2267 1580 2297 male
1594 2266 1698 2307 rejec-

996 2324 1031 2351 ta
1044 2326 1122 2351 suut
1136 2325 1212 2361 post
1226 2329 1340 2350 vocem
1354 2317 1450 2348 sibus.
1484 2317 1615 2348 Locum
1632 2315 1699 2348 adi.

997 2373 1096 2404 Idem.

1040 2423 1132 2454 Ante
1149 2419 1345 2459 Sudiculum]
1372 2420 1425 2449 De
1442 2418 1585 2449 Suc-culis
1607 2418 1699 2458 loqui

997 2473 1132 2504 Festum
1150 2480 1217 2501 non
1234 2470 1364 2507 dubito,
1381 2479 1462 2510 quas
1485 2468 1602 2500 Graeci
1619 2468 1699 2508 hya-

996 2523 1055 2554 das
1069 2522 1266 2563 appellant:
1291 2521 1372 2550 licet
1388 2519 1542 2560 ‹linaedam
1559 2518 1697 2549 mendo-

995 2584 1031 2605 sa
1047 2574 1114 2604 sint
1130 2573 1161 2603 in
1176 2572 1225 2602 his
1238 2571 1423 2601 dimidiatis
1438 2569 1562 2601 verbis.
1600 2569 1698 2600 Cice-

994 2634 1031 2655 ro
1047 2624 1105 2654 lib.
1122 2632 1161 2653 11.
1179 2621 1222 2652 de
1247 2621 1327 2652 Nat.
1344 2621 1448 2651 Deor.
1464 2620 1473 2636 ‘
1492 2620 1564 2650 Has
1583 2619 1698 2650 Graeci

995 2674 1108 2705 stellas
1122 2672 1248 2713 hyadas
1262 2671 1412 2702 vocitare
1427 2675 1582 2707 suerunt,
1594 2678 1611 2699 a
1624 2669 1696 2709 plu-

995 2724 1098 2755 endo:
1127 2722 1190 2752 ὕειν
1219 2721 1307 2753 enim
1340 2726 1391 2752 est
1424 2720 1560 2761 pluere:
1589 2718 1697 2750 nostri
