1876 3025
277 158 389 198 1190
721 165 872 196 SEXTI
907 164 1107 195 POMPEH
1144 165 1280 195 FEs'ri

279 265 348 305 sui
369 262 540 305 videtur
562 261 808 316 amplexus,
830 260 1003 315 quando
1024 264 1301 314 praegravant
1319 273 1388 313 ea,
1410 274 1512 315 quae
1531 268 1641 304 ,sunt
1658 276 1722 304 re-

279 345 376 373 rum
399 336 616 385 gestarum
632 330 685 370 P.
700 327 759 369 R.
801 328 935 382 Optio
949 328 1024 382 qui
1046 341 1161 369 nunc
1183 327 1357 378 dicitur,
1374 334 1505 371 antea
1527 332 1724 385 appella-

280 401 407 441 batur
447 410 686 440 accensus:
718 397 830 437 his¹³
862 395 1033 450 adjutor
1063 396 1250 437 dabatur
1279 397 1519 438 centurioni
1550 411 1578 439 a
1604 398 1725 440 Trib.

282 468 494 517 Militum,
536 466 610 519 qui
641 478 700 506 ex
731 478 783 506 eo
813 468 1024 518 tempore,
1056 477 1187 518 quem
1217 464 1367 514 velint,
1399 467 1726 508 centurionibus

280 536 545 590 permissum
568 538 638 574 est
659 537 839 587 optare:
871 532 1007 573 etiam
1028 544 1185 572 nomen
1216 540 1271 572 ex
1303 531 1422 574 facto
1445 533 1727 576 sortitus-est.

281 604 466 645 Plautus
488 603 530 642 in
553 601 787 642 Asinaria:
821 598 923 650 Qua
941 612 1026 649 me,
1045 611 1135 653 qua
1156 611 1353 648 uxorem,
1375 613 1462 653 qua
1483 604 1528 642 tu
1551 615 1728 644 servum

284 672 493 713 Sauream
517 674 657 723 potes,
680 667 974 718 circumduce,
995 666 1132 717 aufer,
1154 667 1362 720 promitto
1389 668 1469 708 tibi
1493 682 1578 710 non
1601 671 1729 711 obfu-

283 745 428 779 turum
467 737 504 778 si
543 736 588 777 id
629 735 827 776 effeceris
864 735 961 784 tibi,
997 735 1225 788 optionem
1265 737 1426 777 sumito
1467 736 1729 780 Leonidam.

284 805 568 846 Obsidionem
585 803 736 858 potius
756 802 989 843 dicendum
1007 815 1124 852 esse,
1139 816 1270 856 quam
1293 804 1530 855 obsidium,
1551 806 1733 860 adjuvat

284 887 364 914 nos
386 872 632 915 testimonio
653 885 734 912 suo
763 870 928 912 Ennius
959 871 1002 911 in
1032 871 1271 912 Telamone
1291 885 1423 925 quom
1454 874 1537 914 ait:
1569 874 1748 917 Scibas

284 945 431 982 natum
466 941 700 993 ingenuum
722 938 923 993 Ajacem,
944 939 1015 980 cui
1039 942 1084 980 tu
1106 939 1382 981 obsidionem
1412 954 1560 994 paras.
1621 942 1731 983 Item

285 1009 370 1049 alio
400 1009 524 1049 loco:
557 1008 741 1057 Hector,
763 1007 841 1060 qui
870 1006 989 1047 haud
1021 1012 1167 1047 cessat
1197 1007 1467 1048 obsidionem
1495 1009 1731 1050 obducere.

287 1075 423 1117 Orare
446 1077 650 1129 antiquos
673 1075 842 1116 dixisse
863 1088 944 1127 pro
967 1087 1108 1128 agere,
1141 1075 1388 1116 testimonio
1408 1080 1518 1125 sunt,
1547 1077 1665 1130 quod
1689 1082 1734 1118 et

287 1148 500 1193 oratores,
522 1150 564 1184 et
586 1144 629 1184 hi
653 1144 728 1197 qui
748 1155 862 1184 nunc
887 1141 1062 1195 quidem
1092 1142 1237 1194 legati,
1269 1146 1370 1183 tunc
1391 1156 1494 1183 vero
1523 1149 1734 1194 oratores,

288 1213 363 1265 qui
398 1213 502 1264 reip.
536 1211 768 1252 mandatas
808 1211 945 1264 partis
985 1211 1184 1263 agebant.
1244 1210 1406 1251 Ennius
1438 1224 1570 1265 quoq.
1603 1225 1733 1265 quom.

288 1278 400 1320 dixit
440 1280 482 1319 in
522 1279 548 1319 1.
587 1291 615 1319 1.
652 1279 914 1319 Annalium:
949 1278 1113 1319 Facere
1142 1290 1246 1319 vero
1277 1278 1398 1332 [180]
1430 1279 1549 1332 quod
1591 1284 1735 1320 tecum

288 1347 491 1399 precibus
536 1351 661 1399 pater
704 1353 812 1386 orat.
883 1345 1028 1386 Oscos
1068 1359 1183 1400 quos
1219 1346 1414 1387 dicamus
1454 1347 1515 1387 ait
1553 1346 1736 1387 Verrius

290 1413 469 1467 Opscos
502 1419 632 1455 antea
654 1413 820 1455 dictos:
853 1418 962 1454 teste
993 1414 1153 1463 Ennio,
1176 1427 1305 1468 quom
1329 1414 1471 1455 dicat:
1504 1414 1573 1455 De
1602 1416 1735 1456 muris

289 1495 377 1522 rem
399 1483 509 1535 gerit
527 1481 716 1536 Opscus.
768 1481 924 1522 Adicit
943 1481 1089 1532 etiam,
1106 1481 1226 1535 quod
1242 1486 1440 1535 stuprum
1463 1482 1735 1523 inconcessae

289 1550 486 1591 libidinis
518 1551 711 1590 obscena
738 1549 948 1599 dicantur,
973 1550 1028 1589 ab
1049 1549 1145 1603 ejus
1167 1549 1305 1602 gentis
1327 1550 1641 1591 consuetudine
1671 1550 1737 1591 in-

290 1618 448 1659 ducta:
482 1618 602 1672 quod
634 1631 783 1659 verum
819 1630 921 1658 esse
957 1630 1041 1658 non
1078 1618 1186 1658 satis
1219 1617 1432 1667 adducor,
1454 1631 1584 1672 quom
1620 1618 1739 1672 apud

292 1687 500 1739 antiquos
532 1700 678 1726 omnes
708 1686 796 1726 fere
827 1687 1022 1726 obscena
1055 1685 1173 1726 dicta
1203 1686 1307 1735 sint,
1338 1699 1438 1739 quae
1458 1686 1563 1726 mali
1585 1681 1739 1726 ominis

290 1753 584 1795 habebantur:
616 1759 662 1794 ut
682 1754 759 1795 illa
780 1753 959 1806 Virgilii
981 1754 1228 1794 testimonio
1252 1759 1367 1803 sunt,
1390 1758 1435 1794 ut
1467 1754 1740 1806 superiorum

293 1824 517 1861 auctorum
538 1822 746 1874 exempla
767 1821 923 1862 referre
945 1834 1034 1861 non
1056 1820 1114 1861 sit
1133 1833 1323 1871 necesse,
1345 1834 1476 1874 quom
1506 1822 1589 1862 ait:
1623 1821 1741 1862 Har-

293 1889 424 1941 pyias
465 1890 682 1930 obscenas
723 1889 953 1930 volucres:
995 1893 1041 1929 et
1079 1887 1379 1942 Obscenamq.
1423 1888 1596 1929 famem.
1669 1888 1739 1930 Ob

294 1958 610 2010 praepositione
631 1958 840 2010 antiquos
864 1969 969 1997 usos
992 1969 1087 1997 esse
1108 1969 1188 2009 pro
1211 1956 1283 2004 ad,
1308 1956 1432 1997 testis
1464 1962 1533 1996 est
1561 1956 1740 2004 Ennius,

295 2038 429 2077 quoin
461 2025 524 2065 ait
560 2035 730 2064 LX1111.
803 2024 967 2063 Omnes
1002 2023 1156 2073 occisi,
1186 2023 1414 2076 obcensiq.
1446 2023 1492 2062 in
1522 2029 1645 2064 nocte
1677 2037 1741 2064 se-

294 2103 424 2131 rena:
456 2091 501 2131 id
532 2096 611 2140 est,
658 2092 833 2131 accensi
851 2104 861 2131 :
882 2095 914 2119 ¹4
961 2096 1006 2130 et
1055 2091 1098 2130 in
1146 2089 1396 2142 Iphigenia:
1448 2090 1741 2131 Acherontem

296 2158 476 2198 adibo¹⁵
510 2159 584 2198 ubi
619 2158 773 2198 mortis
808 2157 1000 2198 thesauri
1036 2156 1293 2211 adjacent.¹⁶
1351 2157 1559 2211 Ejusdem
1592 2164 1741 2198 autem

295 2227 465 2278 generis
484 2238 581 2266 esse
604 2227 667 2266 ait
687 2225 867 2275 obferre,
887 2226 1056 2275 obtulit,
1079 2226 1284 2274 obcurrit,
1303 2225 1493 2274 oblatus,
1517 2226 1716 2279 objectus
1733 2240 1741 2263 :

295 2293 403 2333 mihi
424 2306 508 2334 non
530 2294 638 2333 satis
660 2293 907 2346 persuadet.
967 2292 1218 2343 Ostentum,
1241 2306 1328 2348 quo
1357 2306 1473 2333 nunc
1501 2294 1659 2333 utimur
1680 2295 1744 2334 in-

297 2361 462 2401 terdurn
487 2361 672 2414 prodigii
694 2362 804 2410 vice,
828 2361 931 2414 quin
951 2361 1269 2414 participaliter
1290 2374 1419 2414 quoq.
1451 2360 1539 2401 dici
1569 2361 1742 2401 solitum

298 2429 369 2476 sit,
392 2441 482 2468 non
503 2428 706 2469 dubium:
737 2427 845 2469 facit
867 2429 998 2468 etiam
1027 2428 1077 2469 C.
1106 2427 1333 2469 Gracchus
1364 2428 1416 2468 de
1448 2428 1620 2479 legibus
1647 2442 1672 2468 a
1697 2442 1743 2468 se

299 2496 596 2548 promulgatis,
620 2509 751 2549 quom
774 2497 864 2537 ait:
896 2496 1030 2545 Quod
1051 2509 1183 2537 unum
1205 2497 1332 2536 nobis
1355 2496 1398 2535 111
1420 2501 1653 2544 ostentum,
1680 2496 1744 2550 ip-

904 2615 1143 2629 eeeeeeeeeeee

348 2719 382 2745 [3
408 2715 427 2746 s.
445 2718 567 2747 {sn—H
593 2704 634 2747 al.
653 2717 863 2749 ducenta—15
888 2718 931 2749 al.
948 2717 1134 2749 ohim—16
1158 2716 1198 2748 al.
1222 2715 1367 2753 objacent.
