1876 3025
290 172 351 202 DE
383 168 654 201 vssssssoRUM
689 166 1099 198 slonmicA'rioNE
1135 166 1226 197 [ΛΒ.
1261 167 1389 197 xvii.
1477 157 1560 198 861

171 266 379 310 Manilius
410 264 512 306 hanc
547 262 694 319 refert:
716 262 825 318 quod
841 260 1016 304 Romam
1044 263 1121 317 qui
1150 262 1412 304 incoluerint
1436 265 1563 317 primi

169 335 433 390 Aborigcne8‚
453 333 684 383 hominem,
707 331 940 384 sexaginta
971 345 1171 371 annorum
1191 330 1263 386 qm·
1292 337 1403 382 esset,
1423 331 1563 371 immo-

169 403 256 444 lare
279 403 374 444 Diti
391 402 504 456 patri
521 399 751 455 quotannis
772 397 1073 454 solitijicerint,
1090 398 1200 454 quod
1221 399 1364 441 facere
1394 412 1470 440 eos
1491 399 1566 440 de-

168 470 316 512 stitisse
335 468 514 511 adventu
538 468 758 518 Herculis,
782 467 861 509 sed
889 467 1094 520 religione
1108 473 1251 522 postea
1272 466 1418 508 veteris
1444 467 1566 507 moris

169 539 364 593 scirpeas
386 537 609 579 hominum
629 535 786 591 effigies
807 535 854 576 de
867 541 993 589 ponte
1013 536 1057 576 in
1082 534 1259 577 Tiberim
1278 541 1410 576 vetere
1430 534 1564 575 modo

168 607 344 648 mittere
365 604 597 646 instituisse.
650 603 741 644 Alii
762 602 919 654 dicunt,
942 608 1137 646 morante
1150 604 1193 645 in
1210 603 1344 646 Italia
1368 600 1564 652 Hercule,

169 674 277 731 quod
290 673 458 730 quidam
473 674 561 729 ejus
576 673 787 715 comitum
803 672 1096 713 habitaverint
1109 671 1325 713 secundum
1339 670 1476 724 ripam
1489 669 1567 710 Ti-

169 741 339 795 beris‚¹6
360 748 495 796 atque
513 741 697 794 Argaeos
718 755 756 781 se
777 740 829 780 ab
848 739 1017 795 Argivis
1035 740 1279 782 vocaverint
1298 740 1416 781 arvis
1434 753 1443 780 :
1461 751 1566 792 quo-

169 823 264 851 rum
283 809 495 865 proditam
522 808 758 849 memoriam
786 807 1078 860 redintegrari,
1098 821 1152 848 eo
1186 813 1304 860 gente
1324 806 1485 846 missum
1513 803 1566 844 ab

174 875 323 918 Graeca
336 877 526 929 legatum
543 875 759 929 quendam
771 876 983 927 Argaeum
996 874 1068 915 diii
1084 889 1173 915 cum
1185 875 1239 916 iis
1251 874 1408 915 Romae
1425 886 1567 914 mora-

170 948 260 986 tum
274 957 393 986 esse:
409 944 478 984 his
493 948 541 984 ut
555 941 977 994 obiere't‚institutum
989 955 1016 983 a
1033 942 1354 990 sacerdotibus,
1364 944 1409 982 ut
1421 939 1568 995 effigies

171 1012 346 1066 scirpea
366 1024 424 1052 ex
445 1010 667 1060 omnibus,
688 1023 788 1051 cum
807 1022 909 1064 quae
926 1010 1121 1062 publicae
1142 1016 1174 1041 ¹⁷
1188 1016 1306 1050 erant
1323 1008 1382 1049 rei
1395 1008 1569 1048 nuntia-

171 1081 325 1129 visset,
342 1092 421 1134 per
441 1079 612 1128 fiumen,
626 1090 679 1119 ac
694 1090 811 1118 mare
829 1077 873 1118 in
890 1077 1076 1131 patriam
1093 1078 1402 1118 remitteretur.
1442 1076 1568 1124 Sunt,

171 1148 248 1202 qui
271 1147 435 1197 dicant,
463 1149 564 1201 post
596 1146 751 1187 urbem
785 1159 812 1187 a
848 1145 996 1187 Gallis
1029 1146 1259 1188 liberatam
1293 1145 1350 1185 ob
1375 1143 1570 1197 inopiam

171 1216 343 1257 cibatus
366 1219 545 1269 coeptos
578 1214 811 1266 sexaginta
842 1225 1050 1254 annorum
1086 1212 1285 1253 homines
1313 1210 1406 1264 jaci
1428 1210 1472 1250 in
1493 1209 1571 1250 Ti„

171 1283 308 1324 berim
327 1295 338 1334 3
369 1295 426 1323 ex
448 1295 537 1336 quo
555 1293 732 1322 numero
752 1293 862 1321 unus
884 1279 963 1320 filii
986 1279 1151 1334 pietate
1175 1278 1425 1320 occultatus
1447 1289 1570 1330 saepe

171 1350 383 1403 profuerit
404 1349 561 1403 patriae
583 1348 774 1391 consilio
792 1349 875 1389 sub
896 1360 1084 1401 persona
1106 1346 1184 1387 filii
1205 1360 1215 1388 ε
1246 1346 1290 1387 id
1314 1349 1362 1386 ut
1391 1345 1448 1385 sit
1469 1357 1572 1396 cog-

170 1418 323 1468 nitum,
341 1418 382 1459 ei
408 1417 563 1471 juveni
594 1430 695 1459 esse
723 1418 935 1470 ignotum,
957 1419 1002 1457 et
1023 1414 1331 1468 sexagenariis
1351 1413 1443 1455 vita
1471 1426 1573 1454 con-

173 1498 330 1528 cessa:
390 1486 581 1527 latebras
613 1490 756 1526 autem
779 1483 931 1538 ejus,¹3
956 1484 1120 1536 quibus
1143 1482 1332 1524 arcuerit
1350 1483 1383 1512 ¹9
1413 1493 1573 1528 senem,

172 1555 218 1596 id
256 1558 338 1605 est,
374 1553 631 1604 cohibuerit,
670 1558 714 1593 et
749 1550 975 1600 celaverit,
1004 1550 1239 1592 sanctitate
1273 1549 1430 1601 dignas
1471 1560 1572 1588 esse

172 1622 312 1671 visas,
342 1620 534 1674 ideoque
557 1618 718 1661 Arcaea
749 1618 984 1672 appellata.
1045 1617 1132 1658 Sed
1165 1616 1575 1670 exploratissimum

172 1688 286 1730 illud
308 1693 377 1730 est
397 1700 563 1737 causae,
587 1700 676 1741 quo
694 1692 889 1739 tempore
912 1685 1101 1739 primum
1121 1698 1199 1738 per
1220 1686 1398 1738 pontem
1422 1694 1575 1733 coepe-

173 1761 271 1798 runt
283 1762 299 1778 ¹¹
334 1755 529 1797 comitiis
563 1754 821 1806 suffragium
859 1753 988 1803 ferre,
1024 1752 1223 1805 juniores
1265 1751 1575 1792 conclamave‘

174 1829 290 1873 runt,
320 1827 367 1865 ut
386 1823 439 1863 de
460 1827 592 1876 ponte
617 1822 912 1876 dejicerentur
934 1819 1229 1872 sexagenarii,
1252 1818 1328 1872 qui
1340 1818 1434 1871 jam
1455 1816 1575 1856 nullo

174 1891 353 1945 publico
385 1902 564 1930 munere
593 1889 882 1942 fungerentur,
913 1892 961 1928 ut
991 1887 1081 1940 ipsi
1112 1886 1263 1940 potius
1298 1885 1399 1933 sibi,
1441 1896 1575 1936 quam

175 1959 257 2009 illi,
279 1958 519 2011 deligerent
535 1958 859 2011 imperatorem.
902 1955 1045 2008 Cujus
1068 1954 1300 1995 sententiae
1319 1958 1335 1974 ⁰
1356 1957 1421 1993 est
1441 1952 1575 1992 etiam

726 2074 823 2086 OO‘OO
829 2073 963 2086 “OOC“

160 2156 201 2185 16
224 2153 287 2184 Ed.
302 2152 393 2185 Scal.
407 2152 415 2168 ‘
429 2153 533 2192 ripam
547 2151 774 2183 haberi.'-l7
793 2151 878 2182 Ead.
893 2150 945 2181 ed.
961 2160 1088 2190 cumque
1102 2149 1335 2189 prtblz'cae.—18
1360 2148 1428 2180 Pro
1444 2146 1509 2185 ejas
1527 2146 1577 2176 vir

121 2195 213 2228 doct.
238 2197 269 2227 in
287 2205 393 2236 marg.
411 2195 566 2237 ejusdem
582 2194 636 2226 ed.
650 2195 738 2234 conj.
756 2197 907 2226 eas.—l9
931 2193 1017 2225 Ead.
1034 2193 1087 2224 ed.
1104 2192 1258 2232 arguerit.

778 2311 922 2344 NOTAE

122 2396 276 2427 corpora,
291 2393 424 2428 gentes,
442 2387 591 2423 Mittite,
607 2396 682 2427 quae
698 2386 820 2417 Tuscis
918 2390 933 2406 ¹¹
956 2386 1022 2416 Per
1040 2388 1165 2425 pontem
1188 2380 1361 2424 coeperunt]
1384 2382 1440 2412 De
1467 2379 1579 2421 pontia

122 2438 335 2478 excipiantur
351 2439 458 2479 aquis.
505 2439 622 2469 Donec
637 2438 669 2468 in
682 2437 753 2468 liaec
765 2446 821 2468 ve-
876 2437 949 2476 bus,
961 2437 1019 2477 qni
1038 2435 1081 2467 ab
1093 2435 1199 2476 septis
1216 2432 1442 2465 comitialibus
1459 2430 1501 2461 ad
1520 2430 1579 2460 Di-

123 2489 174 2520 nit
183 2488 378 2527 Tirynthius
394 2498 486 2523 arva,
504 2488 683 2529 quotannis
698 2487 823 2518 Tristia
876 2486 1069 2518 ribitorium
1085 2490 1121 2516 et
1137 2485 1249 2516 villam
1268 2483 1439 2525 publicam
1461 2479 1579 2511 suffra=

124 2538 293 2570 Leucadio
310 2547 406 2568 sacra
419 2543 558 2579 peracta
568 2538 676 2569 modo.
721 2538 821 2569 Illum
877 2541 995 2577 gantes
1031 2535 1269 2576 traducebant,
1306 2538 1387 2565 nota
1425 2542 1477 2564 res
1515 2536 1579 2562 est.

123 2590 322 2620 stramineos
350 2589 382 2619 in
407 2598 526 2629 aquam
551 2588 681 2619 misisse
709 2588 821 2621 Quiri·
879 2589 979 2619 Idem.
1433 2595 1437 2599 '

124 2649 176 2671 tes
193 2651 201 2671 ε
229 2639 387 2671 Herculis
404 2640 560 2680 exemplo
578 2649 720 2680 corpora
736 2638 824 2671 falsa
922 2643 936 2657 ⁰
954 2637 1050 2676 Cujus
1060 2636 1237 2676 sententice]
1262 2636 1305 2666 Et
1319 2634 1421 2665 ovid.
1437 2642 1470 2663 v.
1486 2632 1577 2662 Fast,

118 2691 212 2730 jaci!
252 2691 303 2721 De
322 2691 443 2730 Argeis
464 2690 645 2721 comitibus
663 2691 823 2723 Herculis
879 2690 887 2706 ‘
902 2689 989 2719 Pars
1007 2693 1117 2728 putat,
1136 2692 1174 2718 ut
1194 2686 1328 2716 ferrent
1351 2686 1493 2724 juvenes
1512 2680 1578 2711 suf‘

129 2740 205 2771 vide
218 2742 250 2771 in
270 2741 278 2757 ‘
296 2740 398 2781 Argei
413 2740 420 2753 ’
439 2746 475 2772 et
491 2740 500 2755 ⁴
515 2740 669 2781 Argeos:
689 2741 768 2771 Dae.
880 2738 987 2779 fragia
998 2737 1245 2778 soli‚Pontibus
1260 2734 1406 2766 infirmos
1424 2732 1562 2772 praecipi
