1876 3025
258 147 342 190 688

710 160 856 191 SEXT!
892 161 1091 191 POMPEH
1127 162 1262 193 FESTI

261 250 491 293 Polubrum
522 267 601 293 esse
633 252 906 303 existimant?
923 267 1053 307 quam
1088 269 1156 295 nos
1179 255 1342 297 Pelvlm
1367 270 1569 308 vocamus,
1591 260 1704 314 cujus

317 319 452 359 eadem
472 320 744 374 formulaque
772 326 838 362 est
863 319 1033 374 polubri
1046 325 1081 344 ²0
1117 328 1354 377 teneturque
1377 338 1500 364 manu
1521 325 1706 376 sinistra,

316 391 366 426 ut
387 386 484 440 ejus
506 387 761 439 significatio
777 386 901 427 docet.

261 450 515 506 Proptervia
536 452 803 507 appellabant
824 454 1006 507 auspicia
1029 469 1118 510 quae
1138 470 1176 496 se
1188 463 1359 511 propter
1379 458 1488 499 viam
1511 464 1707 501 ostentu-

320 519 417 560 bant

934 588 1046 629 infir.

261 653 410 694 Pretet
429 654 626 695 tremonti
646 659 927 708 praetremunt
949 661 1033 708 pe.¹

1436 692 1449 710 5

261 719 450 760 Publicig
472 719 663 775 Augures
683 721 815 761 eodem
823 722 927 775 jure
949 737 1037 762 cum
1053 723 1191 764 ceteris
1213 725 1452 780 auguribus
1474 741 1552 767 non
1570 735 1704 768 erant.

319 784 430 826 Nam
458 802 548 827 cum
580 794 704 828 essent
735 803 911 843 augures
941 804 1105 831 numero
1136 792 1293 844 plures,
1318 792 1479 846 publici
1499 794 1709 848 mcy'estate

318 860 464 894 ceteros
495 854 732 894 anteibant:
791 856 909 910 origo
942 864 1127 908 vetusta,
1149 857 1316 915 ideoque
1347 860 1530 902 obscura.

1592 859 1711 901 Illud

868 963 1104 977 dumetae

304 1036 345 1063 20
370 1033 566 1074 Legendutn
580 1040 693 1066 monet
711 1036 796 1067 Dae.
813 1036 878 1075 ejus
893 1039 997 1069 eadem
1011 1038 1151 1076 formula
1164 1049 1232 1079 quoe
1243 1043 1288 1071 est
1302 1041 1495 1081 polubri.—1
1523 1042 1710 1081 proptervia

260 1076 466 1116 appellabant,
480 1079 532 1116 lise.
576 1078 664 1109 Haec
681 1088 792 1120 neque
809 1080 840 1110 in
858 1081 910 1112 ed.
924 1081 1013 1112 scal.
1031 1091 1138 1123 neque
1157 1082 1189 1113 in
1207 1082 1263 1114 ed.
1279 1084 1369 1115 Dae.
1384 1087 1475 1115 1681.
1494 1089 1673 1124 apparent.

918 1166 1062 1199 NOTAE

307 1223 318 1244 s
334 1226 503 1256 Polubrum
527 1237 592 1258 esse
615 1228 813 1268 existimant]
857 1230 960 1270 Lege,

262 1274 343 1312 Ejus
370 1277 475 1306 eadem
493 1277 633 1314 formula
663 1289 732 1318 quae
758 1283 804 1310 est
830 1281 960 1319 polubri.

262 1326 351 1357 Vide
367 1337 470 1368 supra
485 1331 493 1345 ‘
509 1330 726 1369 pollubruni,’
741 1342 759 1362 a
772 1333 960 1373 polluo‚pol-

261 1375 381 1407 lubrum
398 1387 455 1408 vas
472 1380 682 1419 excipiendae
699 1392 794 1423 aquae
808 1384 961 1414 manibus

263 1426 438 1458 abluendis
454 1430 602 1468 pollutae.
646 1432 841 1464 Tenebatur
861 1443 960 1464 mauu

260 1475 406 1515 sinistra,
415 1478 537 1510 dextra
548 1490 627 1512 vero
641 1488 767 1521 guttus,
776 1483 864 1514 unde
875 1493 961 1525 aqua

263 1523 514 1559 effundebatur.
539 1529 637 1560 Idem.

306 1581 321 1602 ἕ
343 1576 394 1607 Pu
398 1599 539 1611 .....
543 1580 555 1620 ]
587 1580 694 1612 Plane
729 1582 848 1622 ignoro
879 1583 959 1624 quid

263 1625 319 1657 sit.
343 1627 512 1659 Jos.Scal.

306 1677 430 1708 Publici
446 1679 608 1720 Augures]
634 1681 689 1712 Ita
713 1682 745 1712 in
767 1683 898 1713 schedis
915 1684 960 1714 lo-

262 1736 337 1757 cum
353 1728 450 1758 istum
474 1739 508 1759 se
526 1732 740 1762 resarcivisse
757 1734 806 1763 ait
825 1734 959 1765 Fulvius

262 1776 415 1810 Ursinus.
461 1780 546 1812 Quae
577 1782 698 1812 desunt
727 1784 759 1813 iu
786 1783 850 1814 fine
878 1790 960 1824 puto

262 1828 366 1858 verba
388 1838 460 1860 esse
485 1840 526 1860 ex
550 1831 646 1862 libris
670 1842 844 1873 angurum.
891 1835 959 1865 Au-

261 1886 361 1913 gures
380 1879 521 1917 primum
538 1889 557 1909 a
577 1881 718 1912 Romulo
736 1883 884 1914 instituti
902 1894 961 1915 nu-

263 1935 355 1956 mero
383 1931 462 1961 tres,
486 1938 527 1957 ex
547 1930 678 1968 singula
697 1932 783 1962 tribu
801 1933 961 1972 singulus.

263 1975 401 2011 Postea,
433 1986 452 2006 a
478 1979 595 2008 Servio
618 1979 739 2016 Tullio,
766 1987 804 2011 ut
829 1987 964 2022 putant,

262 2034 347 2055 unus
375 2026 521 2058 additus.
566 2028 662 2068 quue
687 2034 832 2070 quatuor
848 2041 963 2062 omnes

264 2075 415 2114 patricii,
445 2076 494 2106 his
519 2078 667 2119 quinque
691 2079 787 2109 alteri
805 2089 846 2110 ex
864 2081 962 2119 plebe

266 2125 387 2165 additi,
401 2126 492 2157 Q.et
508 2128 567 2158 Cu.
591 2128 731 2168 Ogulnii
749 2129 874 2160 tribuni
893 2131 963 2169 ple-

265 2175 316 2205 bis
348 2177 545 2216 rogatione:
569 2178 624 2209 liic
651 2188 807 2210 numerus
838 2181 964 2212 mansit

264 2235 368 2266 usque
393 2226 433 2256 ad
459 2226 666 2258 dictaturam
695 2229 798 2269 Syllae
828 2229 962 2266 Felicis,

264 2277 321 2317 qui
338 2286 396 2307 sex
415 2276 556 2313 addidit,
586 2284 621 2309 et
638 2281 683 2309 ita
699 2280 887 2320 quindecim
906 2291 964 2311 au-

266 2335 366 2366 gures
384 2326 479 2366 facti,
496 2337 606 2368 neque
626 2334 749 2368 postea
771 2330 879 2361 crevit
903 2339 962 2360 nu-

265 2386 391 2409 merus.
436 2378 561 2408 Eorum
579 2383 689 2409 autem
705 2379 762 2410 alii
779 2379 962 2420 ‘majores‚'

267 2428 325 2459 alii
339 2429 347 2443 ‘
361 2427 531 2466 minores,'
547 2429 617 2458 sive
634 2429 688 2458 alii
713 2432 721 2445 ‘
736 2429 885 2468 privati,’
906 2430 963 2460 alii

264 2476 437 2518 ‘publici.’
483 2478 610 2508 Publici
640 2478 854 2515 dicebantur,
883 2479 964 2511 ‘au-

267 2538 366 2568 gures
399 2529 523 2569 publici
549 2529 663 2569 populi
685 2530 825 2560 Romani
852 2530 964 2562 Quiri·

268 2577 375 2609 tium.'
401 2579 439 2609 In
459 2583 591 2609 vetusto
608 2588 796 2610 marmore:
815 2588 855 2610 M.
870 2589 962 2611 MAR-

268 2637 339 2659 cto.
366 2637 533 2660 MEMMio.
549 2637 670 2660 Fumo.
689 2638 883 2661 BALBUTIO.
897 2640 964 2662 CAE-

270 2686 431 2711 cimANO.
455 2688 622 2712 PLACiDO.
647 2688 677 2711 c·
710 2689 742 2712 v.
780 2689 964 2712 PONTlFtCt

1015 1240 1166 1262 MAJom.
1203 1240 1357 1263 AUGURI.
1395 1240 1559 1263 Pontico.
1604 1240 1636 1262 Ρ.
1676 1241 1711 1263 R.

1014 1289 1228 1314 QUllu'rlUM.
1273 1282 1318 1312 Et
1341 1282 1388 1313 ita
1414 1281 1712 1322 distinguebantur

1015 1340 1034 1360 a
1064 1330 1218 1371 privatis,
1243 1331 1313 1361 sive
1343 1331 1577 1370 Imperatoris.
1622 1331 1711 1362 Nam

1014 1381 1245 1421 Imperatores
1258 1381 1460 1412 domesticos
1471 1381 1643 1412 habebant
1656 1391 1712 1412 au·

1016 1442 1128 1472 gures,
1145 1431 1201 1473 qui
1226 1441 1287 1472 pro
1304 1441 1419 1463 eorum
1437 1432 1546 1463 salute
1566 1431 1711 1462 excuba-

1016 1486 1091 1511 rent
1103 1486 1138 1512 et
1151 1481 1303 1521 auspicia
1314 1486 1506 1521 captarent.
1553 1480 1712 1521 Augures

1015 1531 1160 1570 primum
1175 1540 1193 1560 a
1210 1530 1359 1570 Collegio
1379 1530 1596 1561 creabantur.
1642 1530 1713 1561 De-

1015 1581 1094 1612 inde
1120 1591 1138 1612 a
1169 1581 1321 1621 Collegio
1359 1581 1400 1612 ad
1432 1582 1549 1622 populi
1581 1585 1712 1620 partem

1015 1631 1184 1672 quandam
1208 1633 1367 1663 selectam
1387 1632 1445 1672 jus
1469 1631 1550 1662 illud
1573 1632 1713 1661 transla-

1016 1687 1085 1713 turn
1118 1683 1205 1722 lege,
1231 1692 1328 1723 quam
1355 1683 1433 1713 tulit
1458 1682 1518 1713 Cn.
1543 1681 1714 1712 Domitius

1015 1732 1242 1770 AEnobarbus,
1266 1732 1360 1772 cujus
1377 1731 1530 1762 meminit
1546 1731 1658 1761 Cicer.
1676 1738 1715 1760 ir.

1017 1781 1141 1821 Agrar.
1176 1782 1306 1812 Vellem
1325 1791 1404 1812 vero
1417 1782 1579 1812 Veterum
1597 1786 1713 1812 aucto—

1017 1831 1119 1862 ritate
1135 1831 1215 1861 illud
1232 1832 1353 1862 Festus
1364 1831 1611 1868 confirmasset,
1625 1830 1713 1871 quod

1018 1882 1077 1920 ait,
1094 1881 1308 1912 manifestum
1326 1890 1399 1911 esse
1416 1886 1507 1911 sorte
1523 1880 1624 1920 deligi
1637 1880 1715 1910 soli-

1018 1936 1068 1961 tos
1084 1932 1139 1972 qui
1163 1941 1305 1970 augures
1330 1931 1454 1971 publici
1479 1932 1517 1961 Ρ.
1536 1931 1578 1960 R.
1602 1930 1715 1963 Quiri-

1018 1982 1100 2012 tium
1119 1981 1336 2020 di‘cerentur3
1367 1981 1492 2011 nullum
1510 1981 1596 2010 euim
1616 1980 1714 2020 liujus

1018 2034 1120 2061 moris
1158 2030 1349 2070 vestigium.
1394 2030 1500 2060 Immo
1539 2030 1641 2060 etiam
1680 2035 1715 2060 et

1017 2079 1160 2111 observo
1178 2079 1229 2109 vel
1247 2079 1288 2109 ab
1315 2079 1528 2120 Imperatore
1553 2079 1605 2109 vel
1623 2089 1642 2109 a
1658 2089 1715 2119 po·

1019 2131 1097 2171 pulo
1114 2129 1194 2160 illud
1219 2129 1352 2160 lionoris
1380 2130 1488 2169 gratia
1506 2139 1715 2169 concessum,

1018 2186 1055 2210 ut
1071 2188 1177 2220 augur
1193 2179 1336 2210 liaberet
1357 2179 1581 2210 sacerdotium
1606 2180 1713 2220 publi-

1017 2239 1106 2260 cum.
1151 2229 1225 2260 Liv.
1245 2229 1301 2259 lib.
1325 2238 1349 2260 1.
1376 2234 1459 2260 sect.
1476 2233 1527 2261 38.
1552 2229 1656 2260 ‘Inde
1673 2230 1714 2261 ab

1017 2289 1157 2320 augure,
1173 2280 1227 2310 cni
1243 2279 1367 2310 deiude
1384 2280 1518 2311 lionoris
1535 2290 1615 2320 ergo
1630 2281 1713 2320 pub-

1017 2331 1117 2361 licum
1133 2329 1167 2360 id
1192 2335 1463 2371 perpetuumque
1486 2331 1713 2362 sacerdotium

1018 2380 1096 2419 fuit,
1123 2379 1288 2411 deductus
1321 2381 1352 2410 in
1383 2381 1521 2418 arceui‚'
1549 2383 1612 2412 ἃς.
1660 2382 1714 2412 De

1019 2430 1154 2470 templis
1171 2430 1388 2470 auguralibus
1407 2431 1484 2461 alibi
1507 2431 1634 2462 dictum
1652 2436 1715 2462 est.

1018 2481 1060 2511 In
1077 2480 1142 2511 fine
1167 2483 1258 2510 extra
1280 2481 1385 2511 urbem
1408 2481 1558 2521 reposuit
1580 2482 1714 2512 Fulvius

1020 2531 1176 2566 Ursinus,
1193 2530 1252 2561 sed
1270 2531 1404 2562 omnino
1429 2532 1548 2562 Festus
1571 2532 1715 2572 scripse-

1020 2585 1075 2611 rat
1090 2581 1174 2611 intra
1190 2581 1304 2612 urbem.
1354 2581 1440 2613 Vide
1465 2592 1565 2623 supra
1589 2588 1596 2600 ‘
1609 2583 1715 2623 prosi-

1020 2631 1185 2662 murium.'
1208 2632 1290 2664 Dae.
