1876 3025
292 183 354 212 DE
387 178 658 209 VERBORUM
695 173 1106 207 SIGNlFch'rloNE
1142 173 1238 202 Lln.
1271 171 1398 202 xv11.

1487 160 1573 201 875

171 278 322 319 Labeo
347 277 422 325 ait,
439 276 482 315 in
507 273 820 316 commentario
842 268 1169 325 quintodecimo
1191 267 1220 309 J
1225 268 1313 307 uris
1331 265 1570 316 Pontificii,

169 346 270 386 sana
296 345 451 385 sistere
469 355 567 383 esse
584 341 856 382 lectisternia
875 339 1008 380 certis
1021 337 1131 378 locis
1154 339 1196 376 et
1215 336 1315 376 Diis
1337 334 1512 374 habere.

119 414 286 454 Sistere
307 412 409 453 fana
430 424 527 452 cum
549 410 755 458 dicerent,
778 407 1112 460 significabatur
1139 404 1346 445 lectister-
1394 401 1570 453 [PAUL.

166 482 241 522 nia
257 481 388 521 certis
410 479 454 520 in
475 478 579 519 fano
598 477 708 518 locis
732 488 1013 529 componere.

115 548 369 588 SOBRINUS
394 549 460 587 est
483 545 624 599 patris
650 544 731 584 mei
755 542 1004 584 consobrini
1027 540 1158 588 filius,
1179 542 1221 579 et
1242 537 1391 578 matris
1414 548 1570 578 conso-

167 615 304 655 brinae
326 615 452 654 filius.

111 683 324 724 Sobrinus
340 687 356 703 ³
387 686 466 731 est,
491 687 541 721 ut
559 681 620 721 ait
641 679 801 721 Gallus
824 678 982 728 AElius,
1007 677 1149 730 patris
1172 677 1255 716 mei
1274 687 1377 716 con·
1400 672 1568 726 [FEST.

168 749 333 791 sobrini
364 750 496 798 filius,
529 754 574 789 et
608 747 762 788 matris
784 760 896 787 meae
921 746 1198 786 consobrinae
1220 744 1357 784 filius:
1388 740 1570 782 soemina

166 818 323 859 iisdem
355 818 410 858 de
442 818 590 858 causis
624 816 823 870 appellat
843 815 1029 862 fratrem,
1046 819 1088 854 et
1108 813 1282 853 fratrem
1307 808 1569 864 patruelem,

167 892 210 927 et
227 886 551 934 consobrinum,
565 890 608 925 et
625 884 808 938 propius
829 883 1131 929 consobrino,²
1150 885 1196 920 et
1211 880 1411 920 sobrina:
1435 876 1569 917 iidem

167 953 322 1006 gradus
344 955 388 994 in
407 954 584 994 sobrina
606 964 785 1006 quoque
808 953 919 990 sunt.
1477 954 1482 959 ·

110 1022 311 1063 Sobrium
330 1021 345 1045 b
376 1023 521 1063 vicum
543 1020 703 1061 dictum
727 1025 881 1073 putant
919 1015 1104 1057 Cloatius
1125 1020 1168 1055 et
1193 1013 1340 1055 AElius
1376 1011 1493 1066 quod
1527 1011 1569 1050 in

165 1104 208 1129 eo
231 1087 367 1129 nullus
385 1088 561 1130 taberna
581 1089 723 1137 locus,
746 1099 883 1140 neque
902 1081 1263 1138 cauponaefneric.
1306 1080 1398 1121 Alii
1414 1078 1534 1134 quod
1555 1083 1566 1106 ³

165 1158 210 1198 in
231 1170 283 1198 eo
308 1155 517 1197 Mercurio
541 1170 620 1196 non
648 1156 766 1204 vino,
791 1153 860 1193 secl
880 1152 995 1201 lacte,
1016 1151 1196 1191 solitum
1218 1149 1269 1189 sit
1285 1146 1521 1201 supplicari.

110 1225 317 1266 Sobrium
351 1226 497 1266 vicum
531 1225 691 1266 Romae
725 1224 887 1264 dictum
919 1224 1093 1274 putant,
1126 1219 1195 1258 vel
1218 1216 1338 1270 quod
1361 1216 1403 1256 in
1425 1228 1479 1255 eo
1505 1218 1569 1255 ta-

164 1294 299 1334 berna
331 1293 450 1334 nulla
478 1293 624 1343 fuerit,
660 1292 733 1334 vel
761 1290 879 1345 quod
914 1289 958 1329 in
994 1301 1049 1329 eo
1086 1285 1308 1328 Mercurio
1329 1285 1460 1333 lacte,
1484 1294 1569 1322 non

163 1363 281 1412 vino,
304 1362 651 1416 supplicabatur.

108 1429 298 1470 Sodales
320 1435 334 1451 ⁰
365 1429 487 1479 dicti,
520 1429 638 1482 quod
669 1441 756 1469 una
787 1427 992 1468 sederent
1025 1429 1066 1465 et
1087 1425 1248 1471 essent,
1271 1420 1339 1461 vel
1363 1418 1481 1473 quod
1512 1431 1568 1458 ex

166 1510 248 1537 suo
271 1497 460 1550 dapibus
484 1497 604 1537 vesci
626 1496 747 1537 soliti
769 1496 871 1544 sint,
903 1494 975 1535 vel
1007 1491 1125 1546 quod
1155 1490 1264 1531 inter
1300 1501 1346 1529 se
1379 1487 1568 1528 invicem

166 1565 423 1615 suaderent,
447 1565 567 1618 quod
590 1565 698 1605 utile
715 1569 849 1605 esset.

733 1663 831 1674 ooooo

835 1660 970 1674 eeeeeee

150 1733 168 1760 2
189 1729 250 1759 Vir
266 1729 356 1760 doct.
374 1729 406 1759 in
432 1739 539 1768 marg.
567 1729 622 1759 ed.
651 1729 741 1760 Scal.
757 1728 843 1768 conj.
869 1726 1070 1757 sobrium—3
1106 1722 1189 1755 Ead.
1212 1720 1267 1753 ed.
1291 1720 1384 1751 ‘Alii
1408 1716 1570 1759 aliquod!

112 1778 148 1803 et
166 1782 254 1811 mox,
280 1777 287 1790 ‘
300 1783 358 1803 uon
374 1773 452 1803 lacte
463 1774 516 1803 sed
533 1771 633 1803 vino.'

772 1867 911 1900 NOTAE

149 1937 163 1952 θ
187 1932 352 1972 sobrinus]
378 1932 434 1964 Ait
451 1933 604 1964 sobrinos
632 1933 698 1965 dici
727 1943 804 1964 con-

107 1983 316 2014 sobrinorum
348 1983 443 2014 filios.
478 1985 526 2016 Ut
554 1990 588 2016 et
615 1985 739 2016 Donat.
772 1985 805 2015 in

107 2034 197 2065 And.
217 2038 283 2065 act.
308 2043 341 2065 v.
366 2045 412 2066 sc.
437 2035 663 2074 4.‘Sob1·ini‚’
686 2035 806 2076 inquit,

103 2086 112 2102 ‘
133 2091 208 2116 sunt
231 2085 508 2116 consobrinorum
526 2085 607 2116 filii!
641 2086 710 2117 Pei·
727 2095 805 2117 con-

103 2135 256 2166 sobrinos
282 2141 395 2166 autem
424 2135 549 2177 fratres
577 2138 747 2177 patrueles
772 2141 807 2168 et

105 2186 232 2216 amitini
250 2187 461 2227 intelligendi
483 2192 574 2226 sunt,
600 2197 740 2228 qnorum
767 2188 805 2217 li-

103 2236 176 2267 beri
191 2237 328 2277 proprie
340 2238 458 2268 sobrini
469 2238 639 2270 dicuntur.
661 2239 760 2269 Caius
772 2238 804 2268 in

104 2287 143 2318 L.
160 2296 215 2318 111.
233 2289 273 2319 D.
300 2289 340 2318 de
362 2288 454 2328 grad.
482 2294 516 2319 et
539 2288 641 2319 adfin.
666 2288 675 2305 ‘
694 2288 808 2327 Item,’

106 2337 227 2378 inquit,
242 2341 250 2355 ‘
269 2339 381 2378 patrui
396 2339 519 2378 magni,
532 2340 644 2370 aniitae
661 2349 807 2380 magnae,

105 2388 261 2419 avunculi
289 2390 414 2429 magni,
442 2394 632 2421 materterae
674 2400 805 2431 magnae

103 2448 221 2480 ηεροδ,
247 2441 381 2480 neptis:
407 2441 463 2480 qni
489 2450 530 2471 ex
559 2440 722 2472 fratribus
747 2451 805 2482 pa-

104 2489 280 2524 truelibus,
299 2496 356 2521 aut
375 2491 597 2528 consobrinis,
614 2497 672 2523 aut
696 2493 803 2524 amiti-

104 2541 169 2579 nis,
193 2540 341 2581 undique
367 2543 560 2582 propagati,
585 2544 723 2584 proprie
751 2554 801 2574 so-

106 2590 190 2620 brini
207 2590 392 2620 vocantur!
417 2591 513 2622 Infra
533 2593 565 2623 in
583 2593 692 2624 verbis
711 2594 804 2624 Festi

107 2639 287 2678 legendnm
318 2645 351 2669 nt
378 2641 411 2670 in
445 2642 551 2671 veteri
579 2642 636 2673 lib.
664 2643 805 2674 Foemina

104 2689 214 2719 iisdem
228 2691 265 2720 (Ie
281 2690 381 2720 causis
396 2692 528 2731 appellat
531 2691 681 2733 fratrem,
697 2696 726 2724 et
730 2693 804 2730 fra·

105 2743 185 2770 trem
202 2741 382 2779 patruelem,
398 2745 426 2772 ct
443 2742 665 2782 consobrinum,
687 2747 716 2774 et
734 2754 803 2783 pro-

102 2789 171 2829 pius
185 2790 306 2822 sobrino
328 2795 357 2822 et
369 2792 512 2824 sobriuoe.
551 2793 639 2825 Vide
666 2796 674 2812 ‘
692 2795 806 2835 propi-

860 1943 896 1963 us
914 1930 1072 1963 sobrino.’
1096 1930 1196 1960 Idem.

900 1983 915 2004 b
939 1982 1101 2021 Solu-ium]
1138 1978 1284 2011 Sobrium
1312 1977 1412 2007 vicum
1449 1975 1568 2005 dictum

862 2044 924 2066 esse
948 2036 1086 2064 testatur
1109 2031 1225 2069 AEIius,
1254 2029 1332 2068 quod
1359 2027 1391 2057 in
1412 2036 1445 2057 eo
1472 2034 1568 2064 neque

863 2086 999 2117 taberna>
1033 2085 1127 2121 locus,
1159 2090 1255 2120 neque
1283 2087 1428 2117 cztnponoe
1443 2076 1567 2114 suerit:

860 2137 916 2167 aliz·
950 2136 1029 2175 quod
1062 2134 1095 2164 in
1120 2143 1153 2163 eo
1190 2130 1348 2162 Mercurio
1379 2138 1438 2158 non
1476 2128 1566 2166 lacte,

860 2189 913 2217 sed
936 2186 1007 2216 vino
1036 2183 1160 2215 solitum
1180 2185 1247 2213 erat
1275 2177 1455 2220 supplicari.
1492 2176 1564 2208 Jos.

859 2238 947 2269 Scal.

902 2293 915 2308 ⁰
940 2286 1083 2326 sodales]
1105 2284 1233 2315 Mirum
1251 2281 1283 2312 in
1301 2279 1433 2311 modum
1449 2279 1566 2319 placet

862 2339 994 2370 sodales
1013 2337 1122 2367 dictos
1141 2333 1229 2375 quod
1254 2332 1295 2362 de
1319 2340 1378 2361 suo
1397 2330 1563 2360 ederent:

862 2399 937 2420 narn
955 2393 990 2418 et
1008 2386 1086 2417 inde
1100 2395 1156 2415 eos
1171 2383 1301 2414 Graecis
1317 2379 1515 2412 αὐτοδαίτους
1531 2384 1567 2410 et

863 2437 1081 2469 αὐτοδείπνους
1097 2436 1208 2466 dictos
1229 2433 1382 2473 reperio:
1412 2431 1565 2470 Hesych.

861 2489 1070 2525 αὐτόδειπνος,
1096 2486 1171 2516 ὅταν
1187 2496 1235 2515 τις
1256 2480 1446 2520 κεκλημένος
1463 2480 1566 2517 ἑαυτῷ

856 2540 944 2581 φέροι
958 2539 999 2570 τὰ
1016 2537 1064 2569 ἐπὶ
1076 2537 1112 2567 τὸ
1126 2536 1261 2566 δεῖπνον.
1308 2533 1349 2563 Id
1365 2537 1430 2571 est,
1446 2532 1454 2548 ‘
1473 2528 1564 2561 αὐτό-

859 2594 979 2623 δειπνος
996 2588 1129 2630 qnando
1148 2587 1221 2626 quis
1246 2584 1287 2615 ad
1311 2592 1440 2614 coenam
1461 2590 1561 2611 voca·

859 2650 912 2675 tus
930 2641 1112 2683 symbolam
1140 2636 1232 2668 fert!
1278 2634 1363 2665 Inde
1386 2632 1475 2671 apud
1498 2632 1563 2661 Te-

860 2697 948 2725 rent.
965 2690 1072 2722 Andr.
1094 2690 1102 2706 ‘
1119 2686 1313 2728 Symbolani
1328 2683 1435 2721 dedit,
1449 2690 1561 2712 coena-

860 2743 929 2774 vit.’
975 2743 1029 2772 De
1046 2738 1204 2777 congerris
1221 2736 1297 2766 vide
1322 2734 1355 2764 in
1382 2737 1391 2750 ‘
1406 2733 1560 2763 coerrae:'

863 2794 962 2825 iidem
981 2797 1015 2823 et
1040 2799 1187 2821 coucoenoe
1215 2786 1309 2818 dicti.
1346 2784 1458 2815 Gloss.
1475 2784 1559 2814 ‘con
