1876 3025
290 183 353 212 DE
386 180 657 212 VERBORUM
692 175 1098 211 SlGNlFchTloNE
1132 180 1228 212 Llss.
1263 181 1392 212 XVII.

1482 172 1568 213 849

174 291 272 319 cum
288 277 519 332 provincia
540 277 671 319 alicui
693 276 951 328 decernitur,
970 276 1086 331 quod
1108 281 1252 318 tamen
1271 277 1417 331 ipsum
1437 288 1566 319 sena-

173 347 436 387 tusconsulti
456 349 541 387 est.

117 414 243 455 Senis
265 412 487 455 crinibusb
518 414 731 454 nubentes
762 418 981 463 ornantur,
1013 412 1132 467 quod
1165 412 1204 453 is
1222 416 1401 453 ornatus
1421 416 1566 453 vetus-

173 482 373 523 tissimus
393 482 501 523 fuit:
518 481 696 536 quidam
711 482 829 535 quod
848 495 899 522 eo
919 481 1116 523 Vestales
1136 480 1324 534 virgines
1345 482 1567 529 ornentur,

174 561 358 601 quarum
379 549 629 591 castitatem
649 549 755 590 viris
775 549 869 590 suis
892 561 1061 602 sponoe

174 627 199 655 a
221 615 437 656 ceteris.¹4

119 682 302 724 Senium
319 689 334 706 ‘³
365 697 392 725 a
425 683 555 725 senili
583 684 834 734 acerbitate,

870 687 913 725 et
932 683 1056 725 vitiis
1078 682 1240 725 dictum
1262 697 1272 725 ε
1305 683 1454 737 posuit
1472 681 1570 724 033-

176 751 305 792 cilius
327 752 371 792 in
394 751 646 806 Hymnide:
679 752 784 793 Sine
805 765 931 794 suam
956 756 1228 795 senectutem
1249 751 1396 803 ducat,
1417 752 1572 804 utiquo

174 819 230 859 ad
248 821 415 861 scnium
434 820 631 861 sorbitio.

119 886 350 937 SenonaS,‘¹
394 887 566 938 Gallos,
603 887 786 929 Verrius
824 887 903 937 ait,
934 886 1177 928 existimari
1209 887 1439 941 appellari,
1468 888 1573 941 quia

726 994 963 1008 “oeeaeeoeeee

164 1075 203 1103 14
228 1073 279 1103 Ex
303 1071 479 1103 doctorum
508 1072 653 1103 virorum
680 1073 876 1113 conjectura
900 1073 1081 1113 legendum
1099 1076 1216 1103 monet
1243 1072 1334 1103 Dac.
1362 1081 1491 1112 quarum
1508 1082 1576 1102 cos-2

120 1116 244 1146 litatem
258 1115 335 1146 viris
347 1115 409 1146 suis
423 1116 573 1155 spondent
595 1116 747 1147 illibatam
763 1116 838 1154 sore
853 1127 872 1147 a
886 1116 1007 1148 ceteris.
1053 1115 1117 1146 Vir
1133 1115 1226 1147 doct.
1244 1115 1276 1146 iu
1291 1124 1396 1156 marg.
1413 1114 1469 1146 ed.
1485 1115 1576 1146 Scalt

120 1159 211 1199 conj.
226 1159 405 1199 spondeant.

775 1271 915 1303 NOTAE

163 1344 177 1365 ¹³
200 1344 292 1376 Senis
306 1345 460 1386 crinibus]
483 1346 563 1378 Seni
579 1346 688 1378 crines
705 1345 823 1377 dicun-

121 1396 228 1427 turin
254 1397 368 1437 capite
392 1403 553 1429 matronae
578 1398 739 1428 Romana»
764 1406 823 1427 sex

119 1450 222 1502 sertae
240 1446 382 1478 crinium
409 1448 494 1479 vitta
517 1453 553 1479 et
574 1447 724 1478 crinibus
742 1447 823 1488 ipsis

120 1497 294 1538 implexae,
312 1508 395 1538 quas
414 1498 534 1539 vulgus
549 1498 672 1529 trecias
686 1501 824 1529 vocant.

121 1547 178 1578 Sic
206 1547 298 1588 apud
326 1548 478 1580 Martial.
522 1548 714 1580 ‘Portabat
741 1557 826 1579 uxor

123 1597 198 1629 rufa
227 1599 377 1630 crinibus
406 1597 560 1639 septem.’
607 1599 700 1631 Niliil
731 1598 826 1629 aliud

122 1648 303 1690 significat,
329 1659 431 1691 quam
457 1649 599 1690 capillos
629 1649 663 1679 in
691 1654 825 1688 septem

124 1703 231 1731 sertas
255 1700 451 1739 distinctos,
468 1704 505 1730 ut
529 1699 679 1730 videmus
702 1703 826 1729 matro-

123 1759 183 1780 nas
208 1755 344 1781 ornatas
361 1751 393 1781 in
411 1750 586 1781 veteribus
602 1749 826 1780 numismatis.

124 1800 216 1831 Puto
231 1805 343 1832 autem
360 1800 611 1840 supposititiam
626 1808 757 1830 comam
772 1799 826 1830 hic

124 1851 283 1890 intelligi.
315 1852 384 1881 Jos.
407 1850 490 1881 Scal.
533 1849 620 1880 Inde
647 1849 765 1880 Plaut.
791 1850 826 1879 in

125 1902 281 1933 Mostell.
302 1905 369 1933 act.
396 1910 422 1932 1.
445 1910 491 1932 sc.
512 1902 542 1931 3.
589 1898 680 1930 ‘Soli
706 1908 828 1939 geren·

125 1951 205 1982 dum
222 1961 344 1983 censeo
360 1960 499 1990 morem,
511 1954 548 1981 et
562 1948 747 1989 capiundos
761 1949 828 1980 cri-

125 2000 211 2032 ues.'
255 2001 408 2032 Pessime
441 2009 523 2031 vero
553 1999 674 2037 virum,
703 1998 830 2039 alioqui

125 2050 371 2086 doctissimum,
388 2049 488 2082 video
503 2049 577 2080 liaec
592 2050 675 2080 sem's
690 2049 830 2080 crinibus

126 2102 314 2143 accepisse,
343 2101 436 2143 quasi
474 2105 639 2131 matronae
675 2099 827 2131 crinibus

125 2153 269 2184 hominis
294 2153 385 2184 senis
410 2156 627 2184 ornarentur.
673 2150 828 2181 Pessime

126 2204 229 2235 etiam
258 2203 385 2244 Scalig.
416 2203 473 2244 qui
506 2201 548 2233 ad
581 2201 671 2232 hunc
700 2210 829 2232 morem

127 2253 245 2284 retulit
262 2253 343 2284 illud
360 2252 514 2284 Martial.
538 2252 547 2269 ‘
561 2250 728 2282 Portabat
746 2260 830 2281 uxor

128 2302 237 2334 rufula
253 2303 403 2335 crinibus
425 2302 583 2343 septem.'
625 2301 714 2332 Nam
736 2300 831 2331 Mar-

129 2353 216 2384 tialis
233 2353 344 2385 facete
367 2363 506 2385 uxorem
529 2352 677 2383 rufulam
699 2352 830 2383 calvam

129 2403 296 2444 designat,
310 2405 439 2445 quippe
456 2404 551 2445 eujus
565 2403 669 2444 capiti
686 2403 740 2434 vix
755 2412 830 2442 sep-

131 2458 198 2485 tem
215 2454 323 2485 crines
337 2455 545 2486 adhaereant.
588 2453 722 2485 Gallice
739 2453 829 2485 dice-

131 2514 197 2540 res,
213 2514 286 2535 avec
300 2514 347 2536 ses
362 2509 468 2545 quatre
483 2505 628 2536 cheveux.
650 2504 734 2536 Dae.

174 2559 188 2575 c
216 2555 361 2596 Senium]
399 2555 528 2587 Caecilii
559 2565 677 2587 versus
707 2554 830 2586 mendo

131 2614 197 2636 nou
212 2609 342 2636 carent.
366 2605 443 2637 Ant.
459 2606 543 2645 Aug.

176 2655 322 2696 Senium]
351 2656 478 2686 Versus
495 2656 637 2696 Caecilii,
655 2666 753 2697 quem
770 2656 832 2687 viri

133 2707 227 2738 docti
252 2712 453 2747 corruptum
475 2712 609 2747 putant,
634 2717 699 2738 non
722 2708 831 2739 minus

135 2767 235 2788 sanus
262 2762 315 2788 est
339 2767 437 2798 quam
469 2758 524 2797 qui
553 2758 717 2789 maxime:
758 2758 834 2788 Sine

220 2811 334 2851 Delph.
357 2815 387 2842 et
410 2813 486 2844 Var.
513 2811 598 2842 Clas.
751 2812 860 2851 Pomp.

877 1355 963 1376 suam
974 1349 1161 1377 senectutem
1172 1346 1275 1384 ducat,
1287 1343 1393 1384 utique
1405 1342 1446 1373 ad
1460 1340 1580 1373 senium

876 1396 1017 1428 sorbitio.
1063 1396 1122 1427 Ait
1150 1395 1310 1427 ComiCiis
1340 1392 1456 1434 poeta,
1478 1392 1580 1431 ‘per-

877 1446 975 1478 mitte
993 1450 1030 1477 ut
1046 1446 1072 1477 is
1089 1445 1204 1487 quiete
1217 1450 1252 1476 et
1269 1443 1453 1484 tranquille
1468 1442 1582 1473 trahat

877 1505 970 1527 suam
988 1501 1215 1535 senectutem,
1231 1504 1307 1525 nam
1331 1499 1427 1524 certe
1444 1502 1520 1524 cum
1538 1490 1581 1522 ad

878 1545 1008 1576 senium
1035 1545 1245 1585 pervenerit,
1263 1543 1403 1574 sorbitio
1423 1551 1499 1573 eum
1518 1541 1583 1572 tol-

878 1595 952 1627 let!
997 1596 1065 1627 Ubi
1093 1605 1154 1636 per
1179 1594 1397 1626 sorbitionem
1422 1591 1463 1623 ad
1489 1596 1583 1622 vete-

879 1656 952 1677 rum
972 1655 1099 1676 morem
1123 1646 1250 1685 allusit,
1268 1644 1325 1685 qui
1347 1643 1506 1682 majorem
1525 1650 1582 1671 an-

878 1695 929 1725 nis
962 1695 1143 1734 sexaginta
1173 1694 1215 1725 de
1248 1699 1350 1733 ponte
1375 1694 1409 1723 in
1433 1691 1584 1722 Tiberini

879 1745 1124 1785 deturbabant,
1136 1744 1224 1775 unde
1235 1749 1352 1775 natum
1363 1741 1583 1784 proverbium

878 1796 1144 1836 ‘sexagenarios
1177 1795 1218 1825 de
1249 1792 1378 1835 ponte‚'
1411 1793 1463 1823 vel
1492 1792 1582 1833 quod

880 1846 990 1876 verius
1009 1850 1104 1886 puto,
1122 1844 1163 1875 ad
1181 1845 1327 1876 Ceorum
1339 1844 1449 1884 legem
1467 1841 1586 1872 allusit

879 1894 995 1937 po'e'ta,
1019 1905 1086 1936 qua
1109 1895 1253 1935 majores
1278 1893 1374 1925 annis
1402 1896 1455 1924 59.
1478 1891 1586 1923 sorbi-

879 1947 971 1977 tione
1002 1947 1125 1977 cicutae
1157 1954 1175 1976 e
1204 1945 1275 1975 vita
1302 1943 1522 1981 tollebantur,
1550 1946 1588 1972 ut

880 1995 1018 2037 reliquis
1035 1996 1145 2026 victus
1169 1993 1355 2026 sufficeret.
1402 1993 1512 2032 Hujus
1537 1991 1586 2022 le-

880 2048 930 2088 gis
948 2046 1100 2078 meminit
1116 2046 1281 2078 Menand.
1313 2044 1421 2076 Καλὸν
1435 2043 1472 2074 τὸ
1488 2042 1586 2083 Κείων

879 2098 1008 2138 νόμιμόν
1038 2099 1121 2137 ἐστι,
1149 2096 1256 2137 Φανία,
1285 2098 1322 2128 '0
1347 2096 1389 2135 μὴ
1419 2090 1586 2134 δυνάμενος

880 2150 937 2193 ζῇν
952 2151 1065 2190 καλῶς,
1076 2150 1110 2181 οὐ
1125 2148 1166 2191 ζῇ
1178 2150 1291 2180 κακῶς.
1317 2148 1394 2180 Hoc
1406 2151 1470 2187 est,
1487 2147 1587 2177 ‘Bel-

880 2203 948 2232 lum
964 2202 1027 2232 hoe
1045 2201 1190 2232 Ceorum
1203 2200 1398 2231 institutum
1416 2203 1480 2239 est,
1493 2198 1583 2229 Pha-

881 2252 948 2293 nia,
965 2252 1033 2285 Qui
1052 2261 1119 2282 non
1137 2255 1252 2292 potest
1270 2251 1383 2281 vivere
1404 2250 1504 2289 bene,
1521 2258 1587 2279 non

882 2302 968 2333 vivit
984 2301 1097 2333 male.’
1135 2301 1226 2332 Vide
1243 2301 1357 2332 Strab.
1374 2300 1433 2331 lib.
1452 2308 1487 2330 x.
1506 2309 1586 2339 pag.

881 2355 958 2384 486.
994 2351 1079 2383 edit.
1109 2351 1254 2382 Casaub.
1300 2350 1384 2380 vid.
1414 2353 1449 2380 et
1468 2349 1589 2380 AElian.

882 2403 942 2434 lib.
966 2412 1023 2434 ιιι.
1049 2413 1124 2443 cap.
1147 2405 1200 2433 37.
1248 2401 1393 2433 Notabis
1417 2404 1591 2441 praeterea

885 2455 919 2485 in
954 2463 1054 2485 versu
1093 2452 1235 2489 Caecilii,
1266 2455 1479 2483 senectutem
1516 2459 1591 2479 csse

886 2509 965 2535 ante
977 2504 1106 2534 senium
1119 2503 1353 2542 constitutam,
1365 2508 1488 2532 contra
1500 2499 1588 2540 qnod

885 2554 1085 2597 quibusdam
1108 2555 1211 2585 visum
1229 2558 1293 2588 est,
1306 2552 1362 2594 qui
1377 2551 1495 2582 senium
1514 2559 1590 2590 pro-

888 2610 1042 2647 peratam
1068 2610 1280 2636 senectutem
1307 2603 1590 2642 interpretantur.

888 2658 969 2688 Dae.

928 2707 942 2727 0¹
968 2705 1121 2746 Senonas]
1146 2704 1251 2737 Quasi
1269 2702 1380 2742 ξένους.
1427 2698 1589 2731 Alludcrc

890 2757 1024 2788 videtur
1050 2757 1124 2787 Liv.
1148 2755 1205 2786 libi
1232 2764 1265 2785 v„
1292 2758 1375 2784 sect.
1397 2754 1449 2782 35.
1485 2750 1588 2779 ‘Tum

882 2811 963 2842 Fesa
1429 2806 1447 2834 3
1473 2802 1505 2833 H
