1876 3025
262 157 348 198 684

720 167 867 198 SEX'I'I
903 166 1105 197 POMPEII
1140 167 1274 198 FESTI

265 262 495 304 Puticulix
529 265 629 304 sunt
659 262 888 316 appellati,
909 262 1031 315 quod
1051 263 1398 304 vetustissimum
1421 276 1489 316 ge·
1535 263 1714 316 [PAUL.

319 342 404 370 nus
425 331 663 384 sepulturae
692 330 735 370 in
766 329 915 382 puteis
935 328 1081 378 fuerit,
1104 333 1146 370 et
1165 329 1273 370 dicti
1294 330 1497 383 puficuli,
1520 331 1627 384 quia
1649 331 1712 372 ibi

321 397 539 438 cadavera
560 401 852 451 putescerent.

263 464 491 514 Puticulos,
513 463 836 519 antiquissimum
854 476 979 517 genus
1014 461 1228 515 sepultum
1261 464 1510 518 appellatos
1547 464 1605 517 [F
1613 474 1715 505 EST·

319 531 429 586 quod
448 531 504 571 ibi
524 531 567 571 in
583 532 716 585 puteis
744 529 1008 584 sepelirentur
1035 529 1211 570 homines
1228 546 1240 570 .·
1271 530 1414 584 (μιαῖἰε
1435 531 1569 572 fuerit
1590 531 1710 580 locus,

320 613 400 653 quo
417 613 520 639 nunc
541 599 739 640 cadavera
758 598 911 652 projici
937 597 1063 638 solent
1085 601 1209 638 extra
1229 604 1392 651 portam
1416 597 1682 653 Exquilinam
1701 613 1712 636 .·

319 681 406 721 quae
426 666 534 722 quod
554 665 611 706 ibi
626 672 893 720 patescerent,
914 665 1015 705 inde
1032 664 1150 718 prius
1172 664 1394 719 appellatos
1413 665 1616 706 existimat
1631 679 1711 720 pn-

321 734 474 775 ticulos
505 734 642 774 AElius
665 731 832 783 Gallus,
854 733 926 787 qui
956 732 1018 773 ait
1039 732 1201 787 antiqui
1222 732 1342 772 moris
1364 731 1498 788 fuisse
1519 739 1564 773 ut
1580 733 1713 786 patris

319 801 512 842 familias
540 801 581 840 in.
615 799 744 841 locum
774 800 985 854 publicum
1019 806 1134 840 extra
1156 799 1348 854 oppidum
1378 800 1581 853 mancipia
1600 800 1711 840 vilia

318 869 586 922 projicerent,
607 874 728 922 atque
749 867 809 908 ita
823 868 1024 923 projecta,
1046 867 1154 923 quod
1173 866 1230 908 ibi
1251 881 1304 909 ea
1322 872 1608 922 putescerent‚
1640 881 1712 905 ηο-

319 949 407 975 men
428 935 680 990 essefactum
700 935 900 976 Puticuli.

261 1001 478 1043 Putitium
497 1008 529 1033 ¹⁷
544 1008 559 1031 y
592 1002 784 1044 Plautus
807 1003 921 1044 dixit
941 1015 1020 1057 pro
1041 1003 1196 1045 stulto.

869 1142 983 1154 eeeeee

308 1233 346 1263 17
370 1231 434 1264 Ed.
452 1232 541 1263 Scal.
559 1232 716 1264 Pueieum.

1529 1000 1710 1054 [PAUL.

988 1142 1105 1154 ‘‘‘‘‘‘

920 1337 1061 1369 NOTAE

259 1408 382 1440 dixisse
409 1410 530 1449 ποτῆρα
556 1419 574 1440 a
611 1414 698 1450 potu,
732 1421 806 1452 quae
836 1415 957 1452 postea

258 1457 389 1498 φρέατα.
438 1459 483 1490 Et
500 1459 577 1490 inde
594 1460 686 1492 dicta
700 1464 793 1501 putea
809 1465 843 1492 et
858 1462 954 1501 putei.

258 1508 327 1539 Alii
345 1518 363 1538 a
376 1508 494 1539 Latino
510 1513 582 1549 potu
595 1520 669 1541 cum
686 1510 817 1542 Isidoro
833 1514 958 1550 puteum

257 1557 445 1589 deducunt.
491 1560 664 1600 ‘Puteuss
688 1561 797 1601 inquit
821 1561 878 1592 ille
900 1561 957 1593 lib.

258 1615 341 1639 xrn.
359 1617 436 1648 cap.
452 1611 506 1640 21.
529 1611 538 1627 ‘
553 1616 607 1641 est
630 1611 722 1641 locus
743 1610 896 1642 defossus
913 1621 957 1642 ex

257 1667 322 1697 quo
335 1657 488 1689 hauritur
502 1669 588 1699 aqua
599 1670 618 1690 a
630 1661 808 1700 potatione
820 1661 958 1692 dictus-³

258 1706 359 1738 Quod
381 1711 493 1738 tamen
511 1708 599 1740 idem
624 1715 687 1741 est.
731 1710 797 1741 Sed
822 1711 956 1742 omnino

252 1760 365 1798 puteus
387 1768 406 1788 a
430 1758 664 1797 profunditate
687 1760 810 1796 dictus,
835 1771 955 1801 nempe

257 1817 277 1838 a
298 1807 421 1839 Graeco
443 1808 547 1848 βυθὸς,
568 1810 658 1850 quod
683 1815 717 1841 et
741 1811 863 1842 alicubi
888 1821 956 1842 mo-

255 1858 331 1888 nuit
350 1858 399 1888 vir
415 1859 527 1898 magni
550 1860 693 1890 nominis
710 1860 818 1901 AEgid.
835 1861 954 1891 Mena-

256 1908 342 1946 gius.
388 1907 417 1937 A
438 1911 549 1946 puteus
564 1908 765 1940 diminutive
786 1910 954 1951 puticulus,

255 1956 350 1986 locus
366 1956 423 1986 ubi
441 1966 626 1997 pauperum
646 1958 814 1990 cadavera
829 1960 954 1999 sepeli-

255 2004 351 2044 bant,
381 2015 447 2036 non
479 2016 570 2045 vero,
594 2012 631 2038 ut
661 2007 766 2038 AElius
798 2008 954 2049 putabat,

255 2055 345 2096 quod
362 2055 405 2086 ibi
422 2056 590 2088 cadavera
605 2061 839 2097 patescerent.
862 2057 953 2089 Acro

255 2105 393 2137 Horatii
421 2106 547 2147 interp.
574 2109 583 2125 ⁴
600 2117 619 2138 a
646 2107 758 2148 puteis
785 2107 883 2139 fossis
910 2107 952 2139 ad

255 2157 451 2196 sepelienda
467 2157 630 2188 cadavera
645 2168 844 2199 pauperum,
860 2159 953 2190 locus

254 2206 364 2237 dictus
386 2212 437 2238 est
454 2207 626 2239 Puticuli!
671 2208 953 2250 Antiquissimum

255 2261 370 2289 autem
396 2259 580 2299 sepulturae
597 2267 700 2298 genus
722 2259 754 2289 in
781 2259 903 2299 puteis,
918 2259 953 2290 id

255 2312 321 2347 est,
341 2305 452 2347 fossis,
471 2308 646 2339 cavernis:
672 2315 790 2339 auctor
813 2309 952 2349 Etymo-

252 2357 369 2397 logici,
380 2356 417 2387 τὸ
432 2357 576 2396 παλαιὸν,
589 2358 709 2398 inquit,
719 2358 752 2388 ἐν
763 2359 830 2389 τοῖς
842 2359 948 2389 κοιλώ-

252 2418 327 2444 μασι
338 2408 394 2443 τῆς
406 2409 466 2446 ’γῆς
490 2407 634 2445 ἔθαπτον,
656 2409 734 2447 μήτε
748 2407 859 2449 σιδήρῳ
873 2409 952 2448 μήτε

253 2458 367 2496 χαλκῷ
394 2457 587 2498 κεχρημένοι.
615 2458 638 2489 i.
671 2458 894 2499 ‘Antiquitus
918 2459 951 2489 in

253 2507 407 2538 cavernis
425 2513 524 2539 terrae
541 2507 745 2548 sepelibant,
763 2517 869 2549 neque
885 2507 952 2539 ser-

253 2567 291 2589 ro
315 2567 425 2600 neque
443 2568 509 2589 aere
537 2558 700 2590 utentes.’
743 2559 799 2589 Sic
826 2559 952 2590 Caver-

253 2618 330 2639 nam
347 2609 379 2639 in
394 2618 487 2639 usum
504 2609 649 2649 sepulcri
663 2609 704 2639 ab
718 2609 853 2650 Ephron
869 2609 952 2640 emit

253 2656 480 2697 Abi-ananius,
492 2659 619 2689 Genes.
633 2667 742 2690 xxm.
755 2662 787 2690 9.
807 2658 864 2689 Καὶ
872 2658 950 2690 δότω

253 2717 303 2742 μοι
312 2707 348 2736 τὸ
356 2707 510 2745 σπήλαιον
521 2708 558 2738 τὸ
571 2709 709 2748 διπλοῦν,
723 2708 739 2739 ὅ
752 2710 838 2740 ἐστιν
852 2709 949 2747 αὐτῷ,

1010 1410 1047 1442 τὸ
1062 1411 1097 1442 ὒν
1113 1411 1145 1441 ἐν
1158 1410 1242 1450 μέρει
1257 1411 1315 1442 τοῦ
1329 1410 1427 1451 ἀγροῦ
1443 1409 1548 1440 αὐτοῦ·
1565 1409 1711 1449 ἆρ’γυρίου

1010 1462 1065 1492 τοῦ
1091 1460 1173 1499 ἀξίου
1191 1460 1270 1491 δότω
1285 1473 1337 1499 μοι
1354 1459 1429 1490 αὐτὸ
1445 1461 1478 1490 ἐν
1498 1459 1566 1498 ὑμῖν
1581 1459 1623 1490 εἷς
1638 1461 1710 1495 κτῆ-

1011 1522 1061 1541 σιν
1083 1510 1240 1549 μνημείου.
1283 1511 1292 1527 ‘
1309 1511 1357 1541 Ut
1383 1510 1443 1541 det
1469 1510 1549 1541 mihi
1576 1510 1712 1550 spelun-

1012 1570 1085 1591 cam
1110 1561 1279 1601 duplicem
1307 1570 1404 1601 quam
1427 1560 1529 1590 habet
1549 1561 1581 1590 in
1598 1564 1710 1590 extre-

1011 1620 1065 1641 ma
1093 1614 1191 1650 parte
1222 1610 1295 1649 agri
1322 1609 1384 1639 sui.
1428 1609 1581 1640 Pecunia
1608 1608 1712 1648 digna

1012 1659 1125 1691 tradat
1141 1669 1215 1691 eam
1232 1658 1310 1690 mihi
1328 1668 1442 1689 coram
1460 1658 1556 1689 vobis
1577 1658 1611 1688 in
1634 1667 1711 1698 pos·

1013 1710 1194 1742 sessionem
1212 1707 1385 1748 sepulcri!
1412 1708 1508 1738 Idem.

1054 1766 1068 1781 Χ
1096 1759 1252 1799 Puticuli]
1278 1759 1361 1789 Fere
1372 1767 1415 1789 ex
1426 1758 1582 1788 Varrone
1596 1766 1709 1788 emen-

1011 1810 1083 1841 dari
1107 1814 1234 1851 potest.
1281 1808 1391 1840 Acro:
1417 1812 1425 1825 ‘
1443 1817 1461 1838 a
1478 1807 1590 1848 puteis
1615 1806 1710 1839 fossis

1010 1861 1053 1891 ad
1081 1859 1279 1900 sepelienda
1312 1858 1480 1889 cadavera
1511 1867 1711 1899 pauperum,

1008 1910 1101 1941 locus
1118 1910 1230 1940 dictus
1247 1914 1299 1939 est
1312 1907 1481 1938 Puticnliss
1502 1909 1571 1938 Jos.
1587 1908 1671 1940 Scae.

1051 1958 1207 1997 Puticuli]
1231 1957 1345 1988 Verba
1373 1956 1466 1987 Festi
1493 1957 1610 1988 sarciri
1635 1967 1710 1998 pos-

1007 2014 1085 2040 sunt
1102 2017 1143 2039 ex
1160 2007 1214 2044 iis,
1238 2017 1312 2049 quae
1328 2008 1438 2039 Varro
1455 2008 1573 2039 scribit
1588 2008 1630 2038 de
1648 2018 1708 2049 pu-

1008 2059 1122 2090 ticulis
1156 2059 1246 2089 ultra
1283 2057 1453 2098 Esquilias
1491 2057 1549 2089 lib.
1579 2067 1628 2089 rv.
1664 2058 1707 2089 de

1007 2109 1106 2150 Ling.
1126 2109 1201 2140 Lat.
1226 2108 1363 2139 Genere
1387 2113 1518 2140 tantum
1544 2107 1707 2140 differunt

1007 2159 1117 2189 Varro
1135 2163 1170 2189 et
1191 2158 1331 2189 Festus:
1361 2157 1416 2188 ille
1433 2158 1522 2189 enim
1535 2159 1703 2198 puticulos,

1007 2209 1061 2240 hic
1071 2209 1224 2249 puticulos
1239 2209 1403 2248 appellat.
1429 2208 1506 2240 Ant.
1520 2210 1606 2249 Aug.

1050 2265 1063 2286 y
1103 2257 1280 2298 Putitium]
1315 2258 1431 2289 Plaut.
1470 2259 1502 2289 in
1540 2260 1706 2291 Baccliid.

1007 2308 1015 2325 ‘
1034 2309 1142 2342 Quem
1160 2318 1222 2348 ego
1238 2318 1358 2349 sapere
1371 2309 1472 2339 nimio
1485 2310 1599 2340 censui
1619 2311 1706 2350 plus,

1007 2368 1106 2400 qnam
1122 2359 1279 2397 Thalem3
1298 2358 1357 2389 sed
1375 2358 1401 2388 is
1419 2359 1556 2390 stultior
1572 2369 1608 2390 es
1632 2360 1708 2390 bar·

1008 2409 1089 2440 baro
1107 2408 1260 2440 Potitio)
1294 2410 1346 2440 Ex
1362 2409 1412 2439 liis
1431 2409 1542 2440 verbis
1558 2409 1706 2441 arbitror

1006 2460 1069 2491 hoc
1084 2460 1158 2490 loco
1176 2460 1312 2490 Festum
1330 2469 1395 2489 non
1422 2460 1579 2499 Potitum,
1595 2470 1704 2501 neque

1009 2511 1177 2546 Putz'tium,
1207 2509 1265 2540 sed
1294 2510 1449 2540 Potitium
1474 2511 1705 2551 interpretari.

1008 2559 1131 2591 Vocari
1144 2564 1254 2590 autem
1274 2560 1410 2590 stultum
1424 2569 1442 2589 a
1456 2560 1591 2601 Plauto,
1603 2570 1704 2601 prop-

1007 2615 1101 2641 terea
1132 2609 1233 2651 qnod,
1257 2619 1332 2639 cum
1357 2608 1398 2640 ab
1423 2609 1574 2641 Hercule
1601 2611 1702 2641 ritum

1006 2659 1214 2691 sacrificandi
1233 2659 1460 2700 accepissent,
1483 2659 1701 2700 quinquagin-

1007 2715 1042 2741 ta
1079 2709 1222 2740 millibus
1250 2709 1327 2740 aeris
1360 2709 1472 2749 gravis
1504 2709 1701 2741 edocueriut
