1876 3025
1475 153 1559 194 813

171 258 291 300 bis¹¹
321 257 510 299 faciente
530 256 675 306 ludos,
703 255 850 296 subito
881 253 937 294 ad
973 264 1093 294 arma
1128 249 1326 298 exierint,
1357 248 1558 288 nuntiato

170 327 358 368 adventu
379 325 585 373 hostium,
605 325 882 376 victoresque
913 321 957 362 in
979 321 1191 361 theatrum
1213 316 1430 365 redierint,
1453 316 1559 356 soli-

171 394 261 444 citi,
288 407 341 434 ne
361 392 603 434 intermissi
624 392 875 445 religionem
897 389 1120 436 adferrent,
1142 383 1506 436 instaurandique
1526 387 1558 405 ¹2

170 467 336 511 essent,
377 461 601 501 inventum
633 472 731 500 esse
762 458 823 499 ibi
855 457 906 499 C.
928 454 1223 508 Pomponium
1246 457 1276 481 ¹³
1309 451 1558 492 libertinum

168 530 346 570 mimum
373 541 529 581 magno
560 533 681 576 natu,
705 527 778 580 qui
809 525 865 565 ad
895 524 1116 565 tibicinem
1146 520 1337 561 saltaret.
1398 518 1557 571 Itaque

167 597 327 650 gaudio
369 609 454 636 non
493 596 748 647 interruptae
789 591 1015 644 religionis
1057 589 1214 630 editam
1253 599 1404 627 vocem
1440 599 1557 626 nunc

168 677 344 719 quoque
360 663 579 704 celebrari.
629 661 693 702 At
710 662 753 701 in
774 662 857 701 hoc
877 661 988 700 libro
1010 657 1137 698 refert
1158 655 1298 696 Sirmii
1322 653 1558 708 Capitonis

169 732 313 779 verba,
336 732 496 784 quibus
522 742 599 770 eos
629 729 759 769 ludos
784 727 1066 780 Apollinares
1100 721 1290 764 Claudio
1327 725 1370 761 ct
1398 719 1557 760 Fulvio

167 799 434 840 Consulibus
452 803 468 818 X
489 797 631 837 factos
652 796 759 836 dicit
779 807 836 835 ex
856 794 979 834 libris
1002 791 1246 845 Sibyllinis,
1281 793 1324 829 et
1341 787 1557 828 ‘vaticinio

167 866 327 907 Marcii
347 865 463 906 vatis
485 865 721 913 institutos,
743 875 823 903 nec
854 860 1104 901 nominatur
1126 857 1241 897 ullus
1265 854 1556 908 Pomponius,

163 933 438 987 ridiculeque
469 932 523 972 de
558 930 855 984 appellatione
886 927 1182 981 parasitorum
1224 922 1447 976 Apollinis
1484 922 1557 962 hic

164 1015 344 1044 causam
375 1000 534 1048 reddit,
568 1012 668 1040 cum
707 998 751 1038 in
787 1009 840 1037 eo
878 993 1180 1050 praeteriisset.
1239 990 1317 1032 Ait
1347 990 1464 1031 enim
1495 991 1558 1032 ita

163 1069 396 1124 appellari,
418 1068 533 1122 quod
555 1067 606 1109 C.
628 1065 904 1113 Volumnius,
927 1063 1003 1116 qui
1034 1061 1090 1102 ad
1121 1060 1347 1101 tibicinem
1367 1059 1556 1108 saltarit,

163 1137 450 1178 secundarum
473 1135 662 1190 partium
684 1133 828 1181 fuerit,
842 1130 917 1185 qui
933 1130 1021 1171 fere
1039 1128 1242 1170 omnibus
1263 1126 1409 1167 mimis
1426 1139 1557 1179 para-

164 1205 278 1246 situs
298 1204 545 1245 inducatur.
607 1201 755 1252 Quam
786 1198 1126 1241 inconstantiam
1148 1194 1295 1237 Verrii
1317 1193 1452 1234 nostri
1471 1202 1556 1233 non

162 1273 255 1313 sine
278 1272 435 1312 rubore
456 1271 595 1312 retuli.

106 1340 358 1381 Salutarisy
395 1342 519 1394 porta
557 1336 780 1390 appellata
820 1336 884 1375 est
926 1333 981 1373 ab
1023 1331 1119 1373 aede
1150 1329 1336 1379 Salutis,
1373 1327 1554 1381 [PAUL.

163 1421 263 1462 quae
285 1408 325 1449 ei
346 1407 551 1461 proxima
571 1404 671 1445 fuit.

288 175 349 205 DE
383 172 657 203 VERBORUM
690 167 1095 201 SlGNIFICATIONE
1130 167 1225 196 LlB.
1258 165 1386 195 XVlI.

708 1497 945 1511 eeeeeeeeeee

147 1584 185 1612 11
211 1582 291 1613 Vet.
317 1581 375 1613 lib.
399 1581 475 1612 PR.
508 1579 706 1611 ΗΒΕ-12
738 1577 802 1609 Ed.
830 1576 919 1607 Scal.
951 1572 1119 1605 instaurati
1145 1572 1292 1612 (μὰ-13
1318 1569 1403 1601 Ead.
1433 1568 1488 1601 ed.
1515 1569 1553 1600 C.

104 1625 309 1665 Pompim'um.

757 1737 900 1771 NOTAE

856 1824 943 1855 Nam
954 1822 1011 1854 lib.
1023 1829 1156 1853 xxxw.
1180 1824 1189 1838 ‘
1199 1819 1239 1850 P.
1251 1817 1410 1857 Scipione
1423 1815 1554 1847 Africa-

102 1830 200 1861 nnice
224 1828 330 1870 probo
359 1828 505 1860 Doctiss.
525 1827 652 1859 Anton.
670 1825 802 1866 Augus-

854 1884 897 1905 no
913 1876 944 1905 2.
960 1873 1010 1903 Ti.
1027 1869 1228 1910 Sempronio
1246 1870 1362 1908 Longo
1377 1867 1453 1898 Cos.
1465 1875 1552 1897 anno

103 1880 166 1911 tini
191 1878 463 1910 emendationem
483 1879 524 1909 P.
550 1877 702 1917 Sulpicio,
729 1876 810 1906 CN.

103 1929 294 1970 Fulvio‚qui
312 1930 466 1960 consules
487 1928 626 1958 fuerunt
641 1932 717 1967 post
735 1925 802 1966 Ap.

106 1979 225 2012 Claud.
252 1985 287 2011 et
311 1980 353 2012 Q.
371 1979 524 2010 Fulvium
552 1978 726 2016 Flaccum,
743 1975 799 2016 qui

99 2029 190 2061 infra
206 2029 414 2061 referuntur.
431 2029 526 2059 Idem.

143 2085 158 2099 ¹¹
174 2079 224 2111 M.
236 2079 404 2119 Calpurnio
418 2076 549 2116 Pisone]
563 2077 663 2108 Hunc
677 2076 800 2115 Caium,

102 2138 169 2160 non
187 2130 343 2167 Ilffarcum,
364 2134 463 2159 vocat
481 2129 552 2159 Liv.
571 2128 670 2158 Idem.

143 2183 159 2199 ²¹
192 2181 256 2210 Eos
280 2181 367 2210 ludos
391 2179 587 2219 Apollinares
615 2176 745 2207 Claudio
768 2178 798 2206 et

100 2230 212 2260 Fulvio
232 2229 286 2269 C.]
311 2230 374 2261 His
386 2230 478 2260 Coss.
495 2228 564 2258 ludi
579 2227 798 2267 Apollinares

101 2280 243 2318 primum
261 2279 345 2310 facti
371 2284 458 2309 sunt.
487 2278 562 2308 Liv.
580 2285 702 2307 xxvu.
718 2279 802 2306 sect.

99 2331 153 2359 23.
177 2330 186 2346 ‘
201 2329 285 2360 Ludi
301 2329 511 2369 Apollinares
526 2328 569 2359 Q.
583 2326 714 2362 Fulvio,
729 2325 798 2365 Ap-

101 2379 157 2419 pio
174 2379 316 2410 Claudio
333 2380 427 2410 Coss.
446 2388 464 2408 a
480 2378 521 2409 P.
539 2376 695 2407 Cornelio
707 2375 800 2415 Sylla

101 2433 250 2468 praetore
264 2428 354 2459 urbis
368 2428 511 2468 primum
526 2425 607 2457 facti
623 2424 725 2455 sunt.'
744 2424 799 2454 De

100 2477 205 2508 Ludis
242 2477 494 2516 Apollinaribus
531 2476 565 2507 in
601 2474 799 2515 Apollinares

101 2526 229 2557 dictum
246 2531 309 2556 est.
333 2526 431 2557 Idem.

143 2582 157 2603 Υ
178 2575 351 2615 Salutaris]
378 2576 454 2607 Quo
478 2576 622 2616 primum
647 2585 747 2616 anno,
763 2578 798 2607 et

102 2636 120 2657 a
136 2626 256 2668 quibus
273 2627 344 2657 ludi
357 2626 482 2657 scenici
493 2626 601 2666 primi,
612 2626 799 2666 Megalesia

101 2677 277 2717 appellati,
292 2676 376 2708 facti
394 2676 532 2711 fuerint,
549 2676 714 2707 incertum
735 2681 798 2707 est.

102 2728 216 2759 Livius
254 2727 422 2769 duplicem
459 2726 651 2768 opinionem
684 2725 799 2757 tradit.

854 1923 945 1954 urbis
961 1926 1035 1953 558.
1081 1919 1271 1960 Megalesia
1287 1918 1384 1948 ludos
1401 1917 1554 1948 scenicos

855 1974 892 2005 C.
924 1972 1050 2003 Atilius
1082 1971 1261 2009 Serranus,
1292 1969 1329 1998 L.
1360 1966 1552 1997 Scriboniiis

853 2023 937 2054 Libo
954 2021 1078 2053 AEdiles
1103 2020 1244 2051 Curnles
1270 2018 1368 2058 primi
1384 2016 1554 2047 fecerunt.

852 2074 984 2104 Horum
1002 2071 1161 2103 AEdilium
1183 2069 1277 2100 ludos
1296 2069 1462 2098 Romanos
1484 2066 1553 2106 pri-

852 2133 941 2153 mum
958 2123 1102 2153 Senatus
1120 2130 1137 2151 a
1153 2120 1278 2160 populo
1293 2123 1444 2149 secretus
1455 2126 1553 2156 spec-

851 2172 957 2204 tavit-²
1003 2171 1079 2202 Hoc
1109 2171 1199 2201 idem
1215 2170 1292 2200 Val.
1315 2168 1410 2199 Max.
1436 2166 1554 2198 scribit

851 2223 908 2254 lib.
927 2231 967 2253 ιῐ.
980 2232 1054 2261 cap.
1072 2225 1103 2253 1.
1149 2221 1261 2251 Locus
1278 2223 1471 2250 senatorum
1488 2216 1554 2248 fuit

852 2274 884 2303 in
903 2272 1103 2306 Orchestra,
1116 2274 1154 2301 ut
1168 2270 1232 2300 alio
1244 2270 1318 2300 loco
1332 2268 1528 2307 scripsimus
1542 2276 1552 2304 ;

851 2329 887 2354 et
903 2323 1001 2363 liujus
1020 2322 1068 2353 rei
1084 2321 1264 2360 vestigium
1286 2323 1382 2350 extat
1397 2318 1460 2348 lioc
1476 2317 1552 2348 loco

852 2372 942 2413 apud
968 2372 1118 2408 Festum,
1133 2370 1215 2400 licet
1237 2369 1269 2400 in
1290 2368 1480 2399 nominibus
1497 2367 1553 2398 ΖΕ-

852 2423 967 2455 dilium
992 2433 1012 2453 a
1029 2422 1126 2453 Livio
1154 2426 1188 2451 et
1202 2419 1341 2450 Valerio
1359 2418 1550 2449 dissentiat.

853 2474 975 2505 Altera
1004 2472 1117 2513 opinio
1144 2470 1210 2501 fuit
1232 2469 1360 2500 Valerii
1388 2468 1551 2501 Antiatis,

851 2524 909 2564 qui
932 2523 1077 2554 triennio
1098 2526 1174 2562 post
1200 2520 1318 2551 scribit
1337 2519 1378 2550 P.
1395 2518 1551 2557 Scipione

852 2574 990 2612 Nasica,
1006 2573 1122 2603 Manio
1138 2571 1247 2601 Acilio
1265 2568 1450 2600 Glabrione
1474 2567 1552 2597 Cos.

852 2634 928 2655 cum
945 2622 1036 2653 aedes
1051 2622 1174 2652 Matris
1188 2621 1323 2660 Magnae
1342 2618 1444 2648 Idaeae
1463 2626 1482 2646 a
1499 2616 1550 2647 M.

852 2675 961 2705 Bruto
985 2672 1144 2704 dedicata
1174 2675 1239 2709 est,
1270 2668 1366 2699 ludos
1398 2665 1551 2697 scenicos

853 2724 992 2765 primos,
1006 2721 1194 2762 MegalesIa
1213 2718 1416 2760 appellatos,
1440 2714 1551 2747 factos
