1876 3025
260 125 343 166 780

704 136 852 167 SEX'l‘I
889 136 1094 166 POMPEII
1130 135 1267 166 FESTI

319 229 521 272 condenda
545 244 621 285 per
652 232 832 285 auguria
863 231 1106 279 decrevisse,
1130 237 1221 272 uter
1257 246 1343 272 eam
1377 231 1560 272 conderet
1583 235 1709 274 nomi-

319 304 544 354 naretque,
583 313 634 341 ac
672 300 869 341 Deorum
908 298 1127 355 *manifesta
1157 299 1451 354 approbatione
1470 298 1710 344 Romulum

319 369 472 409 urbem
489 367 736 419 condidisse,
757 381 920 421 eamque
950 367 1175 407 nominasse
1198 366 1373 409 Romam
1393 370 1556 422 potius,
1579 384 1710 425 quam

320 435 565 487 Romulam,
583 435 630 476 de
643 449 714 476 suo
729 434 902 485 nomine,
918 440 959 474 ut
975 434 1172 489 ampliore
1186 437 1392 478 vocabuli
1409 438 1710 493 significatione

312 503 572 557 prosperiora
584 503 735 557 patrico
757 516 850 544 suae
873 500 1167 544 ominaretur)

265 571 456 613 Romam
471 570 502 595 ¹8
525 571 744 612 Romulus
764 571 818 611 de
848 583 931 611 suo
952 571 1126 612 nomine
1147 572 1408 626 appellavit,
1430 574 1504 615 sed
1534 574 1712 628 [PAUL.

320 639 422 680 ideo
446 639 651 689 Romam,
668 653 753 680 non
775 639 1027 690 Romulam,
1048 644 1095 681 ut
1115 640 1327 694 ampliore
1349 642 1559 683 vocabuli
1581 642 1713 695 signi-

322 708 455 748 ficatu
478 708 759 761 prosperiora
780 708 936 762 patriae
959 721 1052 750 suae
1073 709 1350 750 ominaretur.

267 774 517 816 Romanam
541 778 712 828 portam
729 781 755 797 ¹¹¹
777 775 932 829 vulgus
954 776 1167 830 appellat,
1188 777 1264 818 ubi
1288 790 1344 819 ex
1366 779 1529 832 episty-
1551 778 1714 828 [FEST-

322 843 383 885 lio
406 844 560 885 defluit
581 857 721 898 aqua:
754 846 830 900 qui
861 845 989 886 locus
1024 845 1080 886 ab
1102 846 1297 900 antiquis
1318 846 1534 901 appellari
1557 846 1715 887 solitus

324 916 392 953 est
412 917 569 954 statuae
592 912 775 964 Cinciae,
800 913 920 967 quod
943 914 985 954 in
1007 927 1058 954 eo
1081 914 1167 955 fuit
1188 915 1441 968 sepulerum
1473 915 1570 968 ejus
1590 914 1716 956 fami-

328 981 431 1022 liae:
465 981 544 1022 sed
582 985 710 1034 porta
745 981 952 1023 Romana
982 981 1179 1025 instituta
1199 989 1263 1026 est
1293 997 1321 1024 a
1341 983 1532 1024 Romulo
1565 983 1716 1024 infimo

327 1049 444 1090 clivo
465 1048 691 1099 Victoriae,
715 1050 789 1104 qui
818 1051 944 1092 locus
967 1050 1174 1104 gradibus
1207 1052 1249 1092 in
1272 1051 1485 1105 quadram
1506 1051 1717 1092 formatus

325 1122 419 1159 est:
452 1123 520 1160 est
540 1119 769 1173 appellata
800 1123 945 1160 autem
984 1119 1186 1161 Romana
1217 1133 1243 1161 a
1277 1120 1455 1161 Sabinis
1475 1119 1718 1174 praecipue,

327 1185 448 1240 quod
470 1199 523 1227 ea
543 1187 772 1240 proximus
791 1186 936 1228 aditus
957 1193 1051 1227 erat
1072 1186 1278 1229 Romam.

272 1253 479 1295 Romana
510 1259 640 1308 porta
666 1255 783 1310 apud
817 1255 1008 1296 Romam
1041 1269 1066 1296 a
1089 1255 1267 1297 Sabinis
1290 1256 1513 1311 appellata
1543 1254 1720 1310 [PAUL.

328 1326 409 1372 est,
442 1323 558 1376 quod
581 1337 658 1377 per
679 1337 777 1365 eam
799 1324 1025 1378 proximus
1048 1325 1113 1365 eis
1136 1324 1282 1366 aditus
1299 1328 1426 1366 esset.

273 1389 521 1432 Romanam
545 1396 711 1446 portam
734 1397 861 1433 antea
880 1390 1102 1433 Romulam
1124 1392 1348 1434 vocitatam
1370 1393 1527 1443 ferunt,
1558 1392 1720 1443 [FEST.

330 1471 430 1511 quae
450 1459 580 1500 fuerit
599 1460 652 1499 ab
677 1459 811 1500 Roma
833 1459 1059 1514 appellata.

275 1524 496 1568 Romanin
529 1527 722 1569 videntur
754 1528 806 1569 ab
834 1529 951 1569 initio
983 1528 1099 1569 nulla
1136 1529 1198 1570 usi
1235 1544 1311 1571 esse
1333 1529 1549 1571 artificum
1581 1541 1721 1583 opera,

881 1658 997 1670 oooooo

322 1736 359 1766 18
383 1734 464 1765 Vet.
481 1734 538 1765 lib.
564 1735 728 1767 Romanos.

1001 1659 1117 1671 oooooo

931 1835 1075 1869 NOTAE

286 1951 289 1952 ⁷
321 1908 557 1949 'Ornatur-etur]
585 1908 662 1940 Huc
676 1910 879 1942 retrahenda
898 1917 977 1944 sunt

279 1970 353 2001 quae
382 1959 468 1991 infra
495 1961 653 2000 leguntur
684 1967 762 2001 post
779 1963 976 1994 Romuliam:

278 2013 388 2044 locum
406 2012 473 2043 adi.
498 2012 597 2043 Idem.

315 2068 339 2084 ¹¹¹
352 2064 524 2095 Romanam
535 2065 669 2105 portam]
679 2066 799 2105 Locus,
812 2066 870 2098 ubi
881 2066 976 2099 fuere

278 2118 400 2145 statuae
412 2114 553 2154 Cinciae,
564 2115 673 2147 Cincin
683 2116 872 2149 dicebatur.
889 2118 977 2149 Vide

279 2167 288 2183 ⁴
303 2164 443 2197 Cincia.'
471 2166 580 2198 Quam
599 2175 679 2197 vero
700 2167 882 2198 Romanam
900 2178 976 2209 por-

280 2220 347 2247 tam
361 2215 393 2246 in
407 2214 520 2246 infimo
532 2216 619 2247 clivo
631 2217 794 2248 Victoriae
808 2227 827 2248 a
837 2218 978 2249 Romulo

281 2266 427 2308 positam
456 2265 541 2297 dicit
569 2267 702 2304 Festus,
731 2267 874 2299 eandem
903 2279 979 2300 esse

282 2323 375 2357 puto,
403 2326 501 2357 quam
519 2317 740 2349 Romanulam
756 2324 856 2350 vocat
870 2319 978 2349 Varro

281 2368 340 2399 lib.
358 2376 407 2398 lv.
431 2371 439 2384 ‘
456 2367 630 2398 Praeterea
647 2369 735 2399 iutra
752 2379 862 2400 muros
881 2369 979 2400 video

284 2422 400 2459 portas
430 2417 511 2455 dici,
541 2418 573 2447 in
604 2418 730 2458 palatio
762 2420 932 2451 Mucionis
961 2431 980 2452 a

283 2468 426 2508 mugitu,
449 2468 537 2508 quod
556 2477 595 2498 ea
613 2478 716 2509 pecus
737 2469 770 2500 in
794 2470 979 2501 bucitatum

286 2520 461 2560 antiquum
489 2519 649 2558 oppidum
677 2520 871 2559 exigebant,
895 2522 979 2552 alte-

286 2581 357 2602 ram
382 2570 615 2610 Romanulam,
631 2580 705 2611 quae
736 2576 787 2602 est
815 2571 908 2602 dicta
938 2571 979 2602 ab

286 2622 406 2656 Roma,
428 2630 502 2661 quae
525 2620 628 2652 habet
655 2620 780 2661 gradus
801 2622 832 2652 in
849 2623 982 2653 navalia

288 2672 328 2704 ad
343 2671 497 2711 Volupioe
512 2670 697 2703 sacellum.'
720 2672 818 2702 Idem.

332 2726 345 2742 '³
370 2722 518 2763 Romani]
550 2721 604 2754 Ad
631 2722 720 2755 hunc
745 2723 853 2755 locum
879 2724 982 2765 perti-

1030 1922 1110 1944 nere
1135 1913 1292 1952 arbitror,
1315 1911 1403 1954 quod
1432 1911 1619 1953 Dionysius
1645 1911 1726 1943 scri-

1031 1963 1092 2002 bit,
1116 1964 1283 1995 Romanos
1308 1963 1400 1993 cives
1423 1962 1676 2002 agriculturam,
1691 1967 1727 1994 et

1029 2023 1100 2044 rem
1130 2013 1311 2045 militarem
1341 2018 1472 2044 tantum
1507 2013 1728 2045 exercuisse:

1030 2064 1239 2095 sedentarias
1257 2073 1334 2095 vero
1351 2068 1443 2094 artes
1465 2072 1593 2102 servos,
1614 2069 1649 2095 et
1668 2063 1728 2095 ad·

1032 2114 1210 2155 venas,qni
1223 2113 1313 2144 intra
1323 2113 1436 2145 urbem
1449 2114 1608 2154 permuniti
1622 2119 1730 2145 erant.

1035 2165 1122 2196 Haec
1138 2166 1196 2196 lib.
1214 2174 1253 2196 ιι.
1269 2168 1303 2196 et
1318 2174 1370 2196 ix.
1395 2164 1474 2196 Ant.
1487 2164 1574 2204 Aug.

1075 2215 1224 2256 Romani]
1250 2217 1326 2247 Non
1351 2216 1530 2247 obscurum
1555 2220 1608 2247 est
1631 2216 1728 2256 cujus

1033 2265 1169 2298 aedificii
1197 2267 1274 2298 olim
1291 2266 1419 2297 fuerint
1434 2267 1508 2298 haec
1524 2266 1660 2305 rudera,
1680 2266 1729 2296 id-

1033 2326 1098 2358 que
1115 2316 1292 2348 aedificium
1310 2317 1416 2357 magis
1441 2327 1576 2358 possum
1604 2316 1731 2348 descri-

1034 2368 1125 2407 bere,
1147 2377 1244 2408 quam
1262 2377 1280 2397 a
1298 2366 1526 2398 fundamentis
1543 2366 1730 2398 redivivum

1033 2417 1232 2448 instaurare.
1262 2417 1350 2449 Haee
1366 2417 1468 2457 igitur
1481 2417 1545 2448 fuit
1557 2418 1731 2449 sententia

1034 2468 1146 2499 Festi:
1174 2468 1314 2499 Romani
1339 2469 1465 2499 nullum
1492 2468 1533 2500 ab
1557 2469 1652 2500 initio
1674 2478 1731 2500 ex-

1034 2519 1194 2550 ercebant
1211 2519 1414 2551 artificium:
1441 2529 1549 2561 neque
1565 2521 1656 2560 prins
1673 2530 1731 2552 ex-

1033 2580 1151 2602 ercere
1168 2577 1356 2610 coeperunt,
1379 2580 1477 2612 quam
1495 2575 1586 2601 artes
1603 2569 1731 2601 didice-

1035 2627 1113 2653 runt
1149 2622 1191 2652 ab
1221 2622 1348 2653 exteris
1379 2622 1586 2653 civitatibus.
1647 2622 1730 2653 Sero

1036 2673 1135 2703 eiiam
1161 2672 1229 2703 ludi
1254 2682 1382 2711 onmes,
1403 2672 1458 2714 qui
1482 2673 1619 2704 nuncin
1638 2671 1731 2703 Urbe

1036 2723 1264 2764 celebrantur,
1285 2729 1361 2755 sunt
1378 2723 1540 2756 instituti.
1585 2723 1731 2756 Quidam
