1876 3025
308 161 393 206 2786

749 165 898 197 SEX'rl
935 161 1135 193 POMPEII
1171 161 1307 193 FESTI

367 264 509 314 colore,
524 260 768 318 rubz‘factus.
809 259 997 300 Plautus
1019 258 1063 297 in
1085 256 1267 297 Casina:
1287 260 1299 284 ³
1333 254 1375 294 in
1386 251 1568 309 furnum
1589 248 1752 291 condito

367 339 501 387 atque
522 331 585 372 ibi
605 333 768 371 torreto
782 341 861 380 pro
886 338 995 379 pane
1015 322 1176 363 rubido.
1237 321 1351 363 Item
1374 325 1558 362 scorteae
1582 317 1754 371 ampul-

367 402 426 442 1ae
458 401 679 440 vetustate
717 406 909 448 rugosae,
948 396 990 434 et
1027 391 1188 432 coloris
1226 389 1438 444 ejusdem,
1469 385 1637 428 rubidae
1668 385 1756 425 dici

370 468 524 509 solent.

315 536 526 584 Ructare,
546 544 631 573 non
646 528 804 571 ructari
824 526 1058 569 dicendum
1077 529 1162 566 est.

1221 524 1439 565 Flaccus:
1465 521 1546 563 Vi·
1575 520 1756 573 [PAUL.

370 602 493 642 detes
513 598 660 640 alios4
686 600 872 645 ructare,
895 606 947 634 ac
971 604 1178 645 respuere
1208 590 1501 645 pulcherrima
1532 586 1756 641 superbia.

373 669 530 710 Cicero
550 671 693 707 tamen
714 666 961 703 ructaretur
984 659 1116 700 dixit.

320 735 508 777 Ruetare
524 732 542 755 ‘¹
574 745 651 772 non
668 729 838 781 ructari,
856 726 1068 770 dicendum
1087 725 1147 767 ait
1159 724 1337 766 Verrius
1385 755 1395 764 .
1569 752 1579 762 .
1597 721 1760 774 [FEST-

932 824 942 835 .
1000 799 1051 836 ut
1069 807 1148 848 pro
1182 822 1192 833 .

934 892 946 904 .
1003 873 1055 902 os
1074 861 1207 913 igitur

937 959 949 970 .
1007 929 1123 969 scrib
1173 958 1183 967 .

381 1000 567 1042 Valerius
591 997 808 1039 Flaccus:
838 995 1012 1037 Videres
1043 994 1145 1035 alios
1176 1000 1356 1043 ructare,
1378 1005 1430 1033 ac
1451 1002 1636 1044 respuere
1668 985 1763 1041 pul-

376 1068 574 1109 cherrima
591 1064 794 1120 superbia.
808 1063 874 1107 M.
888 1063 1042 1104 Cicero
1059 1062 1247 1102 tamenin
1261 1060 1332 1100 lib.
1347 1071 1400 1100 11.
1420 1055 1764 1110 Philippicarum,

378 1140 619 1177 ructaretur
640 1131 760 1172 dixit.

324 1203 478 1245 Rufuli
498 1207 511 1223 Ε
541 1199 727 1242 Tribuni
748 1197 929 1239 militum
950 1194 1280 1250 appellabantur,
1317 1209 1415 1249 quos
1444 1191 1609 1234 Consul
1634 1189 1765 1230 facic-

928 1326 1063 1338 ΟΝΟΟΟΟ
1067 1326 1163 1339 “O“

369 1423 388 1450 3
413 1418 476 1450 Ed.
492 1416 583 1449 Scal.
599 1415 788 1447 Catium—4
811 1414 889 1445 Vet.
905 1414 965 1447 lib.
985 1414 1106 1446 Videtis
1122 1413 1211 1444 alias.

977 1526 1117 1557 NOTAE

326 1609 460 1648 pellatur
480 1614 589 1646 parum
605 1606 707 1634 coctus
721 1611 789 1633 cum
804 1600 895 1632 rubro
917 1601 1026 1632 colore.

329 1660 474 1689 Plautus
488 1657 522 1686 in
537 1655 659 1686 Casina
673 1664 680 1683 ε
705 1653 877 1690 insumam
891 1652 1027 1688 condito,

328 1713 418 1749 atque
434 1708 479 1739 ibi
496 1709 611 1737 torreto
624 1715 679 1745 pro
693 1714 771 1744 pane
790 1703 909 1734 rubido.
937 1702 1027 1743 apud

330 1759 475 1790 eundem
493 1760 636 1788 scorteae
653 1754 822 1794 ampullae,
837 1754 900 1784 &c.
926 1752 1028 1783 Intel-

330 1810 407 1849 ligit
421 1813 532 1838 antem
549 1806 659 1836 locum
682 1814 724 1835 ex
739 1803 879 1836 Sticho:
904 1802 913 1819 ‘
927 1802 1028 1833 Rubi-

331 1859 481 1898 ginosam
516 1855 692 1896 strigilem,
730 1853 910 1894 ampullam
942 1852 1030 1883 rubi·

334 1907 435 1939 dam?
458 1908 528 1938 dos.
545 1906 630 1937 Scul.

378 1958 519 1988 Rubirlus
532 1955 636 1996 panis]
660 1955 788 1985 Versus
804 1953 919 1984 Plauti
935 1961 953 1982 e
968 1952 1032 1983 Ca-

334 2009 407 2039 sina
431 2010 556 2038 act-11.
582 2014 630 2035 sc.
655 2007 687 2034 5.
720 2003 777 2034 sed
802 2003 929 2033 laceri:
955 2006 1034 2033 suut

337 2058 449 2089 enim:
472 2056 481 2073 ‘
498 2055 574 2086 Una
585 2053 716 2093 Edepol
733 2061 837 2092 opera
850 2051 883 2081 in
900 2050 1033 2082 furuum

336 2107 483 2140 calidum
496 2104 646 2143 condito,
656 2102 767 2142 Atque
782 2101 827 2132 ibi
842 2105 968 2131 torreto
981 2109 1035 2131 me

336 2167 398 2199 pro
416 2165 502 2196 pane
519 2153 640 2185 rubido
655 2150 760 2183 hera!
805 2149 952 2181 Eosdem
966 2151 1035 2180 lau-

335 2209 394 2240 dat
409 2208 528 2239 Festus
544 2205 578 2235 in
593 2212 674 2234 voce
697 2202 706 2219 ‘
723 2199 880 2232 torrens?
913 2200 953 2230 In
970 2199 1036 2230 fine

336 2268 414 2289 cnm
447 2256 506 2296 ait,
534 2255 613 2286 Item
640 2255 764 2284 scorteoe
799 2251 954 2291 ampullae,
982 2252 1036 2290 ἅμ’.

338 2307 490 2349 ejusdem
519 2303 636 2336 Plauti
666 2310 798 2332 versum
828 2299 969 2339 respicit
995 2308 1037 2329 ex

338 2359 444 2391 Stich.
459 2367 484 2389 1.
506 2359 538 2388 3.
575 2359 584 2373 ‘
599 2353 842 2393 Rubiginosam
859 2350 1036 2391 strigilem,

340 2408 520 2450 ampullam
545 2401 723 2436 rubidam.’
769 2400 879 2432 Porro
903 2400 937 2430 in
964 2408 1038 2430 ver-

340 2459 393 2491 bis
424 2456 515 2488 Festi
547 2454 642 2485 Fulv.
669 2451 811 2483 Ursinus
835 2459 896 2490 pro
929 2457 1040 2489 purum

339 2512 440 2540 coctus
469 2504 606 2545 legebat
629 2504 799 2543 percoctus.
841 2497 909 2530 Sed
928 2507 1040 2538 parum

341 2564 460 2591 coctum
481 2557 602 2588 Festus
627 2553 715 2584 dixit
740 2560 863 2592 panem
883 2550 951 2581 cito
967 2558 1040 2580 coc-

343 2615 437 2642 tum:
463 2607 556 2649 panis
573 2604 662 2637 enim
683 2602 820 2634 nimium
838 2604 1040 2642 properatus

343 2660 443 2691 rubet
458 2662 493 2690 et
509 2658 671 2688 torretur.
694 2653 775 2684 Dac-

377 2709 392 2729 ‘1
416 2705 568 2748 Rue-tare]
590 2702 785 2737 Videndum
799 2703 867 2741 est,
882 2709 925 2731 an
942 2698 1039 2732 Cice-

1076 1610 1113 1631 ro
1128 1602 1254 1642 Philip.
1270 1610 1311 1633 n.
1326 1603 1502 1631 ructaretur
1512 1598 1695 1639 scripserit,
1707 1607 1771 1638 quo

1076 1652 1153 1683 loco
1169 1652 1220 1682 cui
1242 1655 1366 1682 ructare
1390 1655 1477 1690 turpe
1493 1653 1582 1688 esset,
1597 1648 1773 1679 habemus.

1079 1702 1201 1733 Posset
1216 1702 1303 1732 enim
1327 1702 1374 1732 ita
1391 1701 1468 1741 legi,
1491 1701 1540 1731 cui
1555 1702 1582 1730 si
1597 1703 1774 1730 ructaretur

1080 1756 1167 1792 turpe
1183 1756 1275 1783 esset.
1300 1752 1381 1782 Ant.
1401 1749 1485 1789 Aug.

1124 1803 1262 1833 Πασίαν-ε
1277 1812 1336 1833 non
1351 1800 1485 1841 ructari]
1523 1799 1690 1831 Usitatius
1707 1808 1775 1829 ruc-

1081 1857 1148 1884 tare
1165 1863 1261 1893 quam
1287 1852 1417 1883 ructari.
1462 1851 1574 1883 Gloss.
1594 1854 1775 1890 utrumqne

1082 1907 1226 1943 ponunt.
1239 1903 1248 1919 ‘
1263 1902 1403 1940 Ructat,
1421 1899 1564 1940 ἐρεύγει.’
1584 1904 1592 1917 ‘
1607 1900 1776 1929 Ructatur

1082 1951 1237 1993 opines-at]
1262 1952 1364 1982 Ructo
1380 1951 1421 1982 ab
1437 1950 1562 1989 ἐρεύγω.
1596 1950 1706 1980 Locus
1723 1948 1778 1979 Ci-

1083 2003 1215 2034 ceronis
1225 2011 1265 2033 11.
1282 2002 1407 2041 Philip.
1438 2000 1664 2032 Doctissimns
1682 1999 1778 2030 Duza

1083 2052 1172 2084 filius
1194 2051 1338 2092 putabat
1360 2051 1393 2081 in
1417 2051 1508 2081 hiatu
1532 2050 1642 2081 latere
1660 2049 1778 2080 Lucilii

1085 2102 1449 2133 versueructantur
1469 2100 1599 2139 juvenes
1623 2103 1654 2130 et
1682 2099 1781 2140 sputis

1084 2152 1328 2190 omniafoedant.
1375 2150 1480 2183 Nulla
1496 2155 1609 2181 tamen
1623 2148 1696 2189 ejus
1708 2157 1775 2178 ves-

1086 2203 1182 2242 tigia.
1206 2203 1288 2234 Duc.

1128 2258 1143 2273 θ’
1166 2252 1294 2292 Rusulz’]
1321 2252 1395 2283 Liv.
1425 2250 1483 2281 lib.
1515 2258 1581 2280 vn.
1608 2248 1617 2265 ‘
1631 2249 1714 2280 Cum
1740 2258 1780 2280 eo

1087 2312 1174 2334 anno
1191 2302 1372 2342 placuisset
1391 2300 1556 2331 Tribunos
1573 2298 1723 2330 Militum
1740 2298 1781 2329 ad

1088 2353 1236 2390 legiones
1249 2349 1409 2389 suffragio
1425 2349 1497 2380 fieri
1513 2358 1522 2387 ;
1540 2357 1616 2378 narn
1632 2353 1668 2378 et
1682 2352 1783 2378 antea

1088 2402 1177 2433 sicut
1192 2410 1294 2441 nunc,
1309 2410 1392 2441 quos
1410 2397 1552 2430 Rufulos
1569 2401 1702 2436 vocant,
1715 2397 1781 2428 Im-

1089 2456 1262 2493 peratores
1287 2451 1351 2491 ipsi
1377 2449 1549 2481 faciebant
1564 2459 1572 2487 ;
1598 2447 1780 2479 secundum

1089 2503 1122 2532 in
1138 2511 1196 2532 sex
1213 2501 1294 2532 locis
1311 2500 1422 2531 tenuit
1436 2499 1479 2530 T.
1499 2497 1647 2529 Manlius
1673 2497 1710 2528 L.
1733 2497 1783 2527 F:

1089 2552 1170 2583 Fuit
1192 2560 1297 2582 annus
1322 2558 1461 2581 cccxcr.
1484 2548 1526 2579 ab
1550 2548 1591 2579 U.
1608 2547 1648 2578 C.
1676 2547 1703 2578 si
1729 2556 1781 2577 se-

1089 2602 1219 2644 quimur
1231 2600 1335 2632 fastos
1351 2599 1570 2640 Capitolinos.
1616 2596 1712 2628 Idem
1724 2596 1780 2628 lib.

1089 2660 1142 2683 rx.
1164 2652 1174 2669 ⁴
1188 2652 1266 2683 Duo
1288 2651 1428 2691 imperia
1442 2658 1482 2680 eo
1499 2656 1586 2679 anno
1602 2646 1674 2677 dari
1690 2655 1779 2686 coep-

1089 2707 1126 2734 ta
1142 2710 1203 2743 per
1218 2701 1391 2744 populum,
1415 2704 1557 2741 utraque
1577 2697 1782 2740 pertinentia
