1876 3025
284 175 366 216 900

721 185 870 217 SEXTI
904 187 1104 217 ΡΟΜΡΕΙΙ
1140 188 1278 219 FESTI

342 281 507 335 cipiant
539 282 746 323 custodes
780 282 993 335 cujusque
1026 282 1246 336 corporis:
1296 282 1412 324 unde
1444 285 1490 324 et
1523 283 1717 338 stipam,¹‘

340 353 459 401 qua2
492 349 714 401 amphorae
756 362 855 389 cum
875 353 1158 390 exstruuntur
1188 350 1345 391 firmari
1381 350 1554 392 solent:
1585 353 1716 393 etiam

339 416 525 468 stipites,
547 417 622 469 qui
640 416 697 456 ob
718 415 894 455 eandem
915 428 1093 456 causam
1115 416 1462 458 destituantur.³¹

282 482 546 535 Stipatores,
561 482 605 522 id
626 487 708 529 est,
729 483 936 523 custodes
956 484 1168 537 cujusque
1185 485 1393 537 corporis,
1411 484 1519 525 dicti
1540 484 1717 537 [PAUL-

337 555 436 590 sunt
456 563 481 589 a
501 550 631 602 stipe,
652 562 786 602 quam
804 550 1085 603 accipiebant
1104 551 1318 591 mercedis
1339 552 1526 592 nomine.

279 616 542 669 Stipatores,
570 617 764 669 corporis
787 617 1005 668 custodes,
1028 630 1138 670 quos
1160 618 1326 672 antiqui
1354 619 1545 659 latrones
1580 630 1715 659 voca-

333 683 455 732 bant,
477 683 627 736 stipati
646 684 761 724 enim
783 684 892 724 ferro
913 685 1166 725 circundant
1185 698 1372 738 corpora
1392 698 1553 738 regum.

280 747 523 802 Stipatores
565 749 892 803 appellabantur
925 751 1102 805 corporis
1143 752 1363 801 custodes,
1401 765 1514 805 quos
1547 752 1710 804 [FEs'r.

332 816 493 871 antiqui
513 815 686 856 latrones
706 816 910 867 dicebant,
937 818 980 858 id
1002 822 1082 867 est,
1104 818 1371 859 mercenarios
1390 818 1461 873 qui
1479 832 1570 859 cnm
1600 819 1711 859 ferro

330 882 450 924 velut
469 883 760 924 circundabant
781 897 926 936 regum
949 898 1136 938 corpora.
1686 883 1689 887 ⁴

274 950 441 1004 Stipem
458 956 483 973 “¹
506 965 603 992 esse
638 965 859 992 nummum
878 953 1111 1004 signatum,
1137 951 1388 992 testimonio
1427 956 1497 992 est
1530 951 1710 1005 [PAUL.

327 1017 394 1072 (et
428 1019 472 1058 id
495 1018 612 1072 quod
633 1018 793 1058 datur4
808 1018 1075 1070 stipendium
1105 1018 1250 1067 militi,
1270 1023 1314 1060 et
1343 1031 1442 1059 cum
1475 1018 1709 1072 spondetur

328 1085 530 1138 pecunia,
553 1085 670 1138 quod
693 1085 894 1138 stipulari
915 1085 1087 1126 dicitur.

274 1150 427 1205 Stipem
447 1151 632 1191 dicebant
646 1153 871 1205 pecuniam
895 1153 1121 1204 signatam,
1144 1150 1252 1205 qnod
1271 1151 1521 1205 stiparetur:
1543 1151 1706 1205 [FEST.

327 1220 427 1259 ideo
452 1218 652 1272 stipulari
672 1217 821 1258 dicitur
842 1219 887 1270 is,
909 1218 978 1273 qni
995 1218 1275 1271 interrogatus
1296 1218 1460 1271 spondet
1480 1218 1641 1272 stipam,
1664 1216 1708 1258 id

325 1293 397 1334 est,
420 1300 483 1325 σεε.

267 1352 449 1407 Stipes,¹¹
469 1353 597 1394 fustis
617 1356 738 1393 terrae
760 1351 946 1392 defixus.

1525 1351 1704 1404 [PAUL.

871 1458 1108 1471 uteteeeeoeoe

307 1540 326 1568 2
350 1538 429 1569 Vet.
448 1537 524 1569 cod.
540 1539 705 1577 quam—3
731 1536 791 1567 Vir
807 1535 898 1566 doct.
915 1535 947 1566 in
962 1545 1063 1575 marg.
1081 1534 1133 1566 ed.
1149 1535 1236 1565 Scal.
1253 1534 1393 1574 conjicit
1407 1535 1634 1566 constituantur
1649 1535 1702 1566 vel

265 1580 471 1612 destinantur.

517 1580 603 1611 Vide
621 1580 704 1610 Not.
720 1578 841 1610 int—4
865 1578 941 1609 Vet.
955 1578 1029 1610 cod.
1046 1582 1076 1609 et
1090 1579 1127 1608 de
1143 1588 1175 1609 eo
1188 1588 1254 1618 quae
1269 1578 1374 1608 datur.

912 1708 1048 1742 NOTAE

305 1782 320 1803 k
334 1783 471 1824 Stipnm]
490 1784 556 1815 Pro
570 1788 703 1824 stupam,
719 1789 881 1825 utsupra.
908 1783 954 1814 At

261 1833 453 1865 dormitavit
481 1835 529 1865 vir
553 1845 699 1866 summus
722 1845 798 1865 cnm
821 1834 953 1875 scripsit

259 1883 315 1914 hic
332 1884 454 1923 stipam
477 1894 549 1915 esse
575 1895 709 1915 crucem
737 1895 794 1915 sen
820 1885 952 1925 patibu-

259 1932 328 1963 lum
354 1934 407 1964 cui
436 1935 585 1974 argillam
613 1935 786 1974 imponunt
818 1936 951 1975 plastae.

259 1982 359 2014 Quod
379 1982 493 2013 Graeci
507 1991 626 2014 vocant
642 1984 813 2019 Κάνναβον.
831 1985 926 2015 Idem.

302 2030 310 2051 ¹
331 2032 569 2072 Destituanlur]
595 2035 670 2064 Non
687 2035 783 2064 video
803 2044 864 2064 cur
888 2034 949 2064 viri

258 2080 352 2112 docti
377 2084 612 2122 rescripserint
632 2084 871 2121 constituantur,
895 2084 948 2113 vel

257 2131 466 2161 destinantur.
510 2132 697 2172 Eleganter
726 2132 814 2162 enim
843 2132 948 2162 Vete-

255 2189 309 2210 res
348 2181 508 2212 dicebant
545 2181 759 2218 destitutum,
789 2180 948 2211 defixum.

254 2230 312 2261 sic
327 2230 365 2261 C.
376 2231 547 2262 Gracchus
558 2231 589 2261 in
601 2230 751 2261 oratione
764 2230 803 2260 de
819 2229 947 2269 legibus

254 2281 473 2320 promulgatis
489 2290 566 2310 usus
582 2285 634 2310 est
650 2289 689 2310 eo
707 2280 808 2310 verbo
832 2280 865 2309 in
889 2288 944 2309 eo—

254 2329 330 2359 dem
346 2329 547 2369 signfficatu,
559 2339 632 2361 cum
647 2329 772 2370 inquit:
789 2330 797 2346 ‘
810 2328 944 2359 Idcirco

254 2379 350 2419 palus
376 2379 561 2410 destitutus
589 2385 642 2410 est
673 2380 704 2410 in
731 2379 815 2413 soro,
837 2388 944 2419 eoque

253 2430 419 2461 adductus
450 2440 517 2460 snae
547 2430 694 2461 civitatis
719 2429 943 2459 nobilissimus

253 2479 351 2509 homo
381 2479 430 2509 M.
457 2479 609 2509 Marius:
642 2479 855 2509 Vestimenta
884 2478 942 2509 de-

253 2531 366 2558 tracta
389 2533 477 2567 sunt,
505 2529 606 2569 virgis
636 2538 742 2559 caesns
769 2528 842 2559 est.’
900 2530 943 2559 Et

253 2577 382 2607 Varro:
407 2577 461 2607 ‘Si
475 2586 587 2607 eorum
605 2578 693 2607 eolla
709 2577 742 2607 in
758 2576 869 2608 furcas
884 2577 942 2608 de-

251 2627 388 2657 stitutas
411 2624 607 2657 incluserit.'
635 2626 731 2656 Idem.

294 2681 316 2696 ¹¹¹
339 2676 473 2718 Scipem]
490 2677 587 2707 Varr.
603 2677 660 2707 lib.
677 2685 729 2706 iv.
742 2675 782 2706 de
798 2676 835 2707 L.
851 2677 887 2707 L.
905 2677 938 2707 in

255 2724 339 2757 fine:
363 2727 371 2742 ‘
387 2726 460 2758 Hoc
479 2728 586 2768 ipsum
598 2720 800 2768 stipendium
817 2737 834 2758 a
848 2727 936 2768 stipe

1007 1783 1148 1821 dictum,
1165 1781 1253 1823 quod
1270 1791 1314 1812 aes
1331 1790 1462 1822 quoque
1474 1781 1595 1821 stipem
1609 1781 1698 1813 dice-

1007 1833 1100 1864 bant.
1147 1834 1232 1864 Nam
1258 1832 1347 1872 quod
1367 1841 1457 1862 asses
1475 1832 1569 1861 librae
1587 1831 1697 1871 pondo

1004 1888 1114 1922 erant,
1141 1884 1196 1924 qui
1223 1887 1429 1922 acceperant
1454 1881 1614 1921 majorem
1637 1891 1697 1911 nu-

1004 1943 1143 1973 merum,
1160 1943 1224 1963 non
1246 1933 1277 1963 in
1296 1942 1372 1963 arca
1389 1933 1572 1973 ponebant,
1587 1932 1645 1963 sed
1664 1932 1696 1963 in

1003 1983 1112 2023 aliqua
1139 1983 1223 2013 cella
1249 1982 1436 2021 stipabant,
1457 1981 1488 2012 id
1517 1987 1581 2016 est,
1605 1991 1694 2012 com-

1003 2033 1184 2073 ponebant,
1199 2041 1263 2072 quo
1284 2032 1390 2061 minus
1413 2032 1476 2061 loci
1502 2036 1694 2070 occuparet.

1002 2082 1033 2112 A
1049 2080 1206 2120 stipando
1222 2081 1341 2120 stipem
1359 2081 1473 2111 dicere
1493 2080 1693 2120 coeperunt.'

1003 2132 1047 2162 Et
1073 2140 1174 2160 mox:
1197 2130 1266 2160 ‘Et
1291 2129 1348 2170 qui
1376 2129 1552 2169 pecuniam
1578 2130 1693 2169 alligat

1001 2179 1153 2220 stipulari
1178 2182 1213 2209 et
1238 2178 1451 2218 restipulari.1
1495 2178 1561 2209 Sed
1579 2179 1621 2209 de
1636 2179 1692 2209 sti-

995 2229 1101 2269 pulari
1124 2228 1218 2259 multi
1243 2228 1456 2263 dissentiunt,
1480 2237 1620 2268 quorum
1637 2228 1693 2258 alii

1000 2288 1019 2309 a
1047 2278 1208 2308 firmitate
1234 2277 1377 2317 stipulari
1405 2277 1531 2308 dictum
1562 2278 1689 2312 volunt,

999 2327 1087 2368 quod
1107 2327 1251 2357 Veteres
1268 2327 1397 2366 firmum
1417 2326 1577 2357 dicebant
1591 2327 1690 2366 stipu-

998 2378 1072 2407 lum.
1096 2376 1165 2407 Alii
1181 2385 1256 2406 rure
1274 2381 1387 2406 natum
1405 2375 1542 2405 verbnm
1558 2376 1689 2414 dicunt,

998 2436 1016 2457 a
1029 2427 1153 2466 stipula
1169 2426 1311 2463 scilicet,
1324 2426 1402 2466 quia
1413 2426 1445 2455 in
1457 2425 1687 2456 contractibus

997 2477 1136 2516 agrariis
1160 2477 1318 2516 stipulam
1337 2475 1510 2514 tenebunt,
1535 2485 1610 2515 quae
1636 2481 1685 2505 to-

997 2530 1067 2557 tum
1084 2536 1200 2566 agrum
1219 2530 1494 2565 repraesentaret.
1524 2526 1608 2557 Quae
1623 2526 1686 2555 mi-

995 2576 1027 2607 hi
1044 2577 1153 2616 potior
1169 2576 1348 2606 sententia.
1375 2576 1471 2607 Idem.

1037 2631 1051 2645 ¹¹
1074 2626 1193 2665 Stipes]
1218 2627 1329 2656 Multa
1351 2625 1464 2656 omisit
1487 2624 1623 2663 Paulus,
1646 2627 1683 2654 ut

993 2685 1034 2708 ex
1048 2676 1141 2708 Festi
1164 2676 1311 2717 reliquiis
1328 2679 1481 2715 apparet.
1505 2675 1581 2705 Ant.
1597 2674 1680 2712 Aug.
