1876 3025
306 206 368 235 DE
401 201 673 234 VERBORUM
708 196 1117 231 SIGNIFlGATIONE
1151 196 1246 227 LIB.
1279 195 1409 225 XVII.

1502 183 1586 225 839

194 301 352 355 poetas
374 301 625 349 vocabant3
662 303 708 338 at
745 309 860 337 nunc
889 294 1094 335 dicuntur
1134 292 1290 332 scribae
1324 287 1506 342 quidem
1536 289 1589 328 li-

191 369 339 419 brarii,
363 368 437 421 qui
468 367 664 408 rationes
687 364 886 418 publicas
911 361 1104 402 scribunt
1139 360 1183 399 in
1205 358 1390 399 tabulis:
1423 357 1587 409 itaque,

194 450 294 477 cum
331 436 484 476 Livius
524 431 806 474 Andronicus
847 429 963 470 bello
1001 427 1171 469 Punico
1212 424 1406 467 secundo
1450 424 1592 477 scrip-

194 506 326 545 sisset
348 516 533 551 carmen,
551 500 671 554 quod
696 514 722 540 a
741 499 980 552 virginibus
1003 500 1068 537 est
1096 499 1339 542 cantatum,
1355 493 1461 546 quia
1482 504 1589 545 pro-

196 572 364 625 sperius
386 570 639 623 respublica
665 567 819 620 populi
850 565 1042 606 Romani
1072 563 1160 616 geri
1194 565 1349 613 coepta
1377 564 1458 608 est,
1480 559 1593 612 pub-

197 640 283 680 lice
314 639 526 679 attributa
547 641 611 676 est
640 632 727 689 (et)
749 637 790 674 in
822 633 1038 674 Aventino
1065 630 1173 672 aedis
1192 628 1423 676 Minervae,
1445 628 1487 667 in
1506 639 1594 680 qua

194 708 346 748 liceret
383 705 539 746 scribis
576 703 946 754 histrionibusque
980 700 1240 747 consistere,
1278 709 1330 737 ac
1368 695 1483 735 dona
1518 707 1597 747 po-

198 788 297 815 nere
319 775 363 814 in
394 773 605 813 honorem
635 769 765 819 Livii,
794 769 900 822 quia
930 769 968 808 is
1003 773 1045 809 et
1087 765 1309 807 scribebat
1339 762 1531 811 fabulas,
1556 764 1598 801 et

199 843 369 894 agebat.

142 910 364 963 Scriptum
385 908 579 962 lapidem
599 904 607 928 ¹
643 918 743 946 esse
766 904 844 954 ait,
865 908 908 945 et
928 903 990 944 ita
1013 901 1176 950 vocari,
1200 899 1421 941 Antistius
1440 897 1593 938 Labeo

199 978 243 1018 in
264 991 368 1030 agro
388 975 646 1023 Menullino,
670 973 746 1014 ubi
767 977 782 994 2
814 972 1008 1013 divinam
1031 983 1122 1010 rem
1143 970 1349 1010 facerent.

143 1046 462 1099 Scripturarius
483 1057 583 1096 ager
599 1048 625 1064 “¹
647 1043 851 1095 publicus
881 1040 1148 1093 appellatur,
1170 1038 1216 1077 in
1247 1048 1347 1089 quo,
1367 1039 1417 1074 ut
1439 1045 1601 1087 pecora

202 1119 453 1167 pascantur,
488 1117 657 1153 certum
691 1123 754 1151 aes
789 1114 878 1150 est:
911 1108 1016 1163 quia
1054 1106 1326 1161 publicanus
1365 1101 1599 1142 scribendo

203 1182 383 1223 conficit
403 1181 613 1221 rationem
636 1191 736 1219 cum
758 1182 954 1230 pastore.

148 1250 306 1303 Scrupi
321 1249 530 1289 dicuntur
543 1259 704 1301 aspera
724 1259 848 1295 saxa,
869 1249 911 1286 et
932 1242 1129 1284 difficilia
1145 1243 1378 1282 attrectatu
1394 1250 1405 1277 ε
1423 1238 1603 1288 [PAUL.

208 1318 324 1359 unde
357 1322 401 1358 et
435 1317 744 1370 scrupulosam
784 1327 873 1354 rem
909 1312 1113 1361 dicimus,
1148 1322 1249 1364 quae
1282 1306 1450 1361 aliquid
1481 1305 1524 1345 in
1556 1316 1604 1345 se

204 1388 335 1428 habet
359 1386 518 1440 asperi.

154 1454 329 1509 Scrupin
350 1453 540 1494 dicantur
562 1466 704 1506 aspera
724 1463 836 1492 saxa
853 1454 897 1490 et
918 1447 1270 1500 difficilicc,petrae
1290 1443 1413 1484 etiam
1444 1441 1607 1491 [FEST.

752 1549 889 1562 aeaeaeaeaeaeae

894 1548 991 1560 eeeee

195 1623 214 1651 2
240 1621 301 1651 Vir
315 1619 404 1650 doct.
421 1620 451 1649 in
471 1629 576 1658 marg.
601 1618 654 1649 ed.
678 1617 768 1649 Scal.
792 1615 931 1656 conjicit
948 1615 1000 1645 ubi
1023 1612 1144 1644 scribae.
1190 1610 1230 1641 In
1248 1613 1315 1640 vet.
1337 1606 1412 1639 cod.
1430 1610 1610 1646 utrumque

153 1664 262 1695 deest.
308 1663 530 1701 Prosucerent
547 1667 615 1693 vet.
633 1660 852 1698 cod.faceret.

813 1754 952 1786 NOTAE

199 1822 373 1861 'Scriptum
390 1821 539 1861 lapidem]
579 1822 631 1852 De
656 1830 697 1850 co
716 1819 759 1849 nil
780 1818 859 1849 alibi

161 1883 214 1904 nre
245 1872 367 1913 legisse
397 1872 545 1902 memini.
591 1871 715 1901 Dictus
747 1868 860 1899 forsan

158 1923 309 1964 scriptus
335 1922 433 1963 lapis,
457 1921 546 1962 qnod
569 1921 609 1951 ad
639 1930 715 1951 eum
742 1919 859 1949 scribae

159 1984 252 2006 sacra
269 1973 436 2008 facerent,
454 1973 500 2003 ita
522 1977 558 2003 nt
582 1976 660 2012 post
677 1980 791 2001 vocem
809 1969 862 1999 ubi

160 2035 225 2055 vox
255 2024 366 2055 scriboe
395 2023 550 2063 ponenda
582 2023 638 2052 sit.
694 2022 750 2052 De
781 2029 861 2060 agro

161 2076 350 2107 Menullino
367 2074 413 2104 nil
431 2073 486 2103 alii
504 2072 700 2112 scriptores.
725 2071 824 2101 [dem.

205 2131 227 2147 ω
252 2125 484 2165 Scripturarz'us
495 2123 588 2163 ager]
605 2121 727 2162 Populi
742 2122 863 2152 Rorna-

162 2177 195 2208 ni
224 2177 291 2207 tria
324 2175 420 2206 fuere
461 2173 664 2214 vectigalia:
706 2172 865 2206 Decima,

162 2227 362 2269 portorium,
376 2232 409 2256 et
422 2226 600 2265 scriptura.
625 2221 864 2263 Decima,quod

164 2289 207 2309 ex
226 2278 438 2318 agricultura
460 2275 676 2316 capiebatur,
693 2274 772 2314 qnia
796 2272 867 2312 agri

165 2329 292 2369 publici
322 2337 362 2358 ea
391 2332 522 2357 tantum
556 2326 632 2366 lege
668 2324 859 2354 aratoribus

167 2379 349 2417 dabantur,
373 2382 410 2408 nt
437 2377 585 2407 decimas
614 2375 739 2416 populo
768 2375 867 2404 Rom.

168 2429 370 2470 penderent.
417 2427 610 2466 Portwium,
627 2426 713 2467 qnod
742 2435 782 2454 ex
809 2426 869 2454 im-

169 2479 363 2519 portatione
380 2483 415 2508 et
437 2477 675 2517 exportatione
693 2475 870 2506 mercium.

171 2530 337 2570 Scriptura
365 2529 525 2568 deniqne,
548 2527 634 2568 quod
661 2537 701 2557 ex
726 2535 869 2566 pecore:

170 2591 248 2612 narn
266 2589 340 2611 curn
358 2579 462 2618 sylvae
480 2583 594 2607 essent
618 2577 733 2617 populi
750 2577 870 2606 Roma-

172 2632 218 2666 ni,
235 2631 291 2671 qni
310 2630 341 2659 in
360 2628 461 2669 sylvis
476 2627 620 2668 publicis
635 2637 741 2668 pecus
757 2635 872 2666 pasce-

174 2683 271 2716 bant,
287 2689 461 2710 numerum
486 2678 618 2718 pecoris
640 2677 730 2718 apud
756 2676 872 2707 Publi-

176 2741 308 2765 canum,
341 2730 394 2770 qui
427 2730 538 2768 sylvas
568 2728 642 2757 illas
671 2727 874 2761 redemerat,

178 2781 447 2824 profitebantur;
478 2784 512 2810 et
537 2783 657 2809 contra
676 2778 875 2819 publicanus

916 1818 947 1848 in
965 1816 1101 1848 codices
1125 1813 1271 1845 eundem
1295 1817 1467 1842 numerum
1487 1808 1613 1838 refere-

916 1868 987 1906 bat,
1003 1873 1038 1898 et
1055 1867 1087 1897 in
1113 1865 1245 1905 singula
1269 1863 1385 1902 capita
1410 1864 1539 1890 certam
1558 1868 1615 1898 pe-

916 1919 1048 1949 cuniam
1067 1926 1127 1957 pro
1154 1914 1312 1955 pastione
1328 1912 1369 1942 ab
1395 1914 1528 1941 aratore
1546 1908 1616 1938 exi-

917 1969 1031 2010 gebat.
1076 1968 1121 1998 Et
1145 1965 1223 1996 inde
1251 1964 1308 1994 ille
1335 1971 1416 2001 ager
1434 1960 1619 2000 scriptura-

917 2022 984 2052 rius
1002 2019 1188 2050 dicebatur.
1214 2015 1312 2045 Idem.

958 2076 973 2091 ¹¹
997 2068 1128 2110 Serapi]
1152 2068 1304 2105 Scrupus
1322 2074 1340 2094 a
1362 2063 1486 2094 Graeco
1503 2059 1619 2101 σκίρος.

917 2121 1049 2162 Scrnpi,
1071 2129 1152 2151 saxa
1168 2125 1300 2157 aspera,
1315 2114 1416 2154 invia,
1435 2111 1621 2151 naufragiis

917 2173 1068 2205 infamia.
1112 2169 1258 2199 Versum
1290 2165 1389 2196 Ennii
1422 2162 1522 2194 affert
1550 2163 1622 2193 No-

918 2225 994 2255 nius
1017 2223 1049 2252 in
1073 2222 1082 2237 ‘
1099 2227 1238 2259 scapres
1254 2215 1276 2247 :¹
1310 2217 1318 2232 ‘
1333 2215 1486 2253 Scrnpeo
1512 2212 1622 2242 inves-

918 2276 983 2306 tita
1011 2281 1091 2303 saxo
1116 2276 1219 2309 atque
1246 2265 1367 2297 ostreis
1394 2273 1495 2305 quam
1523 2272 1622 2292 exce-

920 2322 1066 2367 perant-¹
1112 2319 1207 2352 Festi
1239 2317 1408 2356 scriptura
1440 2313 1579 2354 propius
1605 2323 1623 2342 a

926 2386 1005 2407 vera
1031 2371 1185 2404 recedit:
1208 2366 1388 2408 legendum
1414 2365 1515 2403 enim,
1541 2374 1625 2393 scru—

924 2438 979 2468 peo
996 2425 1142 2456 investita
1158 2430 1234 2451 saxo
1257 2421 1350 2457 atque
1375 2415 1501 2454 ostreis,
1523 2415 1626 2454 squale

925 2487 1041 2517 scupre.
1085 2471 1251 2505 Queritur
1270 2465 1488 2498 Andromeda
1510 2474 1545 2494 se
1568 2464 1625 2494 de-

928 2527 1028 2559 sertis
1044 2524 1126 2556 locis
1144 2525 1220 2552 ceto
1245 2517 1447 2558 expositam,
1465 2514 1554 2545 saxis
1576 2524 1626 2543 as-

929 2579 1018 2620 peris
1036 2582 1138 2617 atque
1165 2571 1284 2602 ostreis
1307 2568 1453 2608 undique
1481 2566 1627 2597 circum-

928 2630 1056 2668 datam,
1072 2624 1187 2667 squale
1212 2621 1411 2659 scabreqne,
1438 2622 1472 2647 et
1496 2616 1627 2646 inculta

929 2677 1145 2714 vastitudine,
1173 2677 1210 2703 nt
1232 2669 1402 2702 Pacuvius
1430 2668 1461 2697 in
1477 2667 1626 2697 Teucro.

934 2731 1028 2761 Idem.
