1876 3025
263 140 348 182 746

704 147 851 179 SEXTI
884 146 1087 177 POMPElI
1120 144 1256 177 FES'rt

267 241 534 292 Remant‚¹8⁵
575 245 782 295 repetant.
842 239 1008 280 Ennius
1039 239 1149 280 libro
1183 237 1347 292 primo:
1391 237 1550 278 desunt
1583 235 1699 277 rivos

325 323 592 364 camposque
617 313 799 350 remant.

269 377 472 424 Remant,
493 379 703 430 repetant.
750 374 916 416 Ennius
935 387 945 414 ε
969 372 1124 424 Rivos‚
1145 385 1412 427 camposque
1433 385 1497 413 re·
1525 371 1703 424 [PAUL.

323 448 454 485 mant.

271 512 502 561 Remeare,
523 509 683 560 redire3
713 512 761 550 ut
795 520 1049 557 commeare,
1079 507 1207 558 ultro,
1244 507 1439 561 citroque
1470 505 1557 546 ire:
1589 504 1705 545 unde

328 581 598 619 commeatus
628 576 723 616 dari
743 575 914 623 dicitur,
931 574 977 615 id
999 578 1082 624 est,
1102 577 1292 628 tempus,
1316 586 1401 627 quo
1424 574 1486 614 ire
1506 577 1550 614 et
1570 571 1708 613 redire

329 644 558 686 commode
577 646 609 675 ¹9
640 643 797 697 possit.

275 712 519 761 Remeare:
548 711 702 760 redire,
722 715 771 751 ut
802 722 1060 759 commeare,
1095 709 1226 759 ultro,
1260 709 1369 750 citro
1404 709 1500 749 ire:
1546 706 1710 756 [FEST.

330 780 442 821 unde
464 783 733 820 commeatus
753 777 847 819 dari
868 778 1038 826 dicitur,
1057 776 1101 817 id
1125 780 1209 826 est,
1229 781 1421 829 tempus,
1443 787 1528 828 quo
1549 774 1627 823 ire,
1649 786 1712 813 re-

333 847 513 900 direque
531 850 565 869 ²0
600 847 761 899 possit.

819 844 1027 886 Afranius
1059 845 1103 885 in
1136 844 1444 896 emancipato¹
1481 842 1616 883 vetuit
1642 853 1711 882 me

331 914 422 954 sine
439 914 639 954 mercede
659 927 835 967 prosum
856 912 1045 966 paucius
1065 924 1254 953 remeare
1276 911 1320 951 in
1340 910 1525 951 ludum.2

280 981 631 1035 Remeligines,³¹²
662 985 704 1022 et
736 994 916 1022 remorae
949 993 975 1021 a
1009 979 1217 1020 morando
1238 978 1364 1019 dictae
1383 982 1483 1018 sunt
1505 990 1529 1017 a
1552 976 1713 1017 Plauto

879 1098 1017 1113 eeeeeee

1020 1098 1117 1109 ttttt

327 1180 366 1208 18
390 1178 470 1208 vet.
487 1177 563 1208 cod.
585 1178 773 1210 Remanant.
808 1178 895 1208 Vide
911 1178 1119 1209 N‹›tas.—19
1136 1176 1215 1206 Vet.
1231 1175 1289 1205 lib.
1306 1175 1470 1214 quis.—20
1494 1173 1570 1203 Ver.
1583 1171 1658 1203 cod.
1671 1182 1719 1202 re-

283 1222 349 1252 ‹lz're
364 1223 502 1252 cutm—1
532 1220 594 1251 Ed.
609 1222 698 1251 Scal.
715 1221 866 1259 Afranius
880 1226 913 1252 ut
935 1222 970 1251 in
991 1220 1258 1259 emancip‹1to.-2
1279 1222 1286 1234 ‘
1306 1218 1430 1247 Versus
1444 1214 1574 1246 Afranii
1594 1215 1722 1253 indiget

284 1263 530 1301 emendatione,
558 1263 662 1294 Vetuit
687 1274 732 1294 me
753 1264 818 1294 sine
834 1266 968 1294 mercede
980 1273 1100 1303 prosum
1117 1261 1248 1293 Paccius
1268 1260 1272 1301 Ι
1297 1260 1442 1290 Remeare
1457 1259 1488 1288 in
1502 1257 1626 1288 ludum!
1649 1258 1722 1289 Jos.

284 1307 370 1337 Scal.
418 1306 485 1336 Pro
511 1307 614 1336 lactum
637 1306 717 1338 Aut.
735 1306 821 1347 Aug.
847 1306 1061 1338 scribendum
1085 1310 1201 1336 monet
1222 1305 1394 1334 locum—3
1419 1302 1499 1333 Vet.
1520 1301 1594 1332 cod.
1615 1300 1723 1331 Reme-

286 1350 395 1388 ligens.
440 1349 527 1380 Vide
544 1347 603 1379 inf:
612 1358 642 1380 a.

938 1455 1076 1487 NOTAE

290 1529 379 1560 citur
392 1529 418 1560 is
432 1531 486 1571 qui
503 1540 570 1562 rem
588 1531 652 1562 sibi
668 1532 906 1571 mancipatam,
921 1532 981 1562 ite-

292 1590 363 1611 rum
382 1582 567 1621 mancipat,
588 1583 635 1613 ita
659 1587 694 1612 ut
712 1583 802 1622 prior
819 1592 890 1613 earn
908 1581 982 1612 red-

291 1630 417 1661 hibeat.
432 1632 518 1662 Inde
531 1633 703 1671 eleganter
716 1633 824 1663 Gloss.
839 1632 848 1649 ‘
862 1634 984 1663 Eman-

293 1681 396 1720 cipat,
427 1681 684 1723 ἀντιπαραχωρεΐ,
714 1682 986 1723 ὰντιπαραγράφει.

296 1731 517 1771 Remaneipo,
535 1732 754 1763 ἀποκαθιστῶ.’
778 1734 873 1765 Idem.

335 1786 347 1800 ⁵
371 1782 519 1823 Remum]
550 1783 657 1813 Totus
673 1782 727 1813 liic
743 1784 834 1814 locus
851 1783 989 1815 mendo·

296 1840 352 1861 sus
371 1836 434 1862 est.
459 1832 537 1862 Ant.
555 1834 637 1872 Aug.

341 1881 487 1921 Remant]
524 1882 600 1913 Non
617 1888 669 1914 est
684 1885 769 1916 alius
786 1885 990 1925 inquinatior

296 1931 404 1968 locus,
422 1940 528 1972 neque
542 1934 751 1965 maculosior.
796 1934 990 1975 Legendum

298 1980 542 2019 proculdubio:
571 1982 732 2022 Revstunt,
749 1988 900 2023 repetant.
925 1985 992 2014 En-

299 2031 391 2060 nius:
416 2030 601 2062 Destituant
627 2033 709 2063 rivos
737 2043 916 2074 camposque
945 2043 992 2064 re-

299 2080 415 2110 citant.
460 2080 605 2112 Revitere
638 2083 750 2121 aliter,
788 2089 823 2115 et
858 2084 977 2114 melius

301 2131 462 2161 scribitur
486 2131 627 2163 rebitere.
673 2133 826 2165 Glossae:
864 2135 992 2165 ‘Revi-

304 2185 389 2214 tere,
414 2180 618 2220 περικάμψαι.’
639 2183 708 2215 dos.
729 2184 810 2215 Scal.

347 2230 495 2270 Remmia]
524 2232 578 2262 Sic
605 2232 746 2264 Plautus
770 2234 802 2264 in
819 2234 921 2274 Capt.
937 2234 946 2252 ‘
960 2234 996 2266 Si

305 2281 370 2311 huc
396 2280 543 2311 revitet)
588 2282 732 2313 Revitere
755 2284 854 2314 aliter
878 2289 912 2314 et
929 2293 997 2314 me-

306 2331 370 2361 lius
409 2331 570 2362 scribitur
606 2333 746 2364 rebitere.
790 2333 858 2365 Sed
889 2335 999 2365 Fulvii

308 2381 420 2412 Ursini
433 2380 539 2412 editio
552 2382 653 2412 habet
667 2384 851 2424 Remanent,
867 2388 1000 2426 reptent,

308 2431 396 2472 quod
434 2432 539 2472 magis
568 2433 690 2472 placet,
719 2434 767 2465 ita
795 2440 832 2466 ut
857 2436 1001 2476 legatur,

310 2483 495 2521 Remanant,
511 2487 664 2522 repetunt.
702 2484 786 2514 Erm.
812 2487 864 2525 δῖε.
894 2486 1002 2516 Desti-

310 2535 401 2563 tuum
417 2533 509 2568 rivos,
524 2542 699 2573 camposque
719 2537 890 2565 remanant.
914 2536 1002 2565 Dac.

354 2583 363 2601 t
387 2582 551 2623 Remeare]
582 2583 715 2614 Afranii
734 2584 949 2620 Octonarins,
966 2590 1004 2616 ut

315 2633 362 2663 ait
379 2633 524 2664 Faernus
546 2638 672 2670 noster,
699 2644 763 2665 non
788 2635 916 2675 patitur
933 2645 1004 2666 ver-

316 2685 392 2716 bum
414 2686 544 2722 lndum;
575 2685 649 2717 ideo
686 2686 900 2718 scribendum
931 2696 1004 2719 esse

1035 1532 1142 1566 locum,
1160 1531 1212 1561 vel
1229 1530 1295 1561 tale
1319 1528 1452 1571 aliquod
1469 1527 1617 1558 verbum.
1650 1526 1727 1557 Ant.

1039 1582 1124 1619 Aug.

1082 1632 1242 1669 Remeare,
1258 1630 1372 1670 redire]
1395 1628 1517 1669 Virgil.
1534 1637 1573 1659 ιῐ.
1601 1628 1609 1644 ‘
1623 1627 1656 1658 Si
1672 1637 1729 1667 pa-

1040 1682 1124 1713 trios
1154 1692 1299 1722 unquam
1325 1690 1523 1711 remeassem
1551 1679 1659 1709 vit-tor
1689 1677 1730 1708 ad

1043 1733 1176 1773 Argos!
1221 1734 1429 1771 Commeare,
1456 1732 1516 1770 ire,
1545 1734 1579 1760 et
1609 1729 1732 1760 redire.

1043 1784 1141 1815 Unde
1175 1784 1390 1815 Commeatus
1434 1781 1558 1812 dicitur
1588 1779 1732 1819 spatium

1044 1835 1133 1875 qnod
1165 1833 1386 1873 commeandi,
1409 1832 1440 1863 id
1472 1836 1537 1869 est,
1563 1830 1674 1865 eundi,
1699 1834 1734 1860 et

1044 1883 1208 1914 redeundi
1239 1882 1418 1922 Militibus,
1456 1880 1579 1921 privati
1609 1878 1735 1920 negotii

1046 1934 1183 1975 gerendi
1201 1943 1300 1964 causa
1316 1932 1522 1963 conceditur.
1545 1932 1624 1962 Duc.

1088 1991 1102 2006 ¹¹
1128 1978 1349 2023 Remeligines]
1386 1984 1512 2014 Versus
1549 1983 1676 2021 Plauti,
1704 1981 1738 2011 ni

1045 2035 1155 2074 fallor,
1171 2035 1272 2066 estin
1289 2034 1411 2065 Casina
1433 2032 1590 2063 mendose
1606 2032 1736 2062 editus:

983 2107 991 2122 ‚
1047 2091 1054 2104 ⁸
1071 2087 1154 2118 Nam
1176 2085 1254 2125 quid
1279 2085 1364 2115 illaec
1389 2093 1477 2114 nunc
1506 2082 1634 2113 tamdiu
1650 2082 1739 2113 intus

1047 2141 1235 2167 remoratur
1261 2135 1354 2175 quasi
1379 2134 1423 2165 ob
1447 2132 1670 2165 industriam.'
1694 2132 1741 2163 Α-

1048 2185 1145 2216 franii
1175 2189 1288 2215 autem
1318 2193 1432 2215 versus
1467 2183 1647 2214 mendosus
1677 2188 1740 2214 est.

1049 2236 1129 2268 Ant.
1146 2236 1232 2275 Aug.

1097 2285 1317 2325 Remeligz'nes]
1356 2285 1416 2315 Vel
1432 2285 1625 2324 remeligines
1644 2289 1677 2315 et
1694 2295 1742 2316 re-

1051 2347 1144 2367 morae
1169 2346 1233 2367 non
1251 2340 1328 2366 sunt
1351 2334 1502 2375 ejusdem
1520 2336 1671 2374 originis,
1689 2336 1742 2366 vel

1054 2385 1244 2425 legendum,
1269 2385 1496 2423 remoragines:
1523 2390 1557 2415 ut
1585 2385 1744 2416 Lambino

1056 2435 1194 2474 placuit.
1238 2435 1335 2467 Quod
1354 2435 1380 2465 si
1406 2445 1485 2465 vera
1507 2435 1610 2466 lectio
1627 2436 1682 2475 sit,
1698 2445 1745 2466 re-

1055 2486 1222 2525 meligines,
1241 2495 1355 2516 verum
1367 2486 1428 2516 erit
1439 2485 1526 2526 quod
1537 2486 1642 2516 sensit
1657 2486 1746 2517 Scal.

1057 2546 1131 2566 esse
1160 2537 1201 2566 ab
1231 2537 1382 2575 antiquo,
1411 2536 1544 2569 remella,
1581 2536 1667 2576 quod
1695 2542 1746 2567 est

1056 2587 1192 2626 retardo,
1209 2596 1284 2616 nam
1301 2591 1333 2617 et
1347 2587 1501 2626 mantello,
1518 2586 1580 2617 lioc
1599 2591 1662 2624 est,
1675 2596 1746 2625 pro-

1057 2636 1203 2675 crustitw,
1220 2635 1377 2667 dicebant
1392 2637 1545 2671 Veteres,
1557 2640 1592 2667 ut
1605 2646 1663 2667 suo
1675 2637 1748 2667 loco

1059 2687 1185 2718 dictum
1202 2692 1265 2718 est.
1312 2687 1471 2726 Rcmcligo
1486 2691 1595 2718 autem
1608 2691 1640 2717 et
1654 2696 1749 2717 remo-
