1876 3025
258 424 621 502 NOTAE
697 422 1403 499 VARIORUM

808 597 861 628 IN

360 732 549 792 SEX.

617 732 1000 793 POMPEII
1069 735 1316 795 FESTI

816 903 878 932 DE

158 1035 571 1087 VERBORUM
614 1038 1222 1090 SIGNIFICATIONE
1258 1039 1534 1089 LIBROS.

727 1378 868 1425 LIB.
928 1379 973 1426 l.

175 1496 266 1527 PAG.
283 1499 337 1527 35.
361 1496 460 1537 Acus]
489 1497 567 1526 Cum
577 1495 715 1527 sarcire:
739 1498 827 1536 lege,

133 1547 212 1586 quod-
244 1547 372 1577 sarcire.
416 1546 568 1577 Turneb.
598 1546 742 1578 Advers.
771 1546 830 1578 lib.

136 1605 215 1627 xiv.
234 1606 310 1637 cap.
330 1599 379 1628 12.

177 1647 334 1678 Paean.
359 1646 529 1685 Adfectata
551 1646 710 1689 [Affecta]
736 1646 831 1678 Allu-

135 1698 216 1729 dere
233 1698 368 1729 videtur
392 1698 432 1729 ad
456 1698 548 1729 illum
567 1698 685 1730 Plauti
707 1699 830 1733 locum,

136 1749 192 1789 qui
218 1748 249 1778 in
277 1748 438 1779 Rudente
466 1753 600 1780 exstat:
626 1748 635 1765 ‘
654 1748 833 1789 Accipiam

135 1799 284 1839 bospitio
307 1800 334 1830 si
358 1809 424 1830 nox
448 1800 560 1831 venies
576 1808 720 1841 vespere
745 1799 833 1830 Item

137 1847 369 1881 utaffectam!
386 1850 476 1881 Idem
491 1850 567 1881 ibid.

180 1901 273 1933 PAG.
289 1905 341 1932 50.
366 1902 553 1942 AEditimus]
591 1902 668 1933 Non
695 1901 835 1932 assenti-

141 1958 196 1984 tur
218 1952 342 1982 Festus
366 1953 490 1992 ΤιιΙΙίο,
512 1962 576 1984 nec
598 1952 755 1992 Varroni,
779 1952 837 1993 qui

141 2005 229 2034 inter
245 2002 416 2033 oeditimum
432 2003 628 2034 etoedituum
640 2002 719 2033 nibil
736 2002 838 2033 inter-

143 2063 217 2084 esse
241 2060 399 2084 censent:
435 2054 493 2084 sed
519 2057 554 2084 et
575 2053 624 2084 M.
647 2053 779 2084 Tullius
805 2052 840 2083 in

142 2104 293 2140 oeditz'mo,
321 2105 439 2135 timum.
462 2104 719 2145 productionem
744 2112 842 2135 voca-

145 2156 215 2187 buli
231 2161 373 2194 censet;
401 2165 463 2196 pro
477 2156 586 2187 intimo
609 2155 732 2186 Festus
755 2154 841 2185 acci-

145 2208 207 2249 pit.
254 2207 454 2248 Quanquam
467 2216 534 2237 non
547 2206 629 2237 salis
644 2210 787 2246 apparet
800 2214 843 2236 an

148 2257 395 2298 significatione
425 2257 611 2297 distinguat
642 2265 717 2297 quae
747 2262 843 2287 nota-

150 2310 241 2340 tione
257 2307 389 2340 dividit.
407 2308 458 2339 Id.
475 2307 550 2339 ibid.

192 2359 284 2390 PAG.
296 2362 349 2390 65.
366 2357 552 2397 Ambactus]
570 2358 701 2398 Lingua
712 2356 847 2388 Gallica

151 2412 276 2442 dicitur
298 2414 384 2442 actus
399 2413 428 2440 et
450 2408 607 2439 ambactus
629 2417 746 2439 servus
763 2416 847 2438 mer-

154 2462 330 2493 cenarius:
356 2464 394 2491 ut
419 2457 684 2490 ‘circumactus'
711 2457 848 2488 dicitur.

155 2513 256 2544 Hanc
280 2521 398 2543 vocem
421 2510 598 2550 usurpavit
621 2509 737 2540 Caesar
760 2517 848 2540 com-

155 2561 322 2594 mentario
335 2565 448 2592 sexto:
474 2565 482 2579 ‘
491 2560 544 2591 Ita
555 2560 713 2600 plurimos
724 2559 851 2591 circum

157 2624 192 2645 se
208 2612 381 2644 ambactos
398 2612 610 2652 clientesque
625 2609 749 2642 habet!
772 2609 851 2640 Am-

159 2664 250 2696 bacti
275 2669 387 2694 autem
415 2666 513 2694 erant
539 2661 628 2702 apud
652 2661 780 2697 Gallos,
796 2661 851 2702 qui

158 2725 194 2746 se
220 2714 386 2747 nobilibus
410 2713 443 2744 in
466 2712 663 2744 servitutem
687 2711 852 2751 dicarant,

882 1496 969 1538 quod
996 1496 1121 1527 circum
1153 1496 1226 1528 illos
1258 1496 1327 1528 acti
1357 1498 1485 1527 essent.
1533 1495 1573 1526 Iu

879 1547 990 1578 lexico
1005 1547 1268 1580 Latino-Graeco
1279 1546 1436 1578 ambactus
1452 1547 1499 1577 sic
1516 1555 1574 1577 ex-

881 1597 1047 1638 plicatur:
1077 1598 1187 1629 δοῦλος
1201 1596 1364 1636 μισθωτὸς,
1387 1597 1426 1629 ὡς
1448 1596 1576 1627 'fluvios

880 1648 930 1679 ita
952 1647 993 1679 ab
1018 1647 1129 1680 Ennio
1147 1648 1263 1680 Caesar
1285 1648 1347 1680 hoc
1375 1646 1576 1679 vocabulum

881 1703 997 1730 mutuo
1011 1699 1161 1740 sumpsit.
1179 1699 1229 1730 Id.
1241 1698 1318 1730 ibid.

925 1749 1017 1781 PAG.
1041 1752 1094 1782 69.
1128 1749 1305 1789 Ambrz'ces]
1346 1750 1437 1789 Lego
1459 1747 1582 1778 cambri-

883 1808 942 1835 ces,
957 1800 1089 1841 regulas
1105 1809 1266 1836 esse,n0n
1281 1799 1432 1840 tegulas:
1451 1798 1484 1829 id
1494 1796 1580 1838 quod

885 1859 1002 1881 sensus
1019 1851 1093 1891 ipse
1110 1849 1287 1882 declarat:
1311 1848 1371 1880 sed
1388 1852 1422 1879 et
1437 1848 1583 1879 Franco-

888 1910 959 1931 rum
982 1901 1113 1941 lingua,
1131 1910 1207 1941 quae
1234 1900 1377 1932 articulo
1400 1898 1516 1930 addito
1534 1902 1585 1928 ta-

887 1951 1006 1991 bellas,
1018 1950 1139 1992 quibus
1156 1950 1326 1982 lacunaria
1348 1952 1511 1981 texuntur
1528 1952 1585 1978 aut

890 2001 982 2032 aedes
1021 2001 1247 2040 obducuntur,
1272 2000 1434 2033 lambrices
1472 2004 1585 2036 vocat,

890 2052 978 2093 quod
1009 2061 1084 2084 cum
1113 2052 1163 2087 fit,
1190 2051 1280 2083 aedes
1304 2049 1498 2082 lambricari
1523 2058 1584 2088 pru

891 2103 1069 2134 ambricari
1084 2102 1225 2134 dicitur.
1244 2102 1292 2133 Id.
1308 2102 1383 2132 ibid.

935 2155 1025 2186 PAG.
1043 2157 1097 2185 75.
1119 2152 1271 2193 Anclare]
1305 2152 1410 2184 Multi
1435 2154 1590 2182 censent„

892 2206 1019 2237 anelare
1054 2210 1090 2236 et
1116 2204 1278 2235 exanclare
1306 2201 1487 2234 dicendum
1516 2210 1592 2232 esse

894 2258 1015 2288 antlare
1040 2262 1074 2287 et
1099 2257 1271 2295 exantlare,
1294 2263 1312 2285 a
1341 2253 1442 2284 verbo
1469 2252 1593 2284 Graeco

896 2307 1030 2337 ἀντλεῖν.
1049 2316 1068 2336 a
1082 2305 1204 2347 quibus
1225 2304 1404 2341 dissentio,
1420 2307 1455 2333 et
1470 2304 1592 2333 anelare

896 2362 980 2397 puto
1008 2365 1081 2386 esse
1103 2355 1260 2393 anculare,
1278 2354 1310 2384 id
1335 2358 1397 2391 est,
1412 2352 1544 2383 haurire
1561 2358 1595 2383 et

897 2406 1113 2437 ministrare:
1138 2403 1230 2435 unde
1254 2407 1290 2434 et
1316 2401 1510 2434 ancillarum
1537 2411 1596 2433 no-

899 2465 987 2487 men.
1029 2454 1143 2486 Livius
1166 2452 1403 2484 Andronicus:
1438 2452 1596 2483 ‘Florem

901 2505 1105 2537 anculabant
1159 2503 1275 2534 Liberi
1312 2512 1353 2534 ex
1393 2500 1597 2534 carchesiis-‘³

901 2555 1031 2589 Quodsi
1044 2555 1087 2586 ab
1098 2555 1223 2585 ἀντλεῖν
1238 2553 1432 2588 deducitur,
1446 2556 1482 2584 ut
1495 2552 1597 2583 Festo

903 2605 1051 2645 videtur,
1066 2609 1161 2637 certe
1186 2605 1287 2636 litera
1314 2607 1473 2634 mutatur.
1497 2602 1596 2633 Idem„

906 2657 957 2687 lib.
973 2665 1028 2687 ιιι.
1041 2665 1107 2695 cap.
1126 2657 1176 2686 10.

952 2708 1043 2739 PAG.
1059 2709 1112 2737 76.
1135 2702 1316 2744 Andrume]
1329 2703 1358 2736 A
1373 2703 1461 2735 verbo
1477 2703 1601 2745 Groeco,
