1876 3025
273 163 335 191 DE
369 158 641 190 VERBORUM
676 154 1090 187 SIGNIFICATlONE
1126 155 1222 184 LlB.
1256 154 1365 184 XVI.

1481 143 1565 184 721

120 254 385 297 Ratumena¹
416 258 542 309 porta
564 268 590 295 a
610 253 783 294 nomine
804 252 898 306 eJus
930 250 1151 305 appellata
1182 253 1263 299 est,
1294 248 1372 302 qui
1400 249 1567 290 ludicro

175 313 414 364 certamine
428 322 650 376 quadrigis
669 321 809 362 victor
827 319 1000 361 Etrusci
1012 324 1041 343 ¹¹
1060 316 1233 371 generis
1243 315 1421 371 juvenis
1438 315 1570 357 Veiis

175 390 464 432 consternatis
482 392 514 411 ¹²
545 389 673 443 equis
704 400 921 429 excussus
955 386 1116 428 Romae
1150 385 1308 439 periit:
1354 383 1433 438 qui
1469 383 1571 437 equi

174 458 367 499 feruntur
386 470 472 498 non
495 461 594 499 ante
618 455 885 505 constitisse,
908 467 1041 507 quam
1061 452 1343 507 pervenirent
1371 451 1417 491 in
1438 449 1575 503 Capi-

176 525 346 573 tolium,
397 528 774 578 conspectamque
815 522 1019 563 fictilium
1059 520 1423 574 quadrigarum,¹³
1471 530 1574 572 quae

178 595 302 633 erant
321 592 364 633 in
380 591 558 646 fastigio
578 591 607 632 J
611 591 708 632 ovis
729 589 896 643 templi,
928 601 1040 644 quas
1061 587 1291 630 faciendas
1318 587 1578 628 locaverant

177 659 370 701 Romani
390 659 572 702 Veienti
588 664 623 690 ¹4
652 658 832 700 cuidam
863 658 968 698 artis
998 656 1194 709 figulinae
1225 654 1444 709 prudenti,
1474 667 1577 708 quae

179 727 300 768 bello
324 731 424 769 sunt
442 728 735 781 reciperatae:
765 725 871 779 quia
899 724 944 765 in
970 724 1150 765 fornace
1172 722 1285 764 adeo
1305 724 1578 770 creverant,¹¹¹

179 799 230 836 ut
249 795 384 836 eximi
403 795 658 849 nequirent:
688 794 823 848 idque
852 792 1103 847 prodigium
1123 790 1382 846 portendere
1401 789 1582 831 videba-

180 870 264 913 tur,
295 863 341 903 in
371 876 461 916 qua
490 863 675 905 civitate
706 876 772 904 eae
803 861 1006 911 fuissent,
1039 860 1236 902 omnium
1267 870 1366 899 eam
1386 857 1580 899 futuram

180 931 551 985 potentissimam.

737 1017 877 1030 eeeeeee

879 1015 979 1029 mb‘

167 1098 207 1126 11
232 1095 312 1127 Vet.
337 1094 414 1126 cod.
440 1095 682 1127 clavasce—12
714 1096 796 1126 Vet.
822 1094 898 1126 cod.
932 1093 1018 1125 vehis
1041 1091 1348 1123 consternates.—13
1385 1086 1582 1129 Legendum

125 1140 244 1169 monet
257 1138 346 1169 Scal.
361 1138 396 1169 in
410 1142 604 1178 conspectum
618 1139 856 1179 quadrigarum.
895 1138 979 1169 Dae.
989 1138 1242 1176 conspectumque
1247 1132 1401 1174 fictilium
1417 1132 1586 1172 quadriga-

127 1183 296 1213 rum-14
320 1181 400 1212 Vet.
417 1181 493 1213 cod.
517 1182 660 1221 Vegentz'.

786 1283 925 1315 NOTAE

130 1359 187 1392 lib.
205 1369 341 1392 xxxin.
357 1370 433 1402 cap.
458 1363 490 1392 3.
525 1361 534 1379 ‘
549 1360 642 1392 Nota
662 1360 750 1400 aeris,
763 1360 829 1391 hoc

129 1416 195 1450 est,
210 1411 306 1450 assis,
319 1410 387 1442 fuit
412 1421 455 1442 ex
480 1411 587 1443 altera
611 1416 707 1452 parte
723 1411 831 1444 Janus

129 1462 304 1502 geminus:
329 1472 371 1493 ex
388 1464 499 1494 altera
514 1468 655 1494 rostrum
673 1463 779 1501 navis,
796 1463 831 1493 in

128 1511 255 1543 triente
292 1522 374 1543 vero
411 1517 447 1544 et
484 1513 672 1554 quadrante
716 1511 832 1544 rates!

131 1562 334 1604 Quanquam
359 1563 472 1594 Varro
498 1564 557 1595 lib.
584 1573 634 1595 1v.
661 1564 703 1595 de
730 1565 769 1594 L.
796 1564 833 1594 L.

132 1613 356 1653 quadrantem
372 1614 513 1645 ratitum
529 1613 658 1644 dictum
677 1612 834 1652 tradidit,

132 1662 222 1702 quod
238 1663 277 1693 iis
293 1663 482 1695 solveretur
497 1664 553 1705 qui
567 1663 698 1695 ratibus
713 1663 835 1695 transi-

132 1711 230 1743 bant.
255 1713 338 1744 Duc.

176 1762 185 1782 ¹
210 1763 401 1804 Ratumena]
436 1765 541 1804 Lege,
575 1764 609 1795 in
642 1768 836 1804 conspectum

134 1813 368 1852 quadrigarum.
393 1814 495 1845 Festo
509 1824 575 1845 non
587 1815 745 1845 convenit
760 1824 836 1845 cum

134 1863 323 1895 Plutarcho
340 1863 372 1894 in
394 1864 586 1896 Publicola.
631 1864 836 1895 Plutarchus

135 1918 257 1954 postea
273 1913 422 1945 redditas
438 1914 621 1955 quadrigas
637 1915 760 1946 fictiles
779 1915 837 1945 ait.

135 1963 257 1995 Festus
293 1969 475 2005 antequam
514 1965 588 1996 haec
627 1965 839 2005 acciderent,

137 2013 228 2045 bello
245 2014 425 2055 repetitas.
446 2015 515 2046 λος.
531 2015 616 2047 Scal.

172 2066 349 2097 Ratumena
363 2068 470 2108 porta]
490 2068 706 2099 Ratumenna
723 2067 839 2105 auriga

141 2114 221 2155 fuit,
252 2117 309 2157 qui
339 2127 414 2148 cum
444 2117 478 2148 in
507 2117 592 2148 ludis
620 2117 840 2150 Circensibus

140 2175 301 2198 excussus
318 2166 449 2207 fuisset,
464 2168 542 2208 equi
559 2169 633 2208 ejus
650 2178 724 2199 cuni
745 2177 842 2199 coro-

140 2225 184 2246 na
200 2221 236 2247 et
257 2217 371 2257 palma
393 2217 426 2247 in
449 2218 654 2258 Capitolium
679 2227 842 2258 pervene-

140 2271 233 2307 runt,
256 2267 437 2309 sedemque
463 2273 515 2299 ter
539 2269 743 2299 lustrarunt.
790 2269 843 2299 Ex

142 2325 207 2356 quo
228 2316 360 2348 factum
388 2322 453 2357 est,
468 2322 505 2349 ut
530 2323 631 2359 porta
658 2329 720 2358 per
745 2329 845 2360 quam

141 2366 355 2399 intraverant
370 2370 561 2400 Ratumena
579 2369 762 2400 diceretur.
786 2369 846 2399 So-

144 2418 204 2448 lin.
221 2428 296 2459 cap.
311 2423 364 2451 45.
388 2420 397 2437 ‘
409 2421 561 2451 Excusso
578 2429 711 2460 quoque
729 2419 847 2458 auriga

145 2474 244 2510 quem
262 2471 487 2502 Ratumenam
504 2470 735 2508 nominabant,
750 2469 847 2499 relic-

148 2524 184 2550 to
196 2521 395 2561 certamine,
407 2522 448 2552 ad
462 2521 669 2562 Capitolium
687 2520 850 2561 quadriga

149 2570 320 2609 prosiluit,
348 2580 412 2601 nec
438 2576 518 2601 ante
543 2571 706 2608 substitit,
734 2580 848 2612 quam-

147 2620 850 2662 libetobviisoccursibusimpedita,quam

150 2670 332 2710 Tarpeium
357 2669 480 2701 Jovem
507 2675 606 2702 terna
635 2671 851 2702 dextratione

152 2719 338 2751 lustraret!
362 2720 431 2752 Sed
448 2729 513 2751 non
530 2721 630 2752 video
646 2731 705 2753 cur
720 2720 852 2752 Solinus

240 2774 353 2813 Delph.
375 2777 406 2805 et
428 2775 504 2807 Var.
531 2774 616 2806 Clas,

769 2774 878 2813 Pomp.
899 2772 980 2803 Fest.

886 1357 1157 1401 praetermiserit,
1173 1356 1261 1399 quod
1277 1356 1310 1387 in
1324 1354 1486 1387 miraculo
1501 1362 1588 1394 prae-

887 1411 1035 1450 cipuum,
1058 1419 1180 1449 nempe
1196 1407 1365 1438 ludicrum
1382 1404 1464 1437 illud
1480 1408 1590 1435 certa-

886 1470 963 1491 men
975 1460 1069 1490 Veiis
1087 1464 1199 1490 actum
1213 1457 1331 1496 fuisse,
1344 1455 1434 1487 unde
1448 1463 1591 1486 excusso

889 1511 1019 1551 auriga,
1034 1511 1090 1551 qui
1108 1513 1229 1550 postea
1247 1509 1363 1538 Romae
1382 1506 1499 1546 periit,
1517 1514 1591 1536 rec-

889 1566 926 1592 ta
943 1561 983 1592 ad
1002 1560 1208 1601 Capitolium
1226 1558 1391 1600 quadriga
1411 1555 1592 1598 pervenit:

889 1621 968 1642 sane
992 1610 1074 1641 illud
1100 1619 1167 1641 non
1190 1608 1413 1650 praetermisit
1437 1606 1593 1637 Plinius:

889 1662 898 1679 ‘
913 1661 1028 1701 Majus
1051 1661 1228 1700 augurium
1253 1659 1343 1698 apud
1368 1655 1519 1698 prisc0S,'
1543 1656 1594 1686 in=

890 1711 987 1752 quit,‘
999 1710 1140 1751 plebeiis
1148 1708 1378 1742 Circensibus,
1389 1715 1528 1737 excusso
1537 1714 1594 1735 au-

891 1761 974 1799 riga,
991 1760 1023 1790 in
1040 1759 1248 1800 Capitolium
1265 1758 1457 1789 cucurrisse
1475 1765 1594 1797 equos,

894 1811 1068 1851 aedemque
1088 1815 1140 1841 ter
1156 1807 1345 1839 lustrasse?
1378 1807 1519 1838 Deinde
1536 1806 1596 1836 ad-

894 1863 967 1892 dit:
990 1862 1000 1878 ‘
1015 1861 1203 1892 Maximum
1230 1869 1309 1890 vero
1330 1858 1448 1890 eodem
1476 1865 1596 1898 perve-

892 1913 982 1943 nisse
1001 1923 1020 1943 a
1036 1912 1131 1942 Veiis
1158 1920 1235 1941 cum
1261 1910 1374 1950 palma
1400 1913 1435 1939 et
1459 1916 1596 1945 corona,

893 1963 1000 1995 effuso
1030 1963 1247 1993 Ratumenna
1277 1960 1334 2001 qui
1366 1958 1414 1989 ibi
1443 1955 1598 1989 vicerat.’

894 2016 1086 2046 Ratumena
1102 2018 1202 2054 porta
1218 2011 1337 2042 eadem
1360 2009 1432 2040 aliis
1455 2007 1598 2039 nomini-

895 2065 958 2096 bus
982 2065 990 2081 ‘
1005 2062 1257 2098 Carmentalis,’
1276 2062 1286 2079 ‘
1299 2059 1471 2101 Tarpeia:
1496 2060 1505 2076 ‘
1519 2059 1600 2089 Sce-

895 2115 1031 2150 lerata,’
1049 2119 1083 2145 et
1098 2116 1107 2132 ‘
1122 2114 1313 2144 Veientana
1335 2110 1451 2142 dicta.'
1473 2110 1555 2141 Dae.

941 2171 962 2186 ¹¹¹
989 2166 1072 2201 Quia
1099 2165 1132 2195 in
1152 2164 1285 2202 fornace
1315 2163 1391 2193 adeo
1421 2158 1600 2198 creverant]

898 2216 994 2248 Idem
1020 2220 1135 2246 narrat
1159 2215 1250 2245 Plin.
1276 2213 1334 2244 lib.
1362 2220 1501 2244 xxvnr.
1524 2219 1600 2250 cap.

898 2269 928 2297 2.
968 2267 1008 2297 ln
1025 2265 1170 2297 ostentis
1187 2269 1300 2295 autem
1317 2266 1351 2293 et
1367 2261 1504 2292 somniis
1531 2270 1601 2291 oni-

901 2318 954 2348 nia
973 2317 1102 2357 majora
1118 2320 1153 2347 et
1176 2315 1328 2345 auctiora
1344 2312 1461 2343 videre
1483 2312 1602 2342 laetum

902 2377 940 2398 ac
966 2375 1168 2407 prosperum
1191 2364 1350 2404 judicant
1373 2361 1546 2402 aruspices
1569 2363 1605 2390 et

902 2417 1132 2449 oneirocritae.
1178 2417 1207 2446 E
1230 2420 1350 2445 contra
1371 2413 1470 2443 triste
1488 2415 1604 2442 osten-

905 2473 975 2500 tum
1004 2473 1069 2509 est,
1087 2468 1113 2498 si
1138 2477 1204 2508 qua
1229 2476 1281 2496 res
1309 2464 1410 2496 solito
1435 2462 1542 2494 minor
1569 2464 1605 2491 et

905 2519 1078 2551 tenuatior
1095 2516 1332 2557 defectiorque
1350 2518 1506 2555 apparet.
1546 2511 1604 2542 Sic

906 2569 1086 2600 Perdiccae
1119 2569 1177 2598 uui
1215 2576 1258 2597 ex
1287 2562 1491 2596 Temenidis‚
1529 2569 1605 2591 cuni

905 2619 993 2659 apud
1014 2629 1127 2659 regem
1152 2615 1365 2649 Macedoniae
1391 2613 1510 2644 ovibus
1529 2619 1606 2650 pas-

906 2669 1023 2700 cendis
1047 2677 1182 2708 operam
1208 2675 1301 2697 suam
1325 2664 1483 2696 locasset,
1511 2660 1606 2700 panis

907 2720 963 2759 qui
980 2719 1052 2758 ejus
1069 2718 1201 2749 nomine
1218 2713 1440 2755 coquebatur,
1456 2712 1488 2742 in
1505 2710 1605 2741 furno

1450 2768 1469 2795 2
1493 2765 1519 2795 Ζ
