1876 3025
301 146 362 176 DE
396 142 668 174 VERBORUM
702 139 1114 172 SIGNIFICATIONE
1149 139 1246 169 LIB.
1278 139 1383 169 XVI.
1489 128 1573 170 739

190 238 338 293 lingua
354 240 510 292 longos
528 251 605 292 per
620 236 804 290 temporis
822 242 973 276 tractas
995 234 1096 276 Hos
1113 235 1219 288 pavi
1234 238 1271 276 :2
1302 247 1391 274 non
1411 233 1574 274 Roma-

186 321 256 347 wos
276 307 351 358 ait,
375 305 539 346 Graece³
564 304 725 353 locutos,
747 317 846 344 cum
869 303 1091 344 Romulus
1116 301 1225 342 urbis
1242 300 1425 342 conditor
1444 300 1575 340 verbis

192 374 339 429 lingum
364 372 532 414 Latinae
551 372 732 413 locutus
757 371 831 420 sit,
863 368 931 410 sed
965 368 1073 424 quod
1102 368 1195 409 olim
1235 368 1375 424 lingua
1412 367 1580 408 Graeciae

189 443 327 495 gentis
342 441 473 482 fuerit
489 438 623 481 eadem
641 454 729 479 cum
747 436 904 478 Latina
920 451 1071 492 parum
1085 436 1334 490 prolatione
1350 443 1368 466 4
1388 439 1557 476 mutata
1574 448 1584 475 ε

190 507 261 548 hoc
281 515 415 549 autem
435 522 572 562 verum
596 522 674 548 esse
694 506 858 548 indicat
875 506 996 559 origo
1019 505 1117 560 ejus
1138 518 1147 546 :
1177 518 1264 560 quae
1285 504 1446 544 videtur
1466 502 1583 558 quasi

195 574 233 615 G
241 590 346 616 mccc
370 577 609 629 usurpatio.

744 693 862 706 eeeeee

865 693 984 705 oooooo

182 786 200 814 2
227 782 309 814 Ead.
325 783 378 814 ed.
394 783 403 801 ‘
418 786 536 813 tractus
546 782 691 821 gentibus
709 782 940 824 Hispani.'—3
957 782 1040 813 Ead-
1058 781 1112 814 ed.
1132 781 1335 813 Graecos.—4
1353 777 1439 810 Ead.
1455 779 1509 811 ed.
1534 789 1589 819 pro

146 826 337 866 prolatione.

790 900 935 932 NOTAE

142 977 213 1008 Hos
236 977 317 1017 pati.
373 986 432 1007 non
449 976 604 1007 Romanos
623 975 734 1006 Groece
761 975 842 1015 loqui

140 1027 204 1057 ait:
228 1037 295 1057 cum
320 1027 470 1057 Romulus
489 1026 584 1057 Urbis
598 1026 738 1056 conditor
750 1026 841 1057 Lati-

140 1087 179 1107 ne
206 1078 324 1107 locutus
352 1077 418 1107 sit.-
451 1077 503 1107 sed
531 1077 609 1116 quod
636 1076 708 1106 olim
735 1076 843 1115 lingua

147 1126 280 1157 Graecz'oe
294 1126 397 1164 gentis
403 1125 509 1163 fuerit
522 1127 626 1156 eadem
638 1135 705 1155 cum
716 1126 846 1164 Latina,

140 1186 251 1215 parum
264 1176 466 1207 declinatione
481 1179 609 1207 mutata.
656 1176 747 1206 Puto
764 1176 845 1206 satis

142 1226 290 1258 fideliter
316 1227 418 1258 verba
443 1227 537 1257 Festi
560 1226 761 1265 reddidisse,
778 1236 845 1257 ino-

145 1277 190 1308 do
221 1277 371 1308 secundo
400 1277 510 1307 versui
539 1276 639 1307 Ennii
667 1276 844 1308 verborum

146 1332 281 1359 constet
304 1328 386 1359 fides
402 1337 410 1366 3
436 1337 511 1358 nam
530 1327 572 1358 de
592 1328 763 1358 sententia
779 1337 845 1358 non

144 1378 193 1409 ita
221 1378 454 1413 laborandum,
484 1387 559 1408 cum
592 1387 634 1408 ea
664 1387 707 1408 ex
738 1378 846 1417 primo

145 1440 243 1461 versu
260 1431 477 1470 dependeat:
502 1440 602 1471 quem
617 1430 759 1470 primum
774 1438 846 1460 ver-

148 1491 218 1512 snm
238 1481 410 1511 retulimus
430 1490 471 1511 ex
488 1490 569 1510 voce
586 1471 657 1510 sos:
681 1479 737 1510 ubi
760 1480 847 1510 inte-

148 1540 207 1570 ger
224 1531 324 1571 plane
350 1531 409 1570 ita,
427 1530 473 1560 uti
492 1530 733 1570 expressimus,
749 1529 848 1559 liabe-

147 1585 223 1612 tnr:
249 1586 284 1612 et
301 1591 342 1611 ex
360 1581 433 1621 ejus
446 1581 629 1611 collatione
645 1580 772 1619 Graios,
786 1589 850 1610 non

150 1632 255 1667 Graii,
287 1637 357 1662 tum
384 1631 484 1662 etiam
511 1631 682 1663 sententia
705 1631 777 1671 ipsa
804 1631 852 1661 ita

149 1683 359 1722 postulante,
372 1682 552 1722 legendnm
571 1691 659 1720 esse,
680 1690 777 1712 nemo
793 1680 852 1711 dn-

149 1732 261 1763 bitare
292 1732 408 1764 debet.
454 1732 555 1765 Quod
589 1732 616 1762 si
646 1731 694 1762 ita
721 1736 787 1770 est,
815 1735 853 1761 ut

150 1787 244 1814 certe
262 1783 395 1813 videtur
421 1792 506 1821 esse,
528 1780 708 1813 manifesto
733 1781 853 1812 Festus

152 1842 212 1863 seu
229 1832 366 1863 Verrius
383 1842 448 1864 non
467 1832 559 1873 capit
575 1836 723 1863 mentem
741 1832 854 1862 Ennii.

153 1883 243 1914 Nam
259 1882 386 1913 Ennius
403 1883 568 1923 gloriatur
585 1892 620 1913 se
638 1883 769 1923 pavisse
786 1883 856 1913 Ro-

152 1942 269 1963 manos
296 1933 419 1963 Graeca
443 1933 582 1973 lingna:
606 1932 695 1963 unde
715 1932 855 1963 Graecos

155 1988 190 2013 et
207 1983 330 2014 Graios
354 1992 470 2014 omnes
490 1983 562 2023 jam
588 1992 645 2012 eos
674 1981 856 2012 vocabant.

157 2033 390 2064 Cen-tissimum
404 2033 492 2064 enim
506 2032 647 2063 Ennium
666 2042 741 2063 cum
759 2032 856 2062 Livio

155 2084 300 2123 primum
331 2083 478 2114 omnium
499 2083 641 2115 Graecas
666 2083 782 2113 literas
799 2081 858 2112 do-

158 2133 269 2164 cuisse
286 2134 465 2165 Romanos.
508 2133 709 2164 Suetonius:
738 2132 747 2149 ‘
762 2132 858 2163 Anti-

158 2183 310 2223 quissimi
338 2183 514 2213 doctorum
539 2182 675 2223 quidem
693 2187 727 2214 et
751 2181 860 2222 poetae

159 2237 195 2263 et
211 2237 362 2263 oratores
380 2233 567 2272 seniigraeci
584 2238 691 2264 erant.
731 2232 862 2263 Livium

160 2288 195 2313 et
213 2283 357 2313 Ennium
375 2283 464 2320 dico,
487 2293 569 2324 quos
593 2288 736 2323 utraque
751 2283 864 2322 lingua

161 2332 251 2362 domi
265 2331 412 2373 forisque
428 2333 584 2363 docuisse
601 2333 762 2363 adnotnm
779 2342 787 2363 ε
812 2336 862 2363 et-

162 2381 188 2411 si
213 2382 295 2412 nihil
317 2383 460 2423 amplius
487 2392 586 2423 quam
609 2382 731 2412 Graeee
758 2381 861 2412 inter-

164 2431 410 2470 pretabantur.'
446 2433 496 2462 Ex
513 2432 563 2462 his
582 2431 734 2462 Suetonii
751 2430 862 2461 verbis

165 2485 263 2519 potes
279 2481 437 2520 colligere
455 2492 556 2523 qnare
573 2482 738 2522 glorietur
758 2491 793 2512 se
809 2491 864 2521 pa-

166 2530 254 2560 visse
271 2539 328 2560 eos
345 2531 470 2562 Graeca
496 2532 634 2572 lingua:
660 2531 749 2572 qnod
767 2540 865 2571 quam

168 2581 343 2620 eleganter
367 2580 494 2611 dictum
517 2581 574 2616 sit,
599 2591 699 2612 nemo
716 2581 862 2620 ignorat,

168 2631 224 2670 qui
238 2631 334 2661 scita
346 2630 527 2661 Veteribus
543 2630 575 2661 id
589 2640 692 2670 genus
705 2630 866 2670 loquendi

169 2681 300 2713 solitum
314 2680 491 2721 usurpari:
505 2685 541 2712 ut
557 2679 712 2712 εἱστίασεν
723 2679 802 2719 ἡμᾶς
814 2679 867 2710 λό-

894 986 979 1014 γους.
991 979 1025 1007 et
1038 975 1176 1007 Cicero:
1189 980 1199 994 ‘
1210 975 1329 1015 literae‚
1339 974 1395 1016 qni
1407 978 1458 1005 est
1469 973 1595 1005 suavis-

897 1027 1000 1057 simus
1019 1033 1135 1066 pastus
1149 1025 1359 1057 animorum!
1402 1025 1529 1056 Merito
1546 1024 1595 1055 ait

898 1077 1070 1108 Romanos
1090 1077 1130 1107 ab
1156 1076 1308 1107 omnibus
1325 1075 1481 1106 certatim
1499 1075 1595 1105 Grae-

900 1137 957 1158 cos
975 1133 1009 1158 et
1024 1127 1146 1158 Graios
1163 1126 1295 1157 vocari:
1321 1135 1396 1156 cnm
1411 1126 1509 1158 Cato,
1535 1124 1596 1154 hoc

899 1177 1030 1216 videns,
1044 1177 1078 1207 in
1087 1181 1206 1207 senatu
1217 1174 1475 1213 exclamaverit,
1487 1184 1520 1204 se
1533 1183 1598 1204 non

900 1236 999 1267 posse
1018 1227 1089 1266 pati
1106 1225 1339 1257 Graecanicam
1365 1224 1494 1255 urbem.
1542 1223 1600 1253 Vi-

899 1275 958 1306 des
975 1276 1081 1316 igitur
1095 1284 1137 1305 ex
1160 1275 1230 1305 solo
1256 1275 1363 1314 primo
1381 1274 1480 1305 Ennii
1503 1282 1604 1303 versu

900 1325 1060 1365 imperite
1076 1326 1339 1365 interpretatum
1353 1333 1427 1355 esse
1446 1334 1465 1354 a
1479 1324 1602 1354 Verrio

902 1377 1004 1408 Ennii
1016 1386 1162 1416 sensum,
1175 1376 1291 1416 utjani
1304 1375 1472 1406 diximus:
1498 1383 1604 1415 quan-

902 1436 1003 1466 quam
1034 1435 1149 1456 verum
1179 1430 1242 1465 est,
1272 1425 1359 1465 quod
1385 1424 1433 1455 ait
1464 1424 1498 1455 in
1525 1423 1604 1459 fine,

903 1477 1046 1507 eandem
1077 1486 1174 1517 paene
1217 1485 1292 1505 cun]
1333 1474 1439 1505 veteri
1478 1474 1605 1505 Graeca

905 1534 1053 1557 veterem
1101 1526 1255 1557 Latinam
1301 1524 1448 1563 linguam
1490 1522 1605 1553 fnisse.

907 1577 995 1608 Nam
1018 1581 1053 1607 et
1080 1575 1214 1606 easdem
1240 1584 1337 1614 paene
1366 1578 1519 1604 veterum
1543 1573 1606 1603 La-

907 1627 1052 1657 tinorum
1089 1636 1164 1656 cum
1198 1625 1318 1656 Ionum
1353 1624 1460 1654 literis
1500 1622 1607 1653 fuisse

908 1682 1058 1708 testatur
1081 1676 1214 1706 Plinius
1238 1676 1323 1705 libro
1348 1683 1415 1705 vn.
1452 1673 1542 1705 Quin
1573 1677 1608 1703 et

907 1729 1055 1768 linguam
1087 1728 1311 1757 Romanorum
1338 1725 1495 1756 Graecam
1527 1721 1609 1753 fuis-

908 1789 944 1810 se
958 1784 1075 1809 auctor
1091 1777 1199 1808 Varro
1227 1781 1263 1807 et
1290 1775 1473 1815 D10nysius
1497 1778 1611 1804 extre-

908 1838 962 1860 mo
992 1828 1079 1858 libro
1108 1827 1244 1867 primo3
1278 1830 1313 1856 et
1343 1824 1519 1864 inscriptio
1554 1823 1613 1854 illa

908 1878 1093 1918 Delphica,
1109 1886 1209 1917 quam
1227 1875 1385 1916 producit
1400 1874 1545 1913 Plinius,
1560 1878 1614 1905 est

909 1926 984 1958 fere
1023 1926 1152 1957 Latinis
1185 1924 1438 1956 characteribus
1473 1923 1612 1962 scripta.

910 1981 1187 2009 NAVCIKPATES.
1234 1978 1475 2006 TICAMENOV.
1520 1977 1613 2004 ΑΘΕ-

911 2032 1044 2059 NAloc.
1075 2031 1204 2058 KOPAI.
1237 2030 1317 2057 ΚΑΙ.
1338 2028 1496 2056 ΑΘΕΝΑῙ.
1520 2028 1612 2055 ANE-

913 2081 1059 2109 ΘΕΚΕΝ.
1087 2083 1121 2108 et
1146 2078 1179 2107 in
1208 2077 1379 2108 veteribus
1406 2075 1615 2106 tetradrach-

914 2130 976 2160 mis
992 2132 1082 2159 ΑΘΕῙ
1100 2137 1159 2168 pro
1173 2127 1309 2164 Ἀθῆναι.
1332 2128 1403 2157 Jos.
1422 2126 1504 2157 Scal-

960 2180 1117 2210 Romanos
1132 2178 1164 2209 z‘n
1177 2178 1229 2209 lib.
1242 2177 1325 2217 XL]
1350 2177 1434 2207 Haec
1452 2176 1501 2206 ita
1519 2184 1618 2215 paene

918 2230 996 2260 olim
1013 2229 1053 2260 ad
1070 2229 1209 2260 verbum
1226 2228 1391 2267 Scaliger.
1428 2227 1529 2258 Prior
1544 2235 1618 2256 ver-

919 2290 975 2310 sus
999 2279 1098 2310 Ennii
1122 2279 1222 2319 paulo
1251 2279 1349 2309 aliter
1373 2277 1406 2307 in
1439 2286 1521 2307 voce
1546 2286 1619 2306 sos:

919 2330 1117 2360 Contendnnt
1140 2330 1279 2367 Groecos,
1307 2328 1423 2358 Graios
1452 2335 1619 2356 memorare

916 2381 1016 2411 solent
1032 2389 1091 2410 sos.
1136 2380 1181 2410 Et
1198 2378 1314 2409 Graios
1332 2387 1396 2408 non
1417 2377 1524 2415 Graii,
1545 2385 1620 2406 sen-

918 2430 1027 2461 tentia
1041 2431 1115 2470 ipsa
1131 2429 1338 2470 postulante,
1350 2426 1530 2467 legendum
1544 2433 1620 2456 esse

920 2489 1019 2510 nemo
1050 2479 1207 2510 dubitare
1228 2478 1343 2509 debet.
1390 2476 1488 2509 Quod
1518 2475 1544 2505 si
1574 2475 1622 2504 ita

920 2535 984 2565 est,
1003 2535 1039 2561 nt
1055 2534 1149 2561 certe
1177 2528 1311 2559 videtur
1335 2536 1421 2565 esse,
1438 2523 1621 2556 manifesto

920 2581 1042 2611 Festus
1059 2589 1117 2610 scu
1128 2579 1267 2609 Verrius
1283 2587 1349 2609 non
1364 2577 1457 2616 capit
1473 2579 1620 2605 mentem

922 2630 1033 2660 Ennii.
1077 2630 1134 2660 De
1162 2628 1281 2664 Ennio,
1298 2628 1354 2667 qui
1373 2626 1515 2656 Graecus
1543 2622 1620 2659 fuit,

924 2679 999 2710 vide
1018 2679 1051 2710 in
1076 2683 1084 2696 ‘
1098 2675 1318 2709 solitaurilia.'
1343 2676 1424 2708 Dae.
