1876 3025
270 150 354 191 814

712 158 864 190 SEXTI
900 156 1107 187 POMPEII
1142 155 1279 186 FESTI

274 253 488 294 Salutaris
506 257 633 308 porta
665 251 881 307 appellata
903 257 961 291 est
982 250 1034 290 ab
1060 248 1140 290 aede
1169 249 1323 290 salutis
1353 246 1463 304 quod
1489 248 1530 290 ei
1558 248 1723 303 [FEST.

321 320 618 377 p2·0ximajait
635 336 647 360 .-
678 319 753 360 aliz?
774 319 822 359 ob
840 318 1162 360 salutationes.z
1195 349 1204 358 .
1585 348 1595 358 .
1715 346 1724 354 .

584 389 805 430 Vocantur
838 385 1095 442 Megalesiaa
1114 385 1185 440 qui
1202 389 1238 416 ¹4
1263 397 1375 426 nunc
1405 383 1498 426 ludi
1527 383 1727 424 scenicos

330 457 424 498 olim
446 456 632 497 dicebant
653 469 756 510 quos
779 455 968 509 primum
988 454 1151 495 fecisse
1173 453 1226 495 C.

337 555 348 566 .
405 524 512 566 lium
537 524 602 564 M.
623 523 909 576 Pompilium,
933 521 996 561 Μ.
1015 521 1067 561 F.
1071 519 1087 542 b

726 588 901 631 (ΖΜ-,υἷες
920 588 1092 630 AEdiles
1106 587 1325 629 memoriae
1341 584 1615 640 pyodiderunt
1637 584 1728 625 his-

279 669 282 670 ’
333 659 478 701 torici.

541 658 748 700 Solebant
769 657 831 698 his
859 656 1027 711 prodire
1046 654 1158 697 mimi
1187 657 1231 696 in
1262 655 1479 696 orchestra
1499 653 1600 694 dum
1618 651 1727 691 zatus

337 733 451 767 actas
457 724 642 780 fabulae
655 731 1022 780 componerentur
1037 738 1127 764 cum
1141 722 1322 764 versibus
1338 720 1563 763 obscoenis.

892 854 1010 867 ooooo

327 948 366 977 14
391 943 476 977 Ead.
500 943 553 976 ed.
574 944 660 986 quin.

1014 853 1132 866 oooooo

940 1058 1086 1091 NOTAE

285 1144 403 1184 fuisse,
427 1150 465 1177 ut
492 1145 604 1177 Livius
627 1145 686 1178 lib.
714 1154 845 1178 xxxvn
871 1144 989 1177 refert.

288 1195 436 1228 Vidend.
463 1195 588 1228 Ascon.
619 1206 681 1237 pro
708 1195 880 1227 Cornelio.
912 1196 990 1226 Ant.

290 1249 376 1285 Aug.

334 1297 508 1338 Salutaris]
523 1297 617 1329 Infra
630 1308 638 1329 :
657 1297 816 1329 Salutaris
830 1297 928 1328 Porta
940 1307 991 1336 ap-

289 1348 404 1388 pellata
418 1348 456 1378 ab
481 1349 547 1379 oede
563 1348 696 1386 Salutis,
711 1349 789 1388 qaod
805 1348 832 1379 ei
850 1350 994 1388 proxima

291 1398 346 1433 sit,
368 1401 422 1428 aut
447 1398 483 1428 ob
505 1399 708 1429 salutationes
729 1409 765 1428 vo
778 1419 871 1429 .....
888 1398 992 1430 Quae-

294 1457 372 1478 nam
403 1453 482 1478 sunt
515 1458 564 1479 eae
596 1448 815 1479 salutationes
832 1447 843 1477 ἓ
872 1456 994 1487 nempe

295 1498 383 1539 quod
401 1497 443 1528 ad
467 1507 541 1528 eam
566 1498 702 1529 Praetoi·
727 1497 935 1528 salutaretur
957 1496 997 1531 122,

295 1549 352 1588 qui
380 1548 413 1578 in
440 1548 650 1588 provinciam
675 1548 907 1588 Propraetore‚
939 1551 998 1577 ant.

297 1599 508 1630 Proconsule
540 1599 662 1630 exiret.
705 1598 796 1628 Vide
835 1607 938 1637 supra
965 1597 998 1626 in

296 1650 304 1665 ‘
322 1648 478 1680 Praetor.’
513 1649 713 1680 Quaeramus
728 1649 845 1688 igitur,
863 1657 1000 1688 quomo-

300 1700 344 1731 do
367 1700 448 1731 illud
468 1710 504 1730 vo
516 1723 523 1731 .
537 1723 544 1731 .
559 1721 567 1730 .
579 1720 606 1730 ..
622 1700 751 1739 expleri
779 1699 908 1739 possit:
935 1698 1001 1728 sor-

299 1755 403 1788 tasse,
427 1750 463 1780 ob
495 1750 697 1781 salutationes
721 1749 895 1780 vocantium
913 1749 1001 1780 Prae-

300 1805 409 1833 torem.
427 1802 513 1834 Quae
527 1806 726 1842 sequuntur,
742 1801 806 1831 alio
816 1801 1002 1840 pertinent,

302 1857 336 1883 et
355 1853 445 1883 linea
460 1852 553 1892 prior
574 1852 680 1883 deest.
727 1852 783 1882 Ita
800 1857 912 1882 autem
930 1860 1004 1881 snc-

303 1902 529 1934 centurianda
554 1907 656 1932 sunt:
680 1901 803 1932 Sceuz'cz‘
829 1901 1004 1941 antiquitus

302 1953 547 1994 appellabantur,
558 1953 610 1992 qui
621 1953 818 1990 Megalenses
832 1961 912 1981 nanc
928 1951 1004 1981 ludi.

305 2004 448 2034 Scenicos
473 2013 544 2033 rero
570 2003 657 2033 ladas
681 2002 815 2041 primam
831 2001 946 2038 fecisse
971 2001 1007 2032 C.

305 2053 452 2087 Atilium,
464 2053 514 2083 M.
531 2051 702 2091 Popillium
715 2051 836 2081 AEdiles
852 2050 1007 2081 memorioe

304 2105 507 2143 prodiderant
531 2103 685 2134 historici.
732 2102 880 2133 solebant
905 2105 1008 2132 antem

303 2154 431 2194 prodire
446 2154 480 2184 in
495 2154 665 2192 orchestra,
680 2154 753 2184 dum
767 2153 851 2183 intas
865 2152 1008 2190 actusfa-

309 2204 388 2235 buloe
405 2207 657 2244 componerentur
668 2214 737 2234 cum
750 2202 887 2234 versibus
899 2202 1008 2232 obscoe-

308 2255 368 2286 nis.
414 2254 505 2285 Vide
527 2254 652 2285 Livinm
672 2254 730 2285 lib.
749 2263 814 2285 vu.
828 2263 893 2284 non
910 2254 1010 2293 longe

310 2309 389 2345 post
405 2304 549 2336 initium.
571 2305 642 2337 Jos.
660 2304 746 2335 Scal.

356 2354 514 2385 Salutaris
539 2353 646 2393 porta]
672 2353 758 2385 Inde
787 2358 822 2385 et
847 2353 1014 2384 Salutaris

313 2405 421 2443 collis,
434 2404 490 2444 qui
508 2405 539 2434 in
553 2404 638 2434 colle
654 2404 834 2445 Quirinali,
846 2405 946 2434 Varr.
963 2413 1013 2435 iv.

313 2455 356 2485 de
374 2455 410 2485 L.
425 2454 461 2485 L.
491 2454 499 2470 ‘
517 2454 620 2484 Collis
637 2454 801 2484 Salutaris
818 2454 1014 2494 quarticeps

315 2505 492 2535 adversum
516 2508 568 2533 est
588 2503 755 2543 Apollinis
773 2503 878 2534 aeilcni
905 2509 938 2534 et
956 2504 1015 2535 Sa-

314 2554 420 2586 lutis!
451 2554 534 2584 Dae.

358 2611 371 2625 2
396 2605 444 2636 Ob
459 2603 675 2643 salutationes]
696 2603 723 2634 Α
739 2604 944 2635 salutatione
959 2613 1014 2635 vo-

318 2661 393 2687 cata
413 2661 511 2696 porta
526 2655 707 2692 Salutaris,
723 2664 843 2694 nempe
860 2654 948 2695 qnod
973 2654 1014 2684 ad

318 2716 392 2738 eam
429 2711 563 2747 portam
595 2709 721 2747 ρωποι·
753 2705 960 2736 salutaretur
990 2704 1015 2734 is

1043 1146 1099 1187 qni
1126 1145 1159 1177 in
1189 1144 1399 1186 provinciam
1423 1151 1486 1184 pro
1510 1144 1656 1181 praetore
1684 1142 1741 1170 aut

1044 1206 1105 1237 pro
1121 1196 1259 1228 consule
1283 1196 1407 1226 exiret.
1452 1191 1541 1223 Vide
1563 1188 1742 1222 ‘Praemia'

1047 1247 1148 1278 Idem.

1089 1302 1104 1317 ὃ
1133 1297 1290 1328 Vocantur
1308 1293 1495 1335 Megalesia]
1519 1293 1745 1332 Lege‚2·‹›can-

1047 1351 1098 1377 tur
1126 1346 1299 1386 Megalesia
1330 1355 1409 1376 nunc
1433 1352 1505 1384 quos
1539 1343 1624 1373 ludos
1651 1340 1747 1371 sceni-

1047 1407 1097 1428 cos
1112 1397 1197 1435 olim,
1220 1398 1271 1436 850.
1315 1396 1443 1426 Verum
1461 1398 1513 1425 est
1528 1391 1746 1432 Megalenses

1048 1448 1146 1478 ludos
1163 1447 1312 1478 scenicos
1325 1445 1439 1476 fnisse.
1465 1443 1536 1474 Liv.
1548 1442 1606 1473 lib.
1618 1448 1748 1472 xxxw.

1050 1502 1137 1528 sect.
1156 1499 1209 1528 36.
1231 1498 1240 1514 ‘
1257 1493 1437 1536 Ludique,'
1465 1493 1586 1533 iuquit,
1610 1497 1617 1509 ‘
1632 1491 1675 1522 ob
1692 1490 1751 1521 de·
1780 1487 1785 1491 ”

1050 1547 1255 1578 dicationem
1272 1546 1345 1586 ejus
1360 1545 1367 1557 ’
1390 1544 1449 1585 (dc
1466 1544 1539 1574 aede
1556 1541 1660 1573 Idaeae
1680 1550 1750 1571 ma-

1054 1599 1115 1629 tris
1127 1598 1294 1637 loquitur)
1307 1594 1421 1634 ‘facti,
1435 1603 1517 1635 quos
1535 1593 1658 1633 primos
1676 1600 1749 1622 sce-

1053 1649 1147 1679 nicos
1165 1647 1269 1678 fuisse
1284 1646 1443 1676 Valerius
1460 1643 1580 1675 Antias
1607 1646 1659 1672 est
1675 1650 1753 1671 auc·

1056 1703 1121 1734 tor,
1159 1697 1351 1738 Megalesia
1392 1692 1606 1736 appellatos!
1667 1690 1753 1722 Inde

1058 1749 1162 1780 Ovid.
1182 1747 1224 1778 de
1249 1747 1380 1780 iisdem,
1403 1747 1527 1776 ‘scena
1543 1749 1652 1780 sonat,
1666 1741 1753 1772 ludi-

1057 1810 1122 1841 que
1150 1802 1274 1830 vocant
1292 1797 1312 1829 ι’
1336 1797 1393 1828 lib.
1417 1805 1466 1827 ιν.
1499 1794 1590 1825 Fast.
1629 1792 1754 1823 Verum

1058 1851 1160 1881 etiam
1187 1849 1292 1879 multo
1318 1853 1396 1878 ante
1416 1846 1514 1877 ludos
1539 1844 1756 1883 Megalenses

1060 1900 1176 1931 Roniae
1192 1897 1295 1929 fuisse
1312 1897 1462 1928 scenicos
1478 1895 1531 1925 hic
1545 1899 1664 1934 aperte
1680 1894 1756 1924 Fes-

1061 1955 1114 1981 tus
1137 1954 1171 1983 et
1197 1949 1310 1979 Livius
1331 1947 1391 1978 lib.
1413 1956 1478 1977 vn.
1494 1950 1580 1976 sect.
1595 1948 1626 1976 2.
1649 1944 1658 1961 ‘
1672 1942 1758 1974 Ludi

1061 2009 1198 2041 quoque
1231 1997 1380 2032 scenici:
1411 1996 1535 2037 inquit,
1562 1997 1676 2025 ‘nova
1705 2002 1758 2024 res

1062 2049 1224 2081 bellicoso
1259 2047 1399 2089 populo,
1435 2056 1509 2077 nam
1541 2044 1633 2076 Circi
1663 2043 1761 2074 modo

1062 2099 1297 2141 spectaculum
1313 2097 1439 2136 fuerat,
1456 2097 1547 2128 inter
1565 2096 1630 2126 alia
1645 2095 1763 2126 coeles-

1063 2150 1106 2182 tis
1123 2151 1182 2181 irae
1199 2147 1390 2190 placamina
1405 2146 1551 2178 instituti
1569 2145 1728 2176 dicuntur
1743 2144 1763 2174 :’

1064 2202 1174 2232 locum
1191 2200 1358 2240 integrum
1375 2198 1443 2234 adi,
1461 2202 1497 2228 ut
1513 2206 1628 2228 eorum
1639 2196 1762 2236 princi·
1799 2226 1802 2229 ,

1065 2252 1157 2292 pium
1174 2250 1290 2282 videas
1316 2254 1350 2280 et
1373 2248 1632 2279 incrementum.
1679 2244 1762 2276 Ludi

1066 2301 1192 2332 scenici
1216 2301 1333 2332 Romae
1360 2299 1503 2339 primum
1523 2296 1590 2327 acti
1617 2304 1703 2326 anno
1723 2294 1763 2324 ab

1068 2352 1164 2383 Urbe
1179 2351 1217 2382 C.
1233 2352 1308 2381 392.
1357 2347 1404 2378 At
1420 2346 1489 2378 ludi
1507 2345 1629 2377 scenici
1644 2345 1765 2384 Mega-

1067 2404 1192 2439 lenses,
1206 2411 1258 2432 an.
1275 2399 1318 2430 U.
1334 2398 1374 2429 C.
1391 2400 1467 2428 549.
1492 2397 1588 2427 Idem.

1111 2453 1125 2474 b
1153 2454 1178 2482 C
1183 2472 1276 2483 .....
1286 2450 1373 2490 lium,
1396 2449 1447 2479 M.
1460 2447 1629 2487 Popilium,
1647 2445 1694 2475 M.
1712 2444 1764 2484 F]

1069 2503 1195 2543 Supple
1214 2502 1250 2532 C.
1266 2499 1413 2533 Atilium,
1429 2499 1481 2538 ὅτ.
1527 2497 1653 2528 [Ειὶίἰεε
1670 2504 1766 2525 curn-

1068 2553 1116 2583 les
1142 2555 1318 2583 curatores
1345 2553 1444 2579 erant
1474 2547 1628 2578 ludorum
1659 2546 1768 2576 solen-

1069 2604 1156 2633 nium
1172 2611 1178 2630 :
1206 2605 1242 2631 nt
1259 2610 1298 2630 ex
1316 2600 1481 2630 Cicerone
1500 2603 1534 2628 et
1552 2597 1625 2627 aliis
1650 2602 1766 2627 nomm

1070 2658 1131 2684 est.
1161 2650 1229 2681 Sexi
1246 2650 1322 2681 milii
1342 2649 1478 2690 Popilii,
1494 2657 1591 2689 quem
1609 2648 1662 2678 liic
1676 2645 1768 2677 AEdi-

1070 2703 1134 2734 leni
1152 2701 1299 2733 nominat
1324 2701 1416 2732 Fest.
1435 2708 1554 2730 nomen
1571 2701 1766 2738 suspectum
