1876 3025
662 156 1026 187 FRAGMENTUM.
1458 150 1570 192 1067

130 249 305 302 Verrius,
322 251 482 306 antiqui
503 252 708 293 dicebant
731 252 964 293 testiculos
985 250 1079 305 [44]
1099 264 1349 305 porcorum,
1369 266 1466 294 cum
1491 268 1567 296 eos

119 321 387 370 castrabant,
417 334 444 361 a
474 321 690 373 politione
715 325 928 373 segetum,
950 325 1025 361 aut
1046 320 1425 370 vestimentorum,
1447 323 1568 375 quod

118 389 317 430 similiter
358 395 446 442 atq.
473 389 566 437 illa,
609 394 832 429 curentur.
912 388 1044 429 Pater
1079 388 1294 441 patrimus
1335 388 1567 431 dicebatur

118 456 235 510 apud
277 457 495 510 antiquos,
535 456 611 509 qui
644 469 744 496 curn
769 455 864 509 jam
895 456 994 508 ipse
1037 461 1164 509 pater
1205 460 1342 505 esset,
1375 456 1567 499 habebat

118 525 252 565 etiam
276 527 366 564 tum
387 526 570 577 patrem.
630 523 909 564 Portisculus
930 526 1012 572 est,
1033 526 1079 563 ut
1096 523 1250 563 scribit
1266 523 1414 563 AElius
1432 524 1564 574 Stilo,

117 592 193 645 qui
215 592 257 631 in
281 595 410 644 portu
430 591 606 632 modum
627 591 704 632 dat
724 590 856 631 classi
875 604 884 631 ι
906 590 949 630 id
971 596 1116 632 autem
1137 595 1202 632 est
1218 591 1416 641 malleus,
1436 591 1565 645 cujus

115 659 308 700 meminit
329 659 439 700 Cato
460 660 505 700 in
525 659 807 700 dissuasione
830 658 884 698 de
907 671 1008 711 rege
1028 658 1195 708 Attalo,
1218 662 1262 699 et
1276 658 1566 711 vectigalibus

114 725 238 768 Asiae
257 740 268 766 ε
308 728 357 769 C.
396 728 566 769 Licinio
602 727 676 767 Pr.
709 726 892 779 remiges
928 726 1084 779 scripti
1115 727 1234 767 cives
1268 724 1459 767 Romani
1480 728 1563 768 sub

114 796 408 848 portisculum
440 797 521 835 sub
543 795 724 847 flagrum
755 794 996 847 conscripti
1026 794 1199 834 veniere
1230 794 1412 848 passim.
1473 795 1562 836 Pro

114 863 310 915 scapulis
341 877 440 904 cum
473 863 579 903 dicit
610 862 739 912 Cato,
771 861 992 914 significat
1021 876 1101 916 pro
1132 863 1286 917 injuria
1313 863 1562 904 verberum:

111 943 213 970 nam
234 932 484 984 complures
511 932 632 984 leges
663 936 788 971 erant
809 931 851 970 in
874 931 992 971 cives
1014 934 1193 984 rogatae,
1215 932 1376 985 quibus
1393 932 1563 973 sancie-

111 998 241 1040 batur
255 1013 388 1052 poena
403 1001 656 1041 verberum:
677 1000 745 1041 his
762 1000 982 1053 significat
999 1000 1170 1053 prohib.
1189 1013 1236 1040 se
1250 1000 1264 1023 ⁸
1281 999 1443 1040 multos
1458 1012 1562 1040 suos

112 1066 225 1109 civis
248 1069 293 1109 in
314 1081 365 1109 ea
379 1069 589 1118 oratione,
609 1081 711 1122 quae
732 1073 799 1109 est
821 1072 975 1109 contra
993 1068 1058 1108 M.
1074 1067 1286 1109 Caelium:
1311 1067 1359 1108 Si
1377 1080 1445 1108 em
1462 1079 1561 1120 per-

111 1137 247 1188 cussi,
267 1149 391 1190 saepe
414 1137 648 1177 incolumis
668 1137 781 1178 abii:
806 1142 1023 1190 praeterea
1040 1150 1117 1191 pro
1134 1149 1223 1189 rep.
1244 1149 1325 1189 pro
1342 1136 1559 1189 scapulis,

110 1207 243 1257 atque
266 1206 420 1246 aerario
441 1205 629 1245 multum
654 1204 709 1245 R.
733 1205 785 1245 P.
808 1204 989 1258 profuit.
1051 1205 1314 1245 Primanuse
1336 1203 1560 1244 Tribunus

107 1271 225 1325 apud
257 1272 470 1314 Catonem
490 1274 532 1314 in
553 1286 619 1321 ea,
641 1286 740 1326 quae
765 1277 833 1313 est
854 1276 1005 1313 contra
1024 1272 1261 1313 Thermum
1282 1271 1335 1312 de
1359 1271 1452 1312 suis
1475 1272 1559 1311 vir-

107 1340 229 1380 tutib.
300 1340 437 1382 Aliud
480 1348 549 1382 est
584 1354 835 1395 properare,
880 1340 999 1381 aliud
1037 1340 1270 1381 festinare:
1309 1339 1385 1392 qui
1424 1352 1558 1380 unum

108 1408 277 1462 quodq.
297 1414 467 1450 mature
498 1410 710 1463 transigit,
735 1410 774 1450 is
796 1415 1027 1463 properat:
1049 1409 1124 1463 qui
1145 1409 1282 1449 multa
1301 1408 1430 1449 simul
1450 1406 1559 1448 inci-

105 1477 186 1530 pit,
214 1491 309 1532 neq.
343 1478 530 1532 perficit,
562 1479 600 1519 is
630 1478 830 1520 festinat.
889 1479 1078 1519 Prorsus
1111 1490 1240 1531 porro
1272 1489 1440 1525 versus,
1471 1476 1558 1517 nisi

105 1543 211 1585 sorte
242 1558 300 1585 ex
333 1545 494 1587 Graeco
530 1544 641 1599 Προ’.9
699 1545 811 1587 Cato
844 1546 898 1586 de
929 1545 1199 1586 feneratione
1237 1544 1345 1597 legis
1380 1543 1555 1585 Juniae:

105 1611 358 1653 Came1·ni¹0
390 1615 510 1655 cives
529 1614 669 1654 nostri
690 1613 903 1667 oppidum
925 1613 1155 1666 pulchrum
1174 1613 1384 1661 habuere,
1406 1624 1557 1664 agrum

105 1680 335 1733 optimum,
359 1685 494 1734 atque
516 1681 876 1734 pulcherrimum,
898 1694 988 1722 rem
1010 1680 1433 1722 fortunatissimam:
1456 1693 1556 1720 cum

105 1746 295 1789 Romam
326 1750 568 1794 veniebant,
607 1762 789 1802 prorsus
821 1748 1157 1789 devertebantur
1189 1761 1269 1802 pro
1306 1747 1555 1801 hospitibus

103 1814 160 1856 ad
183 1816 352 1856 amicos
377 1829 495 1857 suos.
556 1816 794 1857 Prohibere
825 1816 1020 1866 comitia,
1058 1815 1216 1857 dicitur
1251 1816 1409 1856 vitiare
1442 1815 1556 1856 diem

100 1884 270 1931 morbo,
303 1884 379 1936 qui
415 1885 549 1937 vulgo
581 1884 757 1937 quidem
783 1884 938 1937 major,
961 1888 1147 1925 ceterum
1170 1884 1226 1924 ob
1247 1883 1291 1924 id
1310 1884 1459 1936 ipsum
1481 1895 1555 1923 co-

101 1951 278 1991 mitialis
302 1952 566 2005 appellatur.
626 1952 736 1993 Cato
757 1953 801 1992 in
834 1965 886 1993 ea
907 1952 1120 2001 oratione,
1144 1965 1277 2006 quam
1299 1951 1478 2004 scripsit
1500 1950 1554 1990 de

100 2018 334 2071 sacrilegio
355 2019 593 2060 commisso
612 2034 621 2060 :
656 2020 789 2060 Domi
807 2033 906 2060 cum
929 2020 1230 2072 auspicamus,
1253 2018 1460 2058 honorem
1483 2030 1552 2057 me

100 2085 218 2127 dium
235 2091 264 2110 ¹¹
287 2087 602 2128 immortalium
625 2087 754 2128 velim
773 2087 1010 2128 habuisse:
1033 2087 1161 2136 servi,
1181 2085 1372 2135 ancillae,
1395 2085 1434 2126 si
1449 2085 1552 2138 quis

99 2166 247 2194 eorum
270 2156 351 2195 sub
369 2159 552 2213 centone
574 2155 754 2208 crepuit,
777 2154 894 2208 quod
910 2167 991 2207 ego
1013 2168 1100 2195 non
1116 2155 1245 2203 sensi,
1262 2154 1432 2194 nullum
1448 2153 1552 2194 mihi

99 2222 250 2263 vitium
272 2223 406 2264 facit:
429 2225 467 2264 si
490 2224 561 2264 cui
577 2223 739 2264 ibidem
761 2236 903 2272 serVO,
921 2228 995 2264 aut
1010 2223 1179 2264 ancillae
1200 2221 1292 2277 [45]
1317 2221 1550 2262 dormienti

97 2291 258 2341 evenit,
290 2292 409 2345 quod
442 2292 626 2333 comitia
657 2291 888 2346 prohibere
921 2292 1050 2341 solet,
1080 2305 1131 2332 ne
1161 2292 1200 2332 is
1233 2291 1412 2346 quidem
1443 2289 1551 2331 mihi

704 2410 941 2424 ooooooooooo

140 2491 158 2518 8
182 2487 205 2519 f.
226 2488 493 2528 prohibuisse.—9
518 2488 541 2519 f.
563 2490 736 2530 πρός.--10
753 2489 778 2522 f.
797 2490 1052 2521 Camerina-11
1079 2488 1104 2521 f.
1122 2489 1236 2520 Deum.

750 2610 894 2642 NOTAE

137 2689 149 2703 ε
172 2683 357 2724 Primanus]
375 2683 430 2715 Ita
443 2684 542 2724 plane
560 2689 612 2716 est
629 2685 660 2716 in
678 2695 791 2717 exem·
847 2687 910 2722 dit,
928 2686 981 2717 vel
997 2685 1094 2725 alius,
1118 2684 1174 2725 qui
1202 2683 1311 2714 locum
1330 2684 1486 2725 exemplo
1510 2688 1547 2717 et

95 2734 201 2775 plari:
228 2734 355 2776 reliqua
371 2734 512 2767 fortasse
529 2736 581 2767 vel
595 2737 718 2768 Paulus
736 2738 792 2769 ad‘³
847 2737 1074 2778 explicatione
1094 2736 1264 2767 illustrare
1283 2734 1398 2766 voluit.
