1876 3025
280 173 365 216 818

726 184 875 216 SEXTI
912 182 1116 213 POMPEII
1153 180 1290 211 FESTI

285 280 524 323 Sanctumh
547 280 607 322 ait
627 279 707 322 diez·
733 278 895 334 Opilius
919 276 1123 318 Aurelius
1144 275 1263 331 quod
1293 289 1360 316 nec
1392 289 1549 316 sacrum
1572 282 1642 326 est,
1664 291 1733 317 nec

338 347 595 404 religiosum:
627 354 674 390 at
695 348 842 388 AElius
878 343 999 394 Stilo,
1036 343 1146 398 quod
1174 351 1393 399 utrumque
1421 357 1499 384 esse
1520 344 1730 393 videatur,

338 423 376 456 et
407 432 566 458 sacrum
595 415 743 457 scilicet
778 421 817 455 et
853 412 1112 468 religiosum;
1153 413 1348 467 plerique
1386 417 1533 454 autem
1563 411 1728 465 quodei,

338 485 410 540 qui
430 485 474 525 z'd
492 482 678 532 violavit,
698 495 832 538 poena
853 481 912 521 sit
931 481 1139 522 mulctave
1158 480 1339 520 sancita.-
1361 480 1438 522 sed
1455 480 1632 534 ponitur
1653 492 1731 533 pro

337 568 448 594 sacro
463 558 477 575 2
510 559 685 593 tantum.

756 548 870 589 Unde
890 556 933 590 et
954 549 1123 590 sanctio
1144 548 1260 589 dicta
1281 547 1442 603 legum.-
1473 554 1612 589 sancta
1636 547 1730 587 item

339 628 382 663 et
398 622 583 675 rogatio,
606 620 726 674 quiq.
742 618 1004 660 concionem³
1028 616 1186 672 rogavit
1214 614 1252 656 T
1253 614 1309 658 R.
1334 614 1433 656 PL.

278 686 603 731 Sandaracam*
630 687 689 727 ait
717 700 795 726 esse
832 700 958 741 genus
1002 685 1142 725 coloris
1176 684 1295 739 quod
1340 682 1490 725 Graeci
1523 680 1729 722 sandicem

337 757 560 812 appellant.
611 755 799 797 Naevius
818 767 828 796 ε
865 752 1038 794 Merula
1059 751 1328 793 sandaracino
1345 749 1444 792 ore.¹‘

280 827 549 876 Sandmaca,
571 837 707 879 genus
729 823 904 864 coloris.

336 895 543 936 daracino
566 906 655 935 ore.

966 821 1180 863 Naevius:
1214 821 1389 863 Merula
1419 835 1516 864 san·
1549 822 1730 876 [PAUL.

280 962 519 1017 Sanqualis
541 959 667 1011 avis,¹
690 973 792 1014 quae
814 959 1030 1012 ossifraga
1053 958 1229 1000 dicitur.

881 1079 999 1092 ‘‘‘‘‘‘

1003 1079 1122 1092 eeeeee

317 1164 337 1192 2
356 1160 441 1192 Ead.
458 1160 512 1192 ed.
537 1164 544 1177 ‘
558 1169 593 1191 se
608 1164 753 1201 ponetur
768 1168 828 1200 pro
851 1168 938 1189 sacra
951 1155 1160 1189 tantum.'—3
1186 1156 1272 1188 Ead.
1290 1155 1343 1187 ed.
1357 1156 1409 1196 qui
1424 1155 1606 1186 concionem.

929 1256 959 1287 N
966 1255 1067 1288 OTAE

318 1334 332 1355 ¹¹
357 1335 522 1375 Sanctum]
545 1334 624 1365 Sex.
646 1334 831 1373 Pompeius
849 1333 974 1364 docue-

275 1391 339 1421 rat,
364 1385 444 1426 quid
468 1391 621 1415 sanctum
647 1390 738 1415 esset
766 1393 808 1415 ex
839 1383 914 1415 AElii
939 1388 975 1414 et

274 1436 414 1466 aliorum
440 1435 631 1465 sententia:
668 1434 840 1474 plerisque
867 1434 974 1464 visum

273 1495 360 1526 esse,
377 1495 452 1515 cum
471 1494 571 1525 poena
593 1484 741 1514 multave
758 1484 802 1514 sit
818 1484 975 1523 imposita

272 1537 306 1566 id
326 1536 483 1566 violanti:
509 1537 556 1566 ita
571 1545 680 1566 muros
695 1539 830 1565 sanctos
846 1534 924 1570 dici,
938 1540 973 1566 et

272 1587 437 1618 Tribunos
452 1587 581 1626 plebis:
606 1587 684 1617 hinc
710 1585 901 1616 sanctiones
930 1586 973 1615 le-

273 1647 363 1677 gum,
381 1637 471 1677 quod
489 1637 521 1667 in
537 1637 588 1666 his
599 1646 707 1676 poenae
724 1642 843 1666 contra
860 1635 972 1675 legum

272 1688 456 1719 violatores
481 1688 689 1721 sanciantur,
714 1686 803 1726 ipsas
838 1695 972 1726 quoque

270 1739 364 1778 leges
396 1743 452 1768 aut
489 1738 683 1778 rogationes
719 1740 855 1767 sanctas
893 1736 973 1774 dici,

270 1788 358 1826 qnod
376 1798 431 1819 eas
444 1788 580 1827 impune
593 1786 784 1825 transgredi
797 1796 861 1817 non
877 1786 972 1819 licet.

271 1840 372 1877 Haec,
396 1845 431 1870 et
454 1839 502 1870 bis
525 1838 659 1878 similia,
678 1839 813 1877 Festus,
830 1842 868 1869 ut
884 1837 972 1869 arbi-

271 1894 410 1921 tramur.
436 1890 513 1921 Ant.
530 1890 616 1929 Aug.

312 1940 477 1980 Sanctum]
502 1941 676 1977 Sanctum,
694 1939 815 1979 inquit,
834 1939 971 1979 ponitur

270 1995 401 2021 tantum
434 2000 495 2030 pro
521 2000 561 2020 eo
591 1989 679 2030 quod
710 1990 877 2020 sancitum
908 1995 972 2028 est,

270 2039 361 2070 unde
377 2044 411 2070 et
427 2040 537 2080 legum
559 2039 764 2073 sanctiones,
787 2042 822 2068 et
841 2044 969 2070 sanctae

270 2089 473 2129 rogationes,
498 2094 532 2119 et
561 2088 731 2119 Tribunus
763 2087 885 2128 plebis,
911 2089 969 2129 qni

269 2140 466 2170 concionem
495 2139 640 2179 rogavit,
667 2143 804 2169 sanctus
832 2139 968 2170 dicitur.

269 2191 429 2221 Sanctum
457 2190 606 2231 proprie,
635 2189 721 2230 quod
747 2198 809 2220 nec
836 2199 967 2220 sacrum

270 2247 321 2271 est
350 2250 412 2271 nec
444 2241 652 2279 religiosum,
683 2245 720 2270 ut
746 2241 793 2270 ait
820 2240 967 2279 Opilius.

268 2290 462 2332 Aliquando
479 2296 591 2321 tamen
609 2289 698 2330 quod
712 2300 844 2320 sacrum
858 2295 922 2328 est,
933 2295 968 2322 ct

269 2341 476 2380 religiosum,
499 2340 531 2370 id
558 2340 684 2380 optime
707 2344 858 2370 sanctum
886 2339 967 2371 dici-

269 2396 336 2422 tnr.
367 2391 454 2422 Vide
469 2392 478 2408 ‘
497 2389 712 2428 religiosum)
735 2390 814 2421 Dac.

314 2441 322 2462 ἱ
341 2442 567 2481 Sandaracam]
591 2441 818 2472 Sandaracam
832 2441 880 2472 ait
894 2451 968 2473 esse

268 2503 372 2533 genus
389 2493 523 2529 coloris,
544 2491 634 2533 quod
653 2491 766 2521 Graeci
784 2491 967 2531 sandycem

268 2544 494 2585 appellarunt.
534 2543 696 2574 Naevius:
724 2542 858 2573 Merula
884 2543 967 2573 San-

268 2594 429 2625 daracino
446 2603 515 2625 ore.
536 2594 604 2624 Jos.
619 2592 702 2624 Scal.

311 2644 536 2684 Sandaracam]
559 2644 740 2675 sandaraca
757 2643 826 2674 sive
844 2645 967 2685 sandyx

269 2697 311 2726 de
328 2696 430 2727 herba
444 2701 480 2727 et
507 2695 549 2726 de
570 2695 682 2725 colore
706 2694 776 2725 sive
801 2694 966 2735 figmento

270 2746 402 2778 dicitur.
422 2747 575 2787 Hesych.
608 2744 723 2784 Σάνδυξ
748 2743 871 2787 δένδρον
891 2749 965 2785 Θαμ-

1030 1332 1132 1368 νῶδες,
1161 1328 1196 1361 οὗ
1222 1330 1260 1360 τὸ
1290 1329 1379 1360 ἄνθος
1406 1328 1515 1368 χροιὰν
1538 1326 1605 1366 ἔχει
1629 1325 1728 1365 κόκκῳ

1030 1383 1157 1423 ἐμφερῆ,
1173 1382 1212 1413 ὡς
1228 1379 1392 1419 Σωσίβιος,
1414 1379 1433 1416 ἢ
1456 1378 1616 1419 φάρμακον
1635 1376 1729 1417 ἰατρι-

1030 1432 1097 1465 κόν.
1121 1436 1130 1451 ⁴
1150 1432 1301 1472 Sandyx,
1313 1430 1438 1468 frutex,
1455 1430 1549 1470 cujus
1566 1427 1626 1459 flos
1640 1427 1730 1459 simi-

1030 1485 1070 1515 lis
1086 1493 1202 1517 cocco,
1220 1483 1273 1513 vel
1299 1479 1533 1522 pigmentum‚'
1559 1483 1621 1510 ἃς.
1663 1478 1729 1509 Hic

1030 1536 1118 1566 enim
1143 1533 1304 1574 φάρμακον
1329 1532 1409 1563 nibil
1435 1530 1524 1562 aliud
1555 1535 1604 1560 est
1627 1538 1728 1570 quam

1030 1587 1251 1627 pigmentum,
1269 1586 1389 1624 χρῶμα,
1404 1584 1508 1614 color.
1552 1581 1652 1612 Unde
1669 1590 1729 1620 op-

1030 1639 1110 1670 time
1140 1639 1259 1669 Festus
1288 1645 1386 1676 genus
1414 1634 1544 1665 coloris.-
1577 1643 1653 1663 nam
1685 1632 1727 1662 de

1027 1691 1202 1731 pigmento
1225 1693 1355 1719 tantum
1377 1685 1537 1726 loquitur.
1575 1683 1627 1714 De
1653 1691 1727 1713 san-

1027 1741 1112 1781 dyce
1143 1739 1247 1770 herba
1267 1736 1532 1769 vetustissimum
1559 1734 1728 1765 Glossari-

1028 1801 1094 1827 um,
1124 1797 1131 1809 ⁴
1150 1790 1280 1830 sandyx
1314 1788 1418 1819 herba
1444 1787 1600 1817 tincturae
1632 1790 1726 1825 apta,

1028 1851 1126 1882 quam
1144 1838 1469 1879 vulgusVarantiarn
1481 1834 1604 1867 vocat!
1628 1835 1728 1865 Eam-

1029 1901 1093 1932 que
1110 1891 1208 1921 hodie
1225 1890 1326 1930 vulgo
1342 1887 1525 1919 infectores
1539 1885 1729 1916 Gar-antium

1030 1948 1162 1972 vocant.
1200 1940 1281 1971 Eam
1313 1936 1472 1975 intelligit
1498 1936 1667 1976 Vopiscus
1692 1935 1726 1965 in

1030 1992 1122 2022 Divo
1141 1980 1344 2020 Aureliano:
1369 1989 1377 2004 ‘
1397 1987 1532 2017 Dicitur
1548 1986 1635 2016 enim
1650 1994 1726 2015 san-

1027 2042 1095 2082 dyx
1108 2041 1230 2072 Indica
1245 2041 1345 2070 talem
1362 2046 1544 2078 purpuram
1563 2036 1689 2070 facere,
1701 2037 1727 2066 si

1027 2091 1189 2123 cnre1ur.'
1236 2090 1305 2121 Ubi
1323 2089 1399 2120 vide
1414 2087 1627 2125 Salmasium,
1642 2092 1676 2118 et
1692 2088 1725 2117 in

1026 2141 1331 2174 exercitationibus
1348 2140 1437 2171 Pliu.
1462 2139 1543 2169 Dae.

1068 2194 1081 2215 k
1105 2195 1230 2226 Merula
1256 2192 1471 2225 Sandarucino
1496 2191 1563 2231 ore]
1589 2190 1725 2221 Merula

1025 2250 1169 2276 rostrum
1200 2244 1302 2275 habet
1335 2244 1477 2279 luteum,
1508 2241 1595 2282 quod
1622 2241 1723 2280 poeta

1022 2295 1262 2327 sandaracz'num
1292 2295 1390 2332 dicit,
1416 2292 1494 2333 quia
1524 2291 1724 2329 sandaraca,

1023 2347 1087 2378 etsi
1104 2345 1192 2377 facie
1208 2345 1309 2375 rubra
1325 2349 1392 2383 est,
1408 2343 1520 2374 colore
1543 2347 1655 2373 tamen
1674 2343 1722 2372 lu-

1023 2401 1078 2428 teo
1094 2397 1205 2436 tingit.
1232 2396 1329 2426 Idem.

1065 2446 1071 2466 ¹
1095 2446 1262 2486 Sanqualis
1272 2444 1355 2484 avis]
1372 2445 1422 2474 Ex
1438 2443 1490 2480 iis,
1505 2453 1580 2484 quae
1595 2443 1722 2474 Paulus

1022 2497 1088 2535 hic,
1105 2503 1140 2527 et
1157 2497 1189 2526 in
1205 2495 1385 2535 ‘Sanquali
1402 2493 1518 2534 porta’
1535 2494 1631 2532 dicit,
1649 2503 1722 2525 cre-

1022 2547 1138 2578 derem
1156 2546 1359 2586 Sanqualem
1377 2553 1471 2575 avem
1495 2543 1595 2574 fuisse
1619 2544 1650 2573 in
1669 2549 1721 2574 tu-

1022 2599 1090 2629 tela
1101 2596 1216 2635 Sangi,
1233 2605 1291 2626 seu
1307 2594 1438 2629 Sancti.
1461 2599 1498 2625 ut
1515 2594 1610 2634 picus
1629 2593 1722 2624 Mar-

1022 2648 1078 2686 tis,
1109 2646 1223 2687 aquila
1255 2645 1362 2681 Jovis,
1397 2654 1517 2675 corvus
1547 2643 1724 2684 Apollinis,

1020 2706 1106 2738 pavo
1121 2696 1274 2730 Minonis,
1301 2699 1425 2726 noctua
1450 2695 1628 2725 Minervae.
1664 2695 1719 2724 De

1020 2747 1082 2778 liae
1098 2748 1187 2778 Plin.
1203 2746 1259 2777 lib.
1276 2755 1311 2777 x.
1328 2756 1401 2786 cap.
1424 2748 1454 2776 7.
1486 2750 1493 2762 ’
1512 2746 1716 2785 Sangualem
