1876 3025
287 165 349 194 DE
382 163 653 194 VERBORUM

114 257 330 299 Servilius
347 259 469 301 lacus
492 258 651 300 Romae
674 272 701 300 a
723 259 952 302 conditore
975 266 1173 302 vocatus.

690 164 1097 195 SIGNlFICA'I'lONE
1132 166 1225 196 [AB.
1261 167 1390 198 XVII.

1479 159 1564 202 857

1387 262 1563 311 [PAUL.

115 327 494 368 Servorumcdies
527 327 671 369 festus
706 333 801 369 erat
831 329 990 371 Idibus
1025 328 1235 382 Augusti,
1267 330 1371 384 quia
1404 344 1459 372 co
1491 332 1563 372 die

173 394 275 435 Rex
295 394 468 436 Tullius
490 395 608 437 filius
640 397 818 439 ancillae
840 403 970 439 natus
992 402 1112 439 est.¹0

117 462 353 504 Servorum
384 462 480 504 dies
514 463 653 505 festus
678 464 812 517 vulgo
845 465 1122 507 existimatur
1153 465 1309 507 Idibus
1328 471 1357 490 ¹¹
1398 466 1564 520 [FEST.

170 530 376 583 Augusti,
408 531 525 585 quod
549 545 602 573 eo
628 532 699 573 die
720 532 817 574 Ser.
838 533 1030 583 Tullius,
1050 538 1177 575 natus
1205 538 1389 584 serva‚¹²
1427 533 1565 575 aedem

174 599 334 640 Dianae
356 599 629 642 dedicaverit
648 601 693 642 in
708 599 945 652 Aventino,
964 601 1088 655 cujus
1108 602 1258 643 tutelae
1281 603 1369 644 sint
1386 602 1521 651 cervi,
1539 615 1567 642 a

173 679 358 721 quorum
376 673 405 697 ¹³
426 668 651 710 celeritate
672 669 880 722 fugitivos
895 673 1057 711 vocent
1073 668 1305 712 servos.¹4‘¹

722 779 840 792 eeeeee

844 780 960 792 σσσσσσ

161 857 199 887 10
223 855 302 887 Vet.
327 855 385 886 lib.
409 856 506 887 aedem
530 855 688 887 dedicavit
708 856 917 889 Dianoee-ll
946 857 1026 888 Vet.
1042 857 1118 889 cod.
1137 857 1311 889 Idam—12
1335 856 1387 890 Id.
1411 866 1569 889 servus—-

118 900 155 929 13
182 897 233 929 Id.
250 900 406 938 qum—14
431 898 486 930 Id.
502 908 617 930 cervos.
663 900 707 931 Et
731 900 781 931 ita
803 899 985 941 legendum
1009 905 1124 932 monet
1138 902 1225 932 Dae.

769 1039 916 1072 NOTAE

116 1130 154 1158 ut
179 1126 319 1159 Pindari
337 1132 377 1165 ,et
399 1127 574 1169 Sophoclis
603 1128 814 1171 interpretes

116 1178 280 1210 scribunt.
325 1179 412 1210 Sunt
437 1185 473 1211 et
497 1180 555 1221 qui
581 1189 696 1211 omnes
710 1179 815 1211 Ther-

114 1238 184 1260 mas
201 1229 310 1261 eidem
329 1240 404 1262 esse
417 1236 567 1262 sacratas
586 1232 702 1263 velint.
725 1231 816 1263 Her-

115 1281 222 1312 culeae
261 1280 402 1313 thermae
448 1282 634 1313 Mediolani
673 1282 815 1314 nobiles.

115 1330 219 1362 Hunc
249 1341 376 1363 morem
407 1332 559 1373 respexit
588 1333 640 1365 Μ.
661 1332 816 1374 Agrippa

115 1390 192 1412 cum
209 1381 348 1422 hydram
373 1383 481 1423 ipsam
506 1383 548 1414 ad
572 1384 682 1416 lacum
702 1384 815 1416 Servi-

115 1430 195 1461 lium
212 1431 337 1471 posuit.
362 1432 463 1463 Idem.

158 1486 171 1502 0
193 1481 373 1523 Servorum]
398 1482 446 1515 At
460 1483 656 1516 Macrobius
670 1487 814 1515 contra:

115 1536 124 1549 ‘
141 1532 246 1563 Nonis
263 1532 459 1565 Conventus
476 1534 641 1566 universa:
661 1535 816 1566 multitu·

116 1581 202 1613 dinis
231 1582 389 1614 vitandus
418 1583 702 1616 existiinabatur:
735 1595 818 1626 quo-

114 1633 204 1664 niam
215 1634 360 1674 populus
375 1635 557 1674 Romanus,
568 1636 698 1667 exactis
712 1636 817 1667 etiam

116 1683 280 1724 Regibus,
297 1683 385 1715 diem
411 1685 500 1716 hunc
524 1694 689 1717 nonarum
713 1686 819 1717 maxi·

116 1743 170 1764 me
197 1733 419 1767 celebrabat:
444 1744 544 1776 quem
571 1736 720 1767 natalem
740 1736 818 1767 Ser-

117 1783 161 1813 vii
176 1783 275 1814 Tullii
293 1784 547 1818 existimabant.
592 1786 658 1818 Qui
676 1794 750 1817 cum
769 1787 817 1818 in-

117 1838 248 1865 certum
266 1839 357 1865 esset
378 1844 445 1876 quo
467 1844 583 1867 mense
598 1841 699 1868 natus
715 1841 818 1878 esset,

116 1884 212 1915 nonis
244 1889 358 1916 tamen
386 1890 503 1917 natum
533 1895 609 1918 esse
632 1891 818 1926 constaret,

117 1943 232 1965 omnes
249 1944 355 1966 nonas
371 1935 499 1968 celebri
521 1937 645 1969 notitia
660 1936 818 1979 frequen-

118 1985 239 2016 tabant
255 1984 276 2016 :’
311 1990 364 2018 est
393 1987 496 2018 etiam
527 1987 610 2019 Dies
640 1996 813 2019 servorum

119 2035 300 2077 Sigillaria,
334 2047 412 2078 quae
440 2037 474 2069 in
510 2037 700 2069 continenti
738 2043 817 2079 post

117 2086 314 2119 Saturnalia
325 2088 600 2120 celebrabantur.
644 2089 816 2122 Lucilius:

120 2137 319 2170 ‘Servorum
334 2137 431 2171 festu'
450 2139 523 2171 dies
540 2146 604 2180 est,
620 2141 731 2174 Quem
746 2141 817 2182 pla-

118 2197 159 2219 ne
168 2188 366 2221 hexametro
377 2200 475 2222 versu
487 2201 552 2222 non
565 2191 679 2223 dicere
689 2191 820 2233 possis.’

119 2238 207 2269 Nam
222 2238 425 2272 Hexametri
442 2242 498 2272 lex
513 2251 580 2273 non
596 2242 749 2274 admittit
764 2242 818 2274 Si-

115 2289 256 2327 gillarz‘a.
301 2290 494 2323 Ausonius:
526 2297 534 2311 ‘
550 2292 677 2324 AEdiles
713 2293 817 2324 etiam

119 2339 250 2376 Plebei,
264 2340 436 2383 etiamque
453 2343 588 2374 curules
604 2343 707 2375 Festa
722 2344 817 2384 Sigil-

118 2390 226 2420 lorum
260 2391 394 2423 nomine
431 2392 526 2425 dicta
565 2393 705 2425 colunt:
747 2395 820 2428 Jos.

126 2441 211 2472 Scal-

162 2491 329 2524 Servorum
342 2493 409 2526 dies
415 2495 521 2533 festus
543 2499 611 2528 erat
628 2496 735 2528 Idibus
751 2496 818 2528 Au-

117 2543 222 2584 gusti]
247 2543 401 2576 Pessime
416 2546 522 2577 verba
536 2546 630 2578 Festi
647 2547 817 2588 interpre-

121 2598 212 2625 tatus
241 2599 294 2625 est
318 2595 532 2635 Epitomista.
578 2597 700 2639 Neque
726 2598 816 2629 enim

121 2644 243 2676 Festus
266 2644 350 2676 dicit
376 2644 495 2677 Idibus
521 2652 636 2679 natum
659 2648 818 2689 Tullium,

122 2695 181 2726 sed
198 2695 316 2727 Idibus
330 2704 405 2726 eum
423 2696 530 2727 aedem
544 2697 665 2728 Dianae
682 2697 817 2730 dedica-

122 2745 224 2777 visse.
269 2745 431 2777 Quamvis
459 2746 561 2779 etiam
584 2747 758 2780 Plutarch.
784 2749 819 2780 in

867 1130 999 1163 Quaest.
1017 1130 1115 1162 Rom.
1139 1130 1270 1164 Quaest.
1288 1133 1361 1163 100.
1385 1140 1425 1162 eo
1441 1131 1494 1163 die
1510 1142 1571 1164 na·

867 1184 937 1211 tum
965 1181 1121 1212 Servium
1148 1186 1260 1222 putat.
1307 1182 1316 1198 ‘
1334 1180 1426 1223 Cur‚’
1449 1182 1572 1223 inquit,

866 1230 1007 1262 ‘Idibus
1031 1231 1175 1272 sextilis,
1202 1232 1259 1274 qui
1280 1241 1369 1263 nunc
1394 1232 1570 1273 Augustus

866 1280 1006 1322 dicitur,
1034 1282 1129 1313 seriae
1159 1286 1237 1314 sunt
1264 1282 1441 1324 utriusque
1470 1291 1571 1313 sexus

868 1332 994 1372 servis3
1018 1333 1178 1365 mulieres
1200 1338 1313 1365 autem
1339 1338 1409 1364 tum
1425 1333 1572 1364 maxime

868 1383 982 1414 lavare
1001 1387 1036 1414 et
1054 1392 1200 1424 purgare
1218 1383 1333 1424 capita
1349 1382 1512 1414 student?
1529 1391 1571 1412 an

867 1432 932 1464 hoc
957 1434 1065 1465 servis
1089 1433 1219 1474 datum,
1242 1434 1332 1475 quod
1353 1442 1395 1465 ea
1421 1432 1476 1464 die
1494 1433 1573 1464 Ser-

867 1483 942 1514 vius
958 1484 1030 1515 Rex
1048 1488 1148 1516 natus
1160 1494 1179 1516 e
1191 1485 1327 1525 captiva
1340 1484 1406 1516 fuit
1420 1484 1541 1516 ancilla
1552 1483 1574 1514 Ρ

867 1533 935 1565 Sed
952 1539 1072 1566 contra
1085 1534 1240 1566 Macrob.
1256 1535 1313 1576 qni
1332 1534 1438 1567 Nonis
1455 1539 1572 1566 natum

868 1583 966 1616 dicit.
1013 1585 1022 1601 ‘
1043 1584 1178 1621 Nonis‚’
1211 1586 1335 1627 inquit,
1357 1585 1367 1602 ‘
1386 1589 1574 1617 conventus

869 1635 1035 1666 universae
1051 1635 1279 1668 multitudinis
1304 1636 1463 1668 vitandus
1485 1636 1573 1667 exis-

870 1685 1075 1717 timabatur:
1109 1687 1267 1727 quoniam
1296 1687 1442 1727 populus
1472 1686 1574 1718 Rom.

870 1735 1002 1767 exactis
1016 1736 1120 1767 etiam
1138 1737 1287 1777 regibuS‚
1303 1736 1393 1768 diem
1410 1737 1498 1768 hunc
1516 1745 1575 1767 no-

870 1795 988 1817 narum
1009 1787 1156 1817 maxime
1173 1786 1386 1828 celebrabat,
1402 1796 1500 1828 quem
1517 1795 1576 1817 na-

871 1837 974 1868 talem
990 1836 1099 1868 Servii
1112 1837 1213 1868 Tullii
1226 1836 1484 1869 existimabant.
1506 1835 1576 1870 Qui

870 1896 946 1918 cum
964 1886 1131 1918 incertum
1152 1891 1245 1918 esset
1262 1897 1328 1929 quo
1346 1897 1461 1919 mense
1477 1892 1576 1918 natus

870 1942 973 1973 esset,
1001 1937 1098 1969 nonis
1125 1942 1240 1969 tamen
1263 1943 1379 1969 natum
1405 1947 1478 1970 esse
1495 1947 1575 1970 con-

869 1993 992 2028 staret,
1020 1998 1137 2020 omnes
1167 1999 1273 2021 nouas
1300 1989 1429 2021 celebri
1453 1988 1578 2021 notitia

868 2038 1163 2080 frequentabant-³
1208 2040 1352 2080 Optime
1367 2039 1473 2080 igitur
1494 2039 1575 2070 Fes-

870 2094 924 2121 tus
940 2099 1117 2122 servorum
1135 2090 1224 2122 diem
1240 2089 1366 2122 festum
1380 2090 1498 2122 Idibus
1516 2099 1576 2130 po-

869 2141 935 2181 nit,
957 2140 1048 2182 quod
1076 2149 1115 2173 eo
1138 2140 1194 2172 die
1217 2142 1294 2173 Ser.
1317 2141 1462 2181 Tullius,
1483 2140 1539 2182 qui
1556 2150 1576 2171 e

868 2201 967 2223 serva
993 2197 1093 2223 natus
1118 2197 1184 2232 est,
1202 2191 1309 2224 aedem
1334 2192 1456 2224 Dianae
1483 2191 1577 2223 dedi-

872 2241 1002 2273 caverit
1015 2242 1050 2273 iu
1064 2241 1249 2273 Aventino.
1287 2241 1388 2273 Unde
1405 2246 1441 2272 et
1457 2240 1576 2272 eodem

873 2292 928 2323 die
945 2292 1016 2333 ejus
1032 2302 1130 2323 sacra
1147 2292 1411 2334 peragebantur,
1425 2292 1577 2323 Martial-

873 2344 991 2384 EpIgr.
1019 2346 1071 2375 68.
1096 2342 1154 2374 lib.
1186 2352 1255 2374 xu-
1277 2342 1464 2384 ‘Augustis
1489 2343 1578 2374 redit

873 2395 992 2427 Idibus
1017 2394 1151 2427 Diana.'
1196 2396 1281 2426 Erat
1305 2400 1340 2426 et
1363 2395 1446 2426 alius
1462 2404 1578 2426 servo-

872 2455 946 2477 rum
970 2446 1092 2477 Festus
1115 2444 1272 2485 sigillaria
1293 2445 1418 2480 dictus,
1436 2444 1493 2486 qui
1516 2445 1576 2476 Sa-

872 2496 1063 2527 turnalibus
1078 2505 1140 2537 per
1160 2500 1292 2536 septem
1309 2495 1382 2527 dies
1399 2495 1575 2527 continua-

872 2547 985 2579 batur.
1009 2547 1178 2579 Ausonius
1195 2558 1202 2577 :
1228 2546 1238 2564 ⁴
1251 2546 1378 2578 AEdiles
1391 2546 1493 2577 etiam
1508 2545 1579 2585 ple-

872 2598 940 2639 bei,
966 2598 1138 2639 etiamque
1164 2597 1298 2629 curules
1318 2597 1423 2627 Festa
1447 2594 1576 2636 sigillo-

872 2659 944 2680 rum
962 2649 1095 2680 nomine
1112 2648 1206 2680 dicta
1221 2645 1364 2679 colunt.'
1388 2646 1469 2676 Dae.

914 2698 929 2719 d
953 2700 981 2730 A
1010 2708 1139 2739 quorum
1162 2697 1321 2729 celeritate
1337 2696 1500 2734 fugitivos
1523 2705 1575 2726 vo-

874 2753 942 2781 cent
958 2749 1077 2789 servos]
1099 2748 1192 2790 Lege
1214 2750 1320 2779 vocent
1344 2755 1462 2785 cervos,
1487 2744 1574 2776 utin
