1876 3025
266 204 329 235 DE
363 200 637 232 VERBORUM
669 196 1075 230 SIGNIFICATIONE
1109 195 1205 226 [ΑΒ.
1237 193 1388 225 Xvul.

1470 182 1556 225 983

104 300 332 354 Trepit,¹¹‘³
353 298 508 339 vertit:
531 296 648 338 unde
671 295 862 350 trepido,
880 292 1167 348 trepidatio,¹²
1184 290 1290 345 quia
1308 289 1557 330 turbatione

162 380 287 408 mens
306 367 505 408 vertitur.

104 434 392 477 Tributorum
407 439 418 456 ¹
455 432 733 473 collationem
772 444 872 472 cum
909 430 965 470 sit
998 428 1085 469 alia
1115 427 1158 467 in
1189 425 1350 479 capite,
1392 425 1557 476 [FEST.

162 503 252 543 alia
272 515 327 543 ex
349 515 498 550 censu,
514 500 674 541 dicitur
686 499 815 539 etiam
830 496 1053 551 quoddam
1076 494 1368 543 temerarium,
1386 498 1436 533 ut
1455 497 1559 547 post

161 571 310 610 urbem
352 582 378 609 a
418 568 561 610 Gallis
601 572 777 620 captam
819 565 1028 605 collatum
1067 566 1147 612 est,

1204 562 1306 615 quia
1342 561 1558 615 proximis

165 637 415 691 quindecim
437 641 464 665 ¹3
498 636 624 676 annis
658 646 819 675 census
855 632 970 672 alius
1005 644 1093 671 non
1125 634 1249 670 erat.s
1307 628 1418 670 Item
1438 628 1558 669 bello

163 705 334 747 Punico
367 704 562 745 secundo
600 703 664 743 M.
686 701 870 742 Valerio
893 699 1094 748 Laevino,
1129 698 1195 738 M.
1216 697 1405 739 Claudio
1438 696 1560 737 Mar-

163 773 277 815 cello
300 786 418 814 eosS.
442 785 539 813 cum
559 775 600 812 et
622 774 819 819 senatus,
851 773 895 810 et
917 767 1110 821 populus
1132 768 1176 807 in
1201 766 1415 814 aerarium,
1437 764 1557 818 quod

162 842 334 889 habuit,
361 841 533 882 detulit.

106 910 337 951 Tributum
361 908 540 957 dictum,
561 906 668 960 quia
690 918 748 946 ex
770 904 941 959 privato
963 904 1009 944 in
1029 902 1254 956 publicum
1276 900 1347 942 tri·
1378 899 1558 952 [PAUL.

164 977 323 1018 buitur.

107 1044 349 1086 Trientemt
379 1044 554 1085 tertium
577 1041 725 1096 pondo
748 1052 957 1081 coronam
980 1050 1154 1080 auream
1176 1037 1353 1078 dedisse
1394 1035 1556 1086 [FEST.

724 1161 784 1174 ‘ff‘
788 1161 903 1173 “UO‘'
907 1160 968 1172 Off&

152 1244 188 1272 11
216 1242 294 1272 Vet.
312 1240 368 1272 lib.
386 1240 497 1280 Trapit
514 1240 565 1270 vel
586 1240 791 1280 Tv·0pz't.—l2
815 1238 868 1270 Id.
885 1238 1191 1278 trepidatione.-13
1214 1235 1275 1265 Vir
1293 1233 1385 1265 doct.
1403 1233 1434 1264 in
1452 1242 1558 1272 marg.

110 1285 161 1315 ed.
185 1285 272 1315 Scal.
288 1284 428 1325 conjicit
443 1284 585 1323 quinque.
629 1285 716 1314 Dae.
734 1282 910 1322 legendum
930 1285 1043 1312 monet
1067 1279 1140 1320 quia
1164 1278 1316 1319 proximis
1336 1276 1468 1317 quinque
1492 1286 1562 1306 cen-

109 1337 161 1359 sus
175 1328 253 1358 alius
268 1337 327 1358 non
341 1327 524 1365 eratfactus
538 1338 547 1356 :
572 1327 625 1357 vel
644 1326 756 1367 potius
773 1330 810 1357 ut
827 1325 982 1359 Ursinus,
999 1333 1104 1355 census
1117 1323 1248 1364 populus
1263 1331 1322 1352 non
1339 1324 1419 1352 erat.

758 1435 791 1466 N
796 1434 899 1466 OTAE

152 1508 167 1529 q
194 1502 316 1543 Trepit]

110 1557 207 1585 verto.
226 1554 331 1584 Idem.

153 1609 164 1625 r
189 1603 401 1643 Tributorum]
437 1602 579 1634 Laeviuo
595 1605 625 1633 2.
644 1602 808 1633 Marcello

110 1658 140 1686 4.
157 1654 233 1686 Cos.
249 1664 290 1685 ex
312 1654 405 1685 Livio
421 1659 456 1684 et
470 1653 609 1692 ceteris,
630 1663 717 1684 anuo
733 1656 807 1684 553.

111 1706 144 1736 in
163 1705 364 1746 Capitolinis
379 1704 488 1736 fastis.
513 1704 591 1735 Ant.
606 1704 694 1741 Aug.

156 1755 366 1796 Tributomm]
402 1756 506 1796 Lege,
541 1755 604 1786 alia
637 1755 670 1785 in
694 1755 809 1795 capita,

115 1808 170 1839 vel
193 1817 232 1838 ex
247 1807 358 1847 capite.
403 1806 540 1846 Duplex
553 1804 618 1836 fuit
635 1805 809 1844 tributum,

112 1867 214 1889 unum
232 1857 357 1898 capitis
375 1856 447 1886 sive
465 1865 638 1895 personae:
664 1856 808 1886 alterum

111 1910 160 1940 rei
187 1908 256 1939 sive
283 1908 343 1939 soli
369 1907 427 1938 lib.
454 1916 508 1937 111.
535 1912 570 1937 et
597 1907 654 1938 lib.
682 1907 741 1937 ult.
767 1906 809 1936 D.

113 1960 292 1992 Censibus.
331 1958 409 1989 Fuit
425 1964 461 1988 et
477 1958 619 1988 alterum
632 1956 809 1988 fortuitum

111 2016 146 2042 et
163 2009 378 2041 temerarium
397 2008 487 2049 quod
499 2007 597 2038 rebus
611 2007 809 2046 urgentibus

110 2060 369 2092 conferebatur:
395 2059 489 2099 quale
510 2057 575 2089 fuit
592 2067 709 2088 aurum
726 2058 807 2089 illud

111 2111 200 2154 quod
232 2115 311 2151 post
342 2109 459 2140 urbem
489 2118 508 2139 a
532 2108 640 2140 Gallis
671 2112 809 2148 captam

112 2163 272 2194 collatum
303 2165 368 2192 est.
426 2160 540 2191 Livius
571 2158 628 2190 lib.
659 2168 693 2190 v.
724 2164 809 2190 sect.

115 2216 168 2245 48.
213 2213 299 2244 Item
317 2211 399 2242 illud
416 2210 504 2252 quod
524 2220 611 2240 anno
628 2220 714 2241 nono
731 2210 811 2240 belli

112 2263 237 2295 Punici
253 2262 393 2294 secundi
413 2262 461 2292 M.
477 2261 621 2292 Claudio
635 2262 812 2300 Marcello,

113 2320 149 2346 et
164 2314 215 2345 M.
232 2313 368 2344 Valerio
382 2312 520 2343 Laevino
534 2312 629 2343 Coss.
645 2312 710 2343 An.
724 2312 810 2344 Urb.

115 2365 222 2397 Cond.
254 2367 327 2395 543.
350 2363 392 2394 de
420 2373 485 2404 quo
516 2363 588 2393 Liv.
621 2363 677 2393 lib.
709 2371 812 2395 xxvr.

117 2420 203 2447 sect.
218 2418 271 2445 36.
296 2415 378 2446 Dae.

156 2471 167 2486 ⁵
204 2465 287 2501 Quia
325 2464 479 2504 proximis
505 2463 678 2504 quindecim
708 2473 813 2495 census

115 2518 194 2550 alius
223 2527 284 2547 non
308 2515 391 2555 erat]
431 2515 498 2545 Hic
530 2515 647 2545 deesse
679 2515 813 2546 videtur

116 2567 253 2610 aliquid.
301 2566 408 2605 Lego,
447 2565 529 2600 Quia
552 2565 706 2604 proximis
725 2566 813 2606 quin-

116 2630 172 2661 que
187 2628 292 2650 census
314 2617 393 2647 alius
414 2624 475 2645 non
500 2618 567 2645 erat
583 2614 702 2652 factus.
748 2616 811 2646 Vel

119 2670 231 2711 potius
247 2673 284 2699 ut
301 2667 456 2701 Ursinus,
475 2675 582 2696 census
603 2668 730 2706 populus
753 2676 814 2697 non

117 2724 196 2752 erat.
222 2721 308 2751 Nam
325 2718 477 2759 quolibet
492 2716 719 2758 quinquennio
736 2727 813 2749 cen-

118 2781 172 2803 sus
187 2770 300 2802 fiebat.
326 2769 421 2799 Idem.

362 1501 461 1535 Quod
493 1511 512 1532 a
540 1501 665 1533 Graeco
694 1500 807 1542 τρέπω,

903 1500 912 1521 ²
935 1498 1108 1539 Trientem]
1124 1497 1197 1529 Liv.
1212 1496 1271 1527 lib.
1288 1504 1336 1526 vr.
1358 1494 1367 1511 ‘
1380 1495 1418 1526 T.
1433 1493 1562 1527 Quinc-

859 1550 939 1589 tius,
955 1549 1060 1581 semel
1087 1548 1158 1579 acie
1186 1547 1305 1586 victor,
1328 1545 1415 1576 binis
1438 1544 1561 1575 castris

859 1602 1016 1639 hostium,
1048 1609 1168 1630 novem
1200 1597 1335 1638 oppidis
1376 1596 1408 1627 vi
1440 1595 1561 1636 captis,

859 1652 1037 1684 Praeneste
1053 1651 1086 1681 in
1099 1649 1308 1681 deditionem
1326 1651 1482 1687 accepto,
1495 1647 1560 1678 Ro-

859 1713 947 1734 mam
978 1701 1146 1732 revertit:
1181 1699 1462 1739 triumphansque
1494 1697 1563 1737 sig—

860 1763 951 1789 num,
969 1752 1146 1782 Praeneste
1170 1749 1364 1786 devectum,
1379 1747 1475 1780 ‚lovis
1494 1746 1563 1777 Im-

860 1803 1027 1845 peratoris
1043 1803 1076 1833 in
1096 1800 1300 1841 Capitolium
1320 1800 1409 1830 tulit.
1454 1797 1563 1829 Dedi-

860 1860 972 1887 catum
1018 1858 1070 1884 est
1100 1853 1189 1883 inter
1227 1851 1354 1882 caellam
1393 1849 1491 1882 Jovis
1522 1858 1562 1880 ac

860 1907 1048 1943 Minervae3
1087 1903 1269 1943 tabulaque
1305 1900 1366 1932 sub
1404 1909 1444 1931 eo
1482 1899 1562 1935 fixa,

861 1960 1112 1988 monumentum
1126 1963 1236 1984 rerum
1251 1956 1420 1992 gestarum
1433 1950 1482 1980 his
1496 1948 1564 1980 fer-

860 2017 914 2038 me
952 2007 1056 2037 incisa
1083 2004 1188 2035 literis
1214 2002 1306 2034 fuit:
1338 2002 1477 2042 Jupiter
1511 2005 1563 2031 at-

861 2068 926 2099 que
944 2057 1011 2087 divi
1036 2065 1152 2086 omues
1175 2055 1237 2085 hoc
1265 2052 1446 2086 dederunt,
1470 2056 1506 2081 ut
1525 2052 1564 2081 T.

862 2107 1042 2141 Quinctius
1082 2106 1240 2137 Dictator
1277 2102 1402 2143 oppida
1441 2111 1562 2133 novem

862 2162 1016 2199 caperet.
1055 2156 1124 2187 Die
1141 2158 1195 2187 20.
1212 2164 1309 2196 quam
1325 2158 1462 2185 creatus
1477 2158 1564 2192 erat,

862 2210 1044 2241 Dictatura
1061 2217 1097 2238 se
1114 2204 1312 2237 abdicavit.'
1359 2204 1485 2236 Omisit
1508 2205 1564 2236 Li-

863 2260 949 2295 vius,
966 2268 1042 2299 qnae
1068 2257 1110 2288 de
1132 2265 1256 2287 corona
1279 2255 1398 2285 Festus
1415 2254 1564 2295 scripsit.

862 2312 950 2343 Vide
967 2311 975 2327 ‘
988 2308 1169 2342 Sestertii.'
1200 2308 1381 2339 Postrema
1398 2307 1499 2337 verba
1516 2307 1564 2337 ita

864 2361 1046 2393 scriberem
1065 2371 1073 2390 :
1107 2360 1136 2390 sz'
1153 2363 1217 2390 tres
1238 2368 1321 2388 asses
1336 2362 1422 2398 sunt,
1437 2361 1467 2388 et
1490 2367 1564 2398 qua-

863 2414 970 2451 drans,
984 2415 1112 2452 quartus
1129 2411 1285 2450 quadrans
1300 2409 1428 2440 dicitur.
1474 2408 1563 2439 Vide

864 2465 1026 2497 Maeeian.
1056 2463 1097 2493 de
1126 2471 1213 2501 asse,
1239 2460 1417 2491 Aruntium
1443 2464 1478 2490 et
1505 2459 1564 2490 Di-

865 2515 1001 2555 dymum
1017 2512 1106 2553 apud
1125 2511 1350 2550 Priscianum,
1368 2510 1437 2539 sive
1465 2519 1563 2550 quem

865 2565 966 2596 alium
984 2563 1026 2594 de
1042 2561 1260 2603 ponderibus.
1283 2561 1362 2591 Ant.
1380 2559 1466 2598 Aug.

914 2616 1070 2646 Trientem
1107 2612 1236 2643 tertium
1269 2611 1368 2651 pondo
1403 2607 1562 2647 coronam]

867 2666 955 2697 Vide
974 2664 1103 2696 Livium
1120 2663 1179 2694 lib.
1196 2671 1246 2693 v1.
1270 2666 1352 2692 sect.
1370 2662 1423 2690 ⁶29.
1444 2659 1500 2699 qui
1521 2658 1562 2687 de

869 2725 995 2748 corona
1026 2712 1258 2755 praetermisit,
1288 2711 1402 2750 aitque
1433 2709 1564 2748 siguum

871 2768 1047 2799 Praeneste
1064 2764 1243 2796 devectum
1259 2761 1354 2794 Jovis
1377 2759 1561 2800 Imperato—
