1876 3025
244 152 329 194 890

685 163 833 194 SEXTt
870 162 1072 193 POMPEII
1109 163 1246 193 FESTI

303 259 412 299 tiato
432 271 441 299 :
459 257 565 312 quia
582 262 615 288 ¹4
634 271 759 299 omne
773 257 850 310 jus
871 270 1092 298 sacrorum
1115 258 1290 308 habent,
1305 258 1542 311 auguribus
1563 271 1691 312 spec-

303 327 362 367 tio
385 326 616 376 duntaxat,
638 339 823 380 quorum
844 325 1029 366 consilio
1049 338 1137 366 rem
1170 331 1369 378 gererent
1396 326 1691 378 magistratus,

302 407 384 434 non
403 399 453 434 ut
482 398 665 447 possent
696 393 910 447 impedire
938 393 1198 443 nuntiando,
1230 407 1329 447 quae
1349 407 1445 434 cum
1478 393 1693 433 vidissent

302 462 428 512 satis,
451 463 622 515 spectio
643 461 734 502 sine
754 461 1028 502 nuntiatione
1049 463 1153 503 data
1172 466 1254 510 est,
1285 466 1333 502 ut
1368 462 1456 514 ipsi
1488 461 1692 515 auspicio

301 542 392 569 rem
415 534 622 582 gererent,
639 542 723 569 non
745 532 793 570 ut
814 529 927 570 alios
949 529 1208 583 impedirent
1228 529 1484 570 nuntiando.

246 596 409 650 Spectu
426 602 440 618 Ζ
461 598 552 637 sine
575 597 892 650 praepositione
913 597 1138 638 Pacuvius
1159 597 1205 637 in
1226 597 1462 638 Duloreste
1482 609 1593 637 usus
1610 600 1691 645 est,

301 678 402 705 curn
419 665 500 706 ait:
532 664 738 717 amplius,
755 670 786 694 ¹⁵
808 665 1050 706 rubicundo
1069 665 1232 714 colore,
1253 669 1298 705 et
1315 668 1470 718 spectu
1487 669 1692 717 protervo

300 731 422 771 ferox
431 762 440 772 .

245 798 409 852 Spectu
426 797 457 823 ¹⁶
480 799 572 840 sine
592 800 907 853 praepositione
926 800 1150 841 Pacuvius
1171 800 1341 854 posuit.

1514 799 1693 853 [PAUL.

246 866 418 919 Specus
436 872 451 888 ³
472 866 698 908 foeminino
719 881 868 922 genere
890 869 1229 922 pronuntiabant
1250 867 1433 921 antiqui,
1452 872 1499 908 ut
1529 867 1693 921 [Fsss'r.

301 940 460 982 metus,
481 940 523 976 et
541 948 704 988 nepos:
737 940 825 977 tam
856 936 1090 988 Hercules,
1114 949 1246 990 quam
1268 935 1512 976 masculino
1547 934 1693 987 stirpS‚

301 1004 419 1042 aut¹7
443 1002 591 1043 frons:
621 1008 670 1044 ut
691 1003 882 1046 Ennius:
914 1004 1029 1045 Tum
1052 1017 1162 1045 casu
1177 1004 1208 1028 ¹8
1226 1002 1242 1026 *³
1263 1004 1345 1044 sub
1374 1007 1517 1044 monte
1541 1001 1643 1042 altae
1662 1006 1694 1032 ¹9

851 1101 991 1113 eeeeee

994 1102 1090 1113 eeeee

288 1159 326 1187 14
351 1156 411 1186 Vir
430 1156 521 1186 doct.
540 1156 570 1186 in
589 1167 695 1196 marg.
722 1157 873 1197 ejusdem
892 1158 946 1188 ed.
963 1158 1105 1199 conjicit
1121 1157 1163 1188 iis
1178 1157 1326 1197 qui.—15
1353 1155 1436 1187 Ead.
1452 1155 1504 1185 ed.
1522 1156 1693 1195 “utplus-—

247 1201 286 1228 16
311 1199 370 1229 Vir
386 1200 478 1230 doct.
496 1200 578 1230 ibid.
593 1201 684 1240 conj.
702 1200 906 1241 Specta-17
924 1201 1003 1232 Vet.
1022 1201 1097 1232 cod.
1113 1201 1234 1240 stirpis,
1247 1203 1381 1230 ut.—-lS
1406 1200 1483 1229 Vct.
1500 1198 1576 1229 cod.
1593 1209 1695 1229 causa.

245 1241 304 1271 Vir
321 1242 410 1273 doct.
438 1243 576 1283 conjicit
601 1247 776 1274 carth—li)
800 1245 879 1275 Ver.
907 1244 982 1276 cod.
999 1244 1183 1275 alca—Vir
1209 1244 1301 1274 doct.
1329 1242 1419 1282 conj.
1444 1245 1558 1272 montes
1577 1242 1649 1272 late.

903 1351 1043 1383 NOTAE

244 1415 375 1449 dixisti,
399 1415 425 1445 si
444 1424 550 1455 augur
569 1424 634 1446 non
652 1425 755 1455 esses,
772 1421 808 1447 et
824 1417 942 1448 consul

244 1474 350 1504 esses,
375 1466 483 1495 minus
509 1464 624 1496 facere
652 1468 840 1507 potuisses?
866 1466 942 1498 vide

245 1525 288 1546 ne
304 1517 407 1547 etiam
424 1515 570 1548 facilius.
609 1518 681 1549 Nos
698 1519 787 1549 enim
806 1519 943 1549 nuntia-

245 1567 370 1597 tionem
393 1567 500 1597 solum
527 1567 710 1599 habemns:
736 1569 890 1600 consules
907 1574 943 1601 et

244 1616 365 1657 reliqui
404 1618 619 1656 magistratus
656 1619 758 1649 etiam
794 1619 943 1660 spectio-

244 1667 344 1698 nem.’
379 1667 539 1699 Invenies
554 1673 667 1699 tamen
682 1669 945 1702 obnuntiationem

245 1718 388 1757 positam
407 1728 469 1758 pro
486 1719 693 1752 nuntiatione.
724 1720 771 1751 Ut
788 1720 821 1751 in
834 1721 943 1761 primo

245 1768 289 1799 (le
306 1769 548 1799 Divinatione:
575 1771 584 1786 ‘
602 1771 717 1801 nonin
737 1773 802 1811 eo,’
823 1771 944 1811 inquit,

248 1821 257 1835 ‘
269 1824 320 1849 est
340 1820 439 1859 culpa
453 1820 508 1861 qui
535 1820 764 1860 obnuntiavit,
780 1820 837 1851 sed
856 1821 887 1851 in
902 1830 944 1852 eo

246 1870 302 1910 qui
318 1880 382 1900 non
396 1870 535 1910 paruit!
578 1872 630 1902 De
648 1873 823 1912 spectione
834 1873 943 1904 Varro

246 1921 306 1951 lib.
326 1929 358 1952 v.
377 1922 418 1952 de
436 1922 473 1952 L.
486 1923 522 1954 L.
544 1922 552 1938 ‘
571 1923 738 1963 Spectare
753 1923 882 1954 dictum
900 1923 943 1955 ab

246 1972 360 2011 specio
390 1973 551 2013 antiquo:
585 1983 653 2014 quo
681 1974 782 2004 etiam
816 1974 944 2004 Ennius

246 2030 347 2051 usus:
378 2022 447 2051 Vos
479 2023 580 2062 epulo
612 2027 791 2063 postquam
819 2023 943 2063 spexit.

246 2072 291 2102 Et
309 2072 396 2111 quod
416 2073 446 2101 in
468 2073 629 2113 auspiciis
644 2072 862 2104 distributum
879 2078 946 2110 est,

245 2121 302 2161 qui
319 2121 466 2152 habeant
484 2123 705 2162 spectionem,
722 2123 777 2163 qui
796 2131 862 2153 non
886 2123 944 2153 ha-

246 2171 362 2211 beant,
379 2177 411 2202 et
429 2172 516 2212 quod
533 2173 564 2202 in
577 2173 724 2213 auguriis
739 2182 883 2213 augures
895 2172 943 2203 di-

246 2227 341 2260 cunt,
370 2232 465 2253 avem
490 2223 655 2263 specere.’
699 2223 786 2254 Vide
812 2224 944 2254 Manut.

247 2272 289 2302 de
308 2272 408 2303 rebus
426 2282 486 2313 per
507 2273 686 2314 epistolam
712 2274 863 2315 quaesitis
887 2273 944 2305 lib.

246 2332 271 2354 1.
285 2324 348 2363 Ep·
362 2327 392 2355 9.
418 2324 499 2355 Duc.

289 2379 301 2394 ²
324 2374 452 2415 Specta]
494 2376 658 2416 Apuleius
689 2377 746 2408 lib.
774 2386 829 2409 ΠΙ.
857 2378 945 2409 Met.

248 2428 255 2440 ¹
275 2424 461 2466 Obliquato
479 2433 590 2457 tamen
608 2434 726 2466 spectu
750 2437 820 2459 reni
842 2428 945 2459 admi-

246 2476 387 2506 rationis
416 2478 569 2507 niaximae
597 2479 791 2518 conspicio.'
837 2479 945 2509 Locus

247 2526 391 2556 Pacuvii
424 2528 471 2555 sic
507 2528 660 2567 integer:
698 2529 705 2544 ‘
726 2528 869 2559 Hiccine
893 2534 943 2559 est

248 2586 347 2617 quem
363 2578 470 2616 gratia
491 2578 605 2608 sorniae
624 2584 703 2609 ante
720 2589 832 2609 omnes
851 2579 944 2610 nobi·

246 2628 326 2658 litat
344 2628 446 2667 viros,
471 2628 623 2668 Ampius,
649 2630 837 2661 rubicundo
854 2631 942 2661 colo-

248 2687 295 2714 re,
316 2685 434 2716 spectu
460 2685 631 2718 protervo,
649 2679 758 2720 ferox,
781 2687 944 2722 caperata

248 2726 359 2759 fronte
377 2728 396 2758 θ’
424 2729 518 2760 Idem.

1037 1421 1051 1437 ἃ
1075 1415 1204 1456 Specus]
1232 1414 1328 1445 Ennii
1343 1423 1460 1445 versus
1474 1412 1695 1444 suitlib.xv¹.

995 1466 1118 1498 Annal.
1151 1472 1187 1497 ut
1224 1465 1332 1497 refert
1363 1465 1528 1496 Priscian.
1558 1464 1615 1495 lib.
1646 1473 1694 1494 vl.

994 1519 1002 1535 ‘
1018 1519 1101 1549 Turn
1118 1527 1202 1548 cava
1220 1517 1407 1548 submonte
1423 1517 1491 1547 late
1508 1525 1629 1555 specus
1647 1515 1694 1544 in—

996 1574 1051 1600 tus
1068 1567 1233 1609 patebat.'
1277 1568 1343 1599 Sed
1364 1567 1482 1598 melius
1506 1564 1654 1597 refertur
1677 1575 1696 1594 a

995 1620 1126 1652 Nonio:
1155 1625 1163 1637 ⁴
1182 1619 1342 1650 Concava
1372 1618 1433 1648 sub
1463 1622 1596 1648 montes
1628 1617 1696 1647 late

995 1680 1118 1712 specus
1133 1670 1224 1700 intus
1242 1668 1406 1709 patebat.’
1430 1668 1509 1699 Ant.
1526 1667 1610 1707 Aug.

1039 1721 1172 1762 Specus]
1209 1719 1380 1751 Pacuvius
1417 1719 1566 1759 Chryse:
1605 1720 1613 1735 ⁸
1633 1718 1697 1748 Est

995 1772 1040 1803 ibi
1063 1771 1124 1802 sub
1141 1781 1182 1802 eo
1201 1780 1282 1801 saxo
1305 1770 1438 1810 penitus
1461 1773 1570 1799 strata
1596 1777 1696 1798 arena

996 1824 1114 1863 ingens
1139 1831 1272 1863 specus,
1290 1821 1377 1852 Solis
1399 1829 1472 1861 qnae
1497 1824 1617 1850 exortu
1641 1828 1694 1849 ca-

997 1875 1104 1915 pessit
1122 1873 1319 1912 eandorem,
1340 1881 1460 1903 occasu
1479 1871 1602 1909 nigret.
1650 1868 1695 1899 11-

996 1924 1053 1956 lud
1071 1924 1197 1963 incipio
1212 1932 1329 1953 saxum
1355 1927 1490 1952 tentans
1514 1918 1697 1950 escendere

996 1975 1216 2007 verticem‘ln
1230 1983 1415 2004 summurn:
1442 1972 1563 2002 deinde
1580 1971 1611 2002 in
1626 1980 1694 2002 om·

996 2026 1047 2056 nis
1071 2024 1178 2066 partis
1207 2028 1424 2064 prospectum
1446 2020 1603 2062 aucup0.'
1626 2021 1694 2051 dos.

996 2076 1082 2107 Scal.

1041 2125 1172 2166 Specus]
1206 2123 1283 2154 Hoc
1313 2132 1436 2154 nomen
1465 2122 1564 2152 trium
1595 2130 1695 2161 gene-

996 2185 1067 2206 rum
1093 2174 1171 2205 fnit.
1196 2174 1340 2205 Mascul.
1363 2179 1399 2204 ut
1428 2172 1555 2203 Ennius
1577 2172 1609 2202 in
1633 2172 1695 2212 Ly-

998 2226 1081 2256 tris:
1107 2225 1116 2242 ‘
1135 2224 1285 2256 Inferum
1304 2231 1415 2255 vastos
1441 2222 1587 2264 specus!
1622 2223 1690 2253 Foe-

997 2276 1125 2312 minini,
1143 2277 1272 2307 Pacuv.
1287 2276 1320 2306 in
1346 2275 1489 2315 niptris:
1515 2280 1521 2291 ¹
1541 2274 1695 2305 Advenio

996 2327 1225 2366 scrupulosam
1249 2329 1409 2366 specuin.'
1454 2326 1575 2356 Nentri
1602 2325 1693 2365 Virg.

998 2387 1049 2408 vi.
1069 2377 1198 2408 AEneid.
1223 2379 1230 2393 ‘
1250 2377 1317 2407 Hic
1330 2386 1451 2416 specus
1470 2375 1695 2410 horrendum,¹

997 2430 1061 2458 (Sec.
1086 2427 1167 2458 Dae.

1041 2478 1054 2498 ¹³
1081 2478 1156 2508 Tum
1182 2477 1268 2517 casu]
1294 2477 1359 2507 Hic
1387 2477 1485 2507 Ennii
1504 2487 1617 2507 versus
1647 2477 1694 2507 sic

998 2528 1124 2568 legitur
1135 2528 1223 2568 apud
1238 2528 1449 2558 Priscianuni
1464 2528 1520 2559 lib.
1533 2537 1582 2558 vr.
1595 2528 1693 2558 ‘Tum

998 2589 1081 2609 cava
1097 2580 1286 2608 submonte
1305 2578 1371 2608 late
1395 2588 1513 2618 specus
1531 2578 1619 2608 intus
1637 2588 1692 2617 pa-

998 2629 1118 2662 tebat.'
1162 2631 1207 2660 Et
1237 2629 1324 2669 apud
1366 2630 1512 2660 Nonium
1540 2629 1693 2660 rectius:

997 2681 1007 2697 ‘
1026 2681 1182 2712 Concava
1200 2679 1262 2710 sub
1278 2680 1398 2710 montis
1419 2681 1487 2711 late
1503 2690 1622 2721 specus
1645 2681 1693 2711 iu⁴

1000 2737 1053 2763 tus
1071 2727 1233 2771 patebat!
1257 2729 1352 2762 Idem.
