1876 3025
375 79 398 94 'fl'

280 175 364 219 832

692 189 840 219 SEXTt
876 186 1078 217 POMPEI!
1113 188 1248 218 FEST}

282 282 596 324 Scriboniammz
619 284 867 337 appellatur
886 287 901 310 g
931 287 1028 322 ante
1045 280 1062 306 ⁶
1085 283 1193 323 atria
1209 283 1358 337 puteal
1377 283 1487 339 quod
1491 283 1601 339 fecit
1621 283 1733 324 Scri-

339 352 516 400 bonius,
536 352 608 392 cui
642 351 862 403 negotium
897 349 1042 389 datum
1074 364 1098 388 α
1130 350 1460 407 &marsum-at,
1484 359 1530 392 uc
1551 352 1733 404 conqui-

338 424 454 459 reret
475 420 640 460 sacella
656 418 672 441 ¹¹
695 424 872 466 attacta,
897 416 1007 471 isque
1039 416 1146 458 illud
1171 421 1450 471 procuravit:
1483 419 1590 474 quia
1614 419 1658 459 in
1679 431 1733 459 eo

340 487 439 528 loco
480 493 680 526 attactum
698 484 881 541 fulgure
917 484 1127 525 sacellum
1163 485 1268 527 suit:
1287 488 1404 540 quod
1446 484 1735 542 ignorareturi

340 561 473 594 autem
510 553 581 594 ubi
611 562 708 594 esset
739 556 802 603 (ut
824 548 1027 606 quidam)
1058 552 1200 603 sulgur
1221 552 1479 605 conditum,k
1513 553 1619 609 quod
1647 568 1736 593 cum

338 620 476 670 scitur,
499 621 615 662 nefas
647 626 717 662 est
739 621 888 673 integi,
911 632 1080 673 semper
1110 618 1314 662 foramine
1336 622 1394 663 ibi
1411 628 1552 677 aperto
1573 622 1733 664 coelum

338 694 474 743 patet.

903 775 1145 789 ‘eaeeoeooaeaeoo

324 846 345 873 ὃ
370 842 453 873 Ead.
470 841 523 872 ed.
543 844 645 872 antea.

937 932 1078 964 NOTAE

283 995 327 1025 ris
344 994 406 1025 aevi
424 994 532 1025 doctis
549 994 703 1025 omnibus
727 1000 825 1035 putat
849 996 984 1028 Libonis

282 1046 398 1086 puteal
425 1046 512 1076 idem
538 1055 609 1076 esse
633 1056 707 1076 cmn
737 1047 864 1086 puteali
893 1047 984 1088 quod

282 1097 404 1128 Cicero
423 1097 454 1127 in
478 1097 616 1128 comitio
640 1097 722 1128 dicit
740 1098 934 1138 impositum
953 1099 985 1129 ei

281 1148 356 1179 loco
383 1148 444 1178 sub
469 1158 534 1188 quo
563 1147 700 1178 defossa
726 1146 793 1178 fuit
819 1150 985 1181 novacula

283 1199 396 1230 Navii.
444 1199 635 1239 Utrumque
654 1200 740 1229 enim
762 1201 860 1239 plane
877 1200 985 1230 (liver-

283 1261 368 1280 snm.
414 1251 538 1281 Puteal
566 1251 692 1281 comitii
724 1260 832 1290 prope
857 1252 984 1282 curiam

282 1300 360 1331 fuit.
408 1302 531 1332 Puteal
562 1301 699 1332 Libonis
728 1312 834 1341 prope
862 1302 984 1333 auium

282 1353 463 1383 Minervae.
513 1352 598 1382 tum!
623 1352 826 1389 gladiatorio
844 1363 984 1384 munere

283 1402 362 1432 Divi
377 1402 459 1434 Julii
475 1403 655 1432 sublatum.
703 1403 799 1434 Istud
818 1414 924 1444 usque
942 1404 984 1435 ad

283 1458 437 1484 extrema
455 1454 593 1484 Romani
609 1454 741 1494 imperii
760 1460 910 1494 tempora
924 1455 985 1484 du-

282 1514 373 1535 rasse
401 1514 443 1534 ex
471 1504 558 1535 Pub.
585 1505 725 1534 Victore
751 1511 784 1534 et
809 1514 848 1535 ex
874 1505 985 1535 Persii

282 1555 465 1586 sclioliaste
480 1556 638 1595 colligere
656 1561 720 1587 est.
743 1556 830 1587 vide
844 1557 986 1588 Salmas,

282 1607 314 1636 in
332 1607 437 1637 Solin.
464 1606 545 1637 Duc.

324 1662 339 1683 g
359 1657 597 1687 Scribonianum
621 1657 810 1697 appellatur]
836 1659 889 1688 De
918 1659 986 1689 Pu-

283 1708 364 1738 teali
398 1707 525 1738 dictum
561 1713 613 1737 est
646 1708 677 1737 in
708 1709 716 1723 ‘
738 1708 847 1738 Navia
878 1707 984 1738 ficus.'

284 1758 385 1789 Nunc
402 1768 505 1789 causa
524 1763 618 1797 patet
636 1767 696 1787 cur
717 1759 828 1795 puteal
849 1758 985 1789 Libonis

282 1809 418 1839 dicatur
438 1808 590 1843 Horatio,
617 1808 771 1838 nimirum
800 1809 879 1848 quia
903 1809 983 1839 illud

284 1860 479 1898 procuravit
501 1859 695 1889 Scribonius
721 1859 816 1897 Libo,
842 1870 917 1889 cum
943 1860 986 1891 ob

282 1911 475 1949 neglectam
513 1909 733 1939 bidentalinm
769 1916 801 1939 et
835 1910 985 1939 locorum

283 1959 522 2000 fulguritorum
556 1960 753 1999 religionem
791 1959 870 1989 iram
898 1961 985 1990 Deo-

284 2020 356 2040 rum
386 2014 586 2040 vererentur
617 2009 790 2039 incurrere
833 2009 987 2040 Romani.

283 2061 352 2090 Jus.
371 2060 456 2090 Scul-

325 2110 339 2130 '2
367 2111 408 2141 Ur
424 2110 618 2150 conquireret
640 2109 768 2149 sacella]
794 2110 891 2140 Fulv.
918 2110 983 2141 Ur-

283 2163 374 2194 sinus
392 2163 539 2201 legebat,
553 2165 585 2192 ul
602 2162 771 2202 coinquiret
788 2163 910 2193 sacella.
943 2162 983 2193 Id

284 2219 533 2254 est,purgaret,
550 2217 757 2251 procuraret.
786 2213 888 2242 Male.
915 2213 985 2242 Ne-

284 2269 413 2303 gotunn
432 2262 474 2293 ab
493 2267 612 2293 senatu
637 2263 752 2292 datum
770 2260 880 2292 fuerat
897 2263 985 2292 Scri-

284 2314 385 2344 bonio
403 2318 438 2343 ut
455 2313 672 2353 conquireret
698 2312 836 2350 sacella,
861 2312 893 2342 id
923 2318 984 2347 est,

284 2370 321 2395 ut
346 2365 433 2403 loca,
457 2374 532 2403 quae
560 2362 694 2401 fulgure
713 2367 804 2392 tactu
835 2361 984 2398 fuerant,

284 2416 465 2453 diligenter
480 2414 705 2454 perquireret.
730 2413 763 2442 Is
779 2413 882 2452 igitur
896 2423 986 2443 com-

284 2466 376 2507 perit
401 2465 513 2495 locum
540 2464 595 2493 ubi
624 2463 737 2502 fulgur
761 2463 838 2493 olim
872 2463 988 2494 condi·

285 2523 355 2547 tum
372 2515 497 2552 fuerat,
517 2515 606 2555 quod
635 2513 867 2554 ignorabatur,
886 2513 986 2544 adeo-

284 2578 361 2608 que,
384 2572 421 2597 ut
451 2565 648 2605 religionem
675 2565 738 2595 loci
767 2564 986 2605 instauraret,

284 2618 402 2658 puteal
444 2615 684 2655 imponendum
722 2615 866 2653 curavit,
896 2615 984 2655 quod

280 2669 388 2709 puteal
405 2667 530 2697 Libonis
543 2666 670 2697 dictum
687 2670 751 2696 cst.
786 2665 909 2695 Puteal
927 2675 985 2695 au-

285 2725 354 2749 tem
384 2719 438 2748 hic
464 2718 543 2748 nihil
569 2716 659 2747 aliud
688 2721 740 2746 est
773 2725 871 2755 quam
899 2716 984 2756 lapis

286 2775 456 2808 pertusus,
477 2768 531 2809 qui
549 2767 721 2808 fulguritis
740 2767 822 2797 locis
835 2767 985 2807 impone-

1039 998 1154 1034 batur,
1180 999 1257 1039 quia
1281 999 1337 1030 ubi
1363 998 1474 1039 fulgur
1491 997 1738 1034 comlitum‚lo-

1036 1060 1112 1080 cum
1131 1050 1235 1090 integi
1253 1049 1348 1080 nefas
1367 1054 1471 1088 esset,
1489 1058 1632 1089 euinque
1650 1046 1738 1078 fora-

1036 1099 1126 1130 mine
1144 1099 1290 1140 desuper
1315 1104 1434 1139 aperto
1457 1109 1528 1130 esse
1549 1103 1738 1139 oporteret.

1037 1149 1118 1180 Duc.

1079 1200 1086 1220 ¹'
1111 1202 1200 1237 Quod
1226 1200 1441 1241 ignoraretur]
1470 1201 1556 1232 Haec
1585 1201 1738 1241 pendent

1037 1261 1054 1282 a
1073 1253 1316 1291 superioribus.
1347 1252 1406 1283 Ait
1425 1252 1546 1282 Festus
1565 1251 1736 1291 negotium

1037 1312 1055 1331 a
1079 1302 1208 1333 Senatu
1231 1303 1346 1333 datum
1371 1302 1476 1332 fuisse
1501 1301 1676 1332 Scribonio
1701 1305 1739 1332 nt

1037 1354 1254 1394 conquireret
1271 1355 1396 1385 sacella
1412 1358 1544 1384 attacta
1559 1365 1567 1390 ;
1591 1354 1645 1383 vel
1662 1353 1740 1393 quia

1037 1404 1069 1435 in
1088 1416 1128 1435 eo
1147 1406 1220 1436 loco
1239 1406 1292 1436 ubi
1312 1410 1430 1446 postea
1444 1405 1560 1445 puteal
1578 1403 1737 1445 fuit,jam

1038 1455 1172 1486 scibant
1198 1457 1358 1487 sacellum
1387 1454 1502 1493 fuisse,
1529 1456 1594 1495 vel,
1620 1461 1657 1485 nt.
1684 1454 1740 1485 alii

1037 1506 1170 1546 dicunt,
1194 1505 1283 1547 quod
1308 1507 1525 1544 ignoraretur
1549 1505 1605 1535 ubi
1626 1503 1741 1544 fulgur

1038 1558 1211 1587 conditum
1247 1557 1375 1594 fuerit;
1400 1562 1434 1587 et
1460 1556 1537 1587 ideo
1562 1555 1635 1586 fieri
1666 1566 1740 1596 pos-

1038 1611 1100 1640 set,
1127 1612 1160 1637 ut
1192 1608 1285 1638 locus
1311 1612 1431 1637 contra
1464 1606 1661 1644 religionem
1691 1611 1741 1635 te-

1039 1663 1198 1695 geretur;
1224 1656 1318 1687 nefas
1350 1657 1437 1687 euim
1469 1654 1669 1695 fulguritum
1697 1656 1742 1686 lo-

1038 1717 1111 1737 cum
1138 1708 1264 1747 integi:
1287 1717 1390 1748 quare
1415 1717 1488 1737 cum
1514 1708 1631 1747 scitur,
1655 1706 1739 1737 fora-

1039 1758 1128 1787 mine
1146 1762 1266 1797 aperto
1285 1767 1419 1797 semper
1437 1758 1479 1787 ibi
1494 1758 1614 1787 coelum
1635 1763 1740 1797 patet.

1041 1808 1127 1838 l-lzre
1152 1814 1204 1839 est
1237 1819 1315 1838 vera
1343 1808 1441 1848 liujus
1470 1808 1532 1839 loci
1561 1808 1740 1848 expositio.

1040 1859 1139 1889 Idem.

1080 1907 1094 1928 Β
1123 1909 1242 1947 Fulgur
1258 1910 1430 1950 conditum]
1451 1910 1576 1947 Fulgin*
1593 1909 1740 1939 condere

1037 1958 1242 1991 dicebantur
1266 1958 1422 1996 Augures
1447 1959 1517 1989 sive
1538 1959 1739 1996 Pontifices,

1038 2018 1112 2039 cum
1132 2009 1287 2049 reliqnnias
1305 2008 1447 2047 fulguris
1466 2009 1671 2046 condebant,
1686 2009 1742 2039 de-

1040 2058 1229 2090 fodiebant.
1268 2060 1378 2090 Vetus
1394 2060 1565 2099 interpres
1581 2060 1741 2092 Juvenal.

1041 2110 1081 2140 ad
1100 2111 1192 2140 illum
1210 2120 1363 2141 versum:
1390 2112 1398 2127 ‘
1420 2110 1529 2150 Atque
1553 2111 1672 2151 aliquis
1690 2120 1741 2141 se-

1042 2161 1116 2190 nior
1155 2161 1208 2200 qui
1251 2160 1386 2199 publica
1429 2161 1560 2196 fulgura
1604 2161 1742 2191 comlit.’

1041 2211 1050 2226 ‘
1070 2211 1176 2241 Condi
1217 2210 1346 2249 fulgura
1388 2209 1573 2247 (licuntur‚’
1620 2211 1742 2251 inquit,

1042 2262 1346 2302 ‘quotiescumque
1376 2260 1539 2291 Pontifex
1574 2261 1741 2300 dispersos

1041 2311 1136 2351 igin-s
1153 2311 1185 2340 in
1204 2321 1303 2340 uinum
1323 2311 1444 2349 redigit
1470 2311 1611 2351 quadum
1637 2311 1742 2341 tacita

1042 2362 1262 2401 ignoratuque
1288 2370 1403 2400 prece,
1425 2365 1460 2390 et
1487 2362 1595 2391 locum
1623 2371 1741 2401 agges-

1042 2411 1132 2441 tione
1157 2417 1390 2441 consecrutum
1416 2409 1466 2441 it.'
1505 2411 1597 2441 Citat
1619 2411 1740 2442 deinde

1041 2462 1168 2492 Lucani
1190 2471 1304 2491 versus
1330 2461 1532 2491 notissimos.
1566 2462 1632 2492 Sed
1659 2462 1740 2493 illud

1042 2512 1221 2543 ridiculum
1235 2513 1277 2543 de
1295 2513 1428 2553 ignibus
1446 2512 1594 2543 fulminis
1611 2513 1742 2553 disper-

1041 2563 1084 2592 sis
1101 2561 1313 2601 colligendis:
1344 2561 1433 2602 quod
1453 2562 1585 2601 poetice
1611 2562 1739 2593 dictum

1043 2623 1117 2643 reor
1135 2623 1153 2643 a
1171 2614 1318 2644 Lucano.
1354 2613 1424 2643 Per
1438 2615 1528 2651 ignes
1547 2619 1660 2644 autem
1676 2614 1741 2643 ‹lis-

1043 2673 1156 2704 persos
1180 2663 1342 2703 fulminis,
1367 2663 1522 2703 intelligo
1555 2673 1608 2694 res
1639 2674 1738 2704 quas-

1042 2723 1186 2754 cumque
1206 2714 1319 2753 tetigit
1336 2719 1371 2744 et
1389 2713 1551 2744 ambussit
1578 2715 1662 2754 ignis
1680 2719 1739 2745 aut

1042 2765 1203 2806 semmei
1223 2774 1432 2805 (morumque
1456 2764 1520 2796 alio
1548 2764 1647 2796 modo
1674 2766 1739 2796 vio'-
