1876 3025
331 150 393 181 DE
426 148 696 179 VERBORUM

210 258 311 286 cum
343 244 420 294 ait,
452 243 682 298 significat,
714 244 791 297 qui
821 244 877 284 ob
906 244 1057 285 vitium
1089 243 1335 285 redhibitus
1368 245 1439 286 sit.

732 148 1140 179 SIGNIFIGATIONE
1177 149 1268 179 [ΑΒ.
1304 150 1410 179 XVI.

1520 141 1605 182 725

1511 245 1603 286 Ubi

207 314 318 355 irata
338 313 456 354 facta
489 317 573 363 est,
602 325 773 353 servum
806 312 1092 366 recepticium
1124 313 1301 363 sectari,
1325 318 1458 367 atquc
1478 312 1603 365 flagi-

206 386 300 422 tare
321 381 458 422 virum
475 381 617 435 jubet.

152 449 443 505 Recepticius
475 463 628 492 servus
658 454 737 501 est,
769 451 845 506 qui
878 451 935 492 ob
964 448 1120 491 vitium
1158 448 1402 489 redhibitus
1424 448 1602 498 [PAUL-

206 523 287 559 est.

149 586 372 641 Receptus
392 600 489 630 mos
511 592 594 637 est,
611 601 741 642 quem
760 600 844 629 sua
861 591 1018 642 sponte
1040 586 1202 628 civitas
1225 586 1415 627 alienum
1435 582 1493 639 [F
1498 592 1600 624 EST.

206 656 413 698 adscivit.

149 722 417 774 Recinium‚a
453 737 581 765 omne
602 724 912 764 vestimentum
933 722 1216 776 quadratum.
1246 722 1294 771 ii,
1327 720 1403 775 qui
1436 718 1602 760 duode-

205 795 290 834 cim
310 792 585 845 interpretati
614 795 727 841 sunt,
749 804 850 831 esse
880 791 1086 832 dixerunt
1109 789 1276 831 virilem
1308 793 1489 842 togam,³
1514 799 1603 841 qua

202 861 411 901 mulieres
440 861 687 909 utebantur,
715 862 979 912 praetextam
997 862 1016 887 4
1050 859 1179 900 clavo
1212 869 1433 912 purpureo
1451 869 1462 907 3
1483 854 1600 896 unde

201 929 400 970 reciniati
441 929 562 969 mimi
603 927 890 981 planipedes:
923 940 1053 981 quam
1084 940 1170 967 rem
1206 926 1435 978 diligenter
1472 935 1601 964 exse-

201 997 347 1051 quitur
363 997 522 1038 Santra
541 997 652 1038 libro
676 995 870 1037 secundo
893 995 947 1036 de
971 995 1234 1049 antiquitate
1256 994 1503 1034 verborum.

145 1063 391 1115 Recinium‚
428 1079 556 1107 omne
593 1064 907 1107 vestimentum
943 1063 1231 1118 quadratum:
1262 1061 1375 1102 unde
1419 1059 1597 1112 [PAUL.

199 1132 398 1175 reciniati
419 1133 586 1180 mimi.†

755 1231 872 1244 eeeeee

875 1230 991 1242 ‘‘‘‘‘

184 1312 203 1340 3
228 1309 309 1342 Vet.
328 1310 403 1343 cod.
416 1311 617 1352 virtoga.—4
640 1310 720 1343 Vet.
736 1311 812 1342 cod.
826 1313 1028 1351 proetextum.

796 1417 938 1451 NOTAE

141 1499 207 1536 est,
222 1505 355 1527 servum
368 1495 584 1536 receptitium
600 1495 721 1528 sectari
738 1499 840 1537 atque

139 1546 297 1588 flagitare
314 1547 419 1578 virum
439 1546 564 1588 jubet:
610 1547 677 1579 Ubi
694 1547 840 1587 pessime

138 1597 279 1628 Verrius
303 1599 311 1615 ‘
326 1598 543 1638 receptitium
574 1597 732 1636 servum‚'
770 1607 840 1628 ser-

140 1657 217 1678 vum
234 1648 339 1686 nihili,
359 1648 484 1689 quique
501 1648 544 1679 ob
561 1648 678 1678 vitium
692 1647 839 1678 redhibi-

140 1704 194 1729 tus
213 1698 526 1739 sit‚interpretatus
541 1703 603 1729 est.
629 1699 840 1738 Receptitius

139 1750 229 1780 enim
266 1760 383 1780 servus
417 1754 480 1789 est,
515 1759 633 1780 servus
669 1749 840 1789 proprius,

140 1810 238 1839 quem
256 1810 329 1830 cum
349 1800 491 1840 pecunia
507 1799 637 1840 reliqua
653 1798 772 1830 mulier
788 1809 839 1830 re-

139 1856 291 1891 ceperat,
316 1851 377 1881 hoc
403 1855 466 1886 est,
493 1854 691 1889 exceperat,
706 1849 769 1880 sibi
787 1859 838 1881 re-

138 1907 348 1934 servaverat.
393 1902 543 1942 Recipere
566 1901 655 1932 enim
676 1901 838 1942 excipere

137 1959 200 1986 est.
239 1955 352 1988 Plaut.
376 1954 385 1971 ‘
400 1954 609 1986 Posticulum
623 1954 686 1985 hoc
704 1956 837 1995 recepit

136 2014 210 2036 cum
228 2005 318 2037 aedes
336 2005 512 2038 vendidit!
537 2006 642 2037 Plura
655 2006 732 2038 vide
746 2007 836 2048 apud

136 2055 226 2086 Gen.
244 2066 319 2096 cap.
336 2059 368 2087 6.
385 2056 443 2087 lib.
460 2065 552 2088 xvn.
578 2057 664 2088 Dae.

177 2111 192 2126 ὃ
216 2108 395 2148 Recinium]
421 2109 519 2139 Omne
533 2109 749 2139 vestimentum
762 2118 835 2149 qua-

133 2158 268 2197 dratum,
277 2159 385 2200 inquit
396 2160 488 2190 Fest.
500 2159 564 2190 hoc
576 2164 641 2199 est,
651 2160 834 2191 vestimen-

120 2204 205 2239 'tum
223 2219 398 2240 commune
409 2209 489 2240 viris
507 2208 731 2250 foeminisque,
745 2209 835 2250 quod

134 2257 288 2290 firmatur
301 2269 344 2291 ex
355 2260 475 2291 Servio
488 2260 543 2291 lib.
559 2269 584 2290 1.
601 2259 732 2291 AEneid.
750 2261 832 2291 ‘To-

134 2310 218 2350 gas,'
238 2311 360 2352 inquit,
384 2312 393 2328 ‘
411 2311 513 2342 etiam
528 2309 683 2342 foeminas
700 2310 832 2341 habuis-

135 2369 171 2390 se
186 2361 374 2401 Cycladum
387 2366 423 2392 et
441 2361 558 2392 recinii
576 2371 654 2392 usus
665 2361 835 2392 ostendit!

136 2409 183 2440 At
205 2411 236 2440 in
253 2412 318 2452 leg.
336 2415 385 2443 12.
401 2412 519 2443 Tabul.
533 2413 699 2444 Recinium
716 2417 769 2443 est
787 2412 833 2442 vi-

135 2460 205 2490 rilis
223 2465 303 2501 toga
319 2472 384 2503 qua
401 2461 557 2493 mulieres
577 2462 774 2498 utebantur,
799 2463 831 2493 in

134 2510 229 2541 luctu
244 2512 388 2551 scilicet,
405 2519 524 2544 contra
536 2523 636 2554 quam
654 2514 761 2554 Lycii,
777 2513 832 2553 qui

134 2560 168 2590 in
198 2560 291 2592 luctu
323 2568 449 2594 vestem
480 2564 678 2595 muliebrem
716 2564 833 2595 iudue-

135 2609 225 2641 bant.
269 2612 481 2654 Verbalegis
499 2616 550 2646 12.
575 2614 645 2645 tab.
662 2615 734 2645 baec
753 2618 831 2645 sunt

133 2659 191 2690 ubi
211 2661 254 2692 de
278 2662 444 2694 sumtibus
471 2663 654 2695 funerum:
679 2673 829 2696 SUMTUM

134 2719 307 2745 ΜιΝυιΤο.
320 2722 408 2745 TmA
421 2722 450 2745 ει
467 2723 580 2747 VOLET
595 2724 831 2756 RE1C1N1A‚ET

895 1502 1056 1526 νιΝσυιΑ
1072 1499 1254 1525 PURPURAE
1270 1497 1314 1521 ET
1331 1496 1453 1520 DECEM
1470 1495 1599 1518 T1131cr-

896 1554 959 1577 NEs
975 1552 1179 1580 ADHmETo,
1208 1543 1270 1573 hoc
1289 1549 1373 1572 PLUS
1392 1548 1438 1570 ΝΕ
1456 1545 1601 1570 rAcx'ro.

895 1596 962 1627 Ubi
977 1602 1156 1633 umerum,
1174 1601 1217 1624 ET
1234 1599 1390 1622 leCULA
1406 1596 1601 1627 PURPURAE,

895 1649 942 1679 nil
973 1647 1063 1678 aliud
1091 1650 1169 1676 sunt
1190 1654 1291 1685 quam
1315 1644 1324 1661 ⁴
1342 1640 1494 1673 Reicinia
1512 1650 1599 1680 prae-

894 1704 992 1730 texta
1021 1697 1127 1729 clavis
1153 1692 1359 1736 pnrpureis,'
1384 1691 1474 1732 quod
1503 1694 1599 1721 recte

893 1750 983 1791 apud
1012 1749 1163 1785 Festum,
1186 1745 1334 1784 ‘Togam
1364 1742 1494 1772 virilem
1514 1750 1600 1781 prae-

894 1804 1024 1832 textam
1056 1798 1153 1829 clavo
1185 1792 1382 1836 purpureo.’
1428 1791 1514 1822 Ideo
1541 1801 1600 1821 au-

893 1857 962 1883 tem
984 1849 1111 1882 recinia
1132 1847 1243 1879 virilia
1265 1846 1299 1876 in
1322 1845 1415 1875 luctu
1438 1842 1598 1873 mulieres

892 1901 1091 1941 induebant,
1107 1903 1145 1930 ut
1161 1908 1202 1929 ea
1219 1896 1299 1928 viris
1313 1893 1465 1930 mortuis,
1477 1897 1513 1924 ut
1526 1902 1598 1923 mos

891 1957 978 1988 erat,
1006 1951 1195 1992 injicerent.
1241 1947 1296 1978 Sic
1321 1944 1412 1986 apud
1437 1944 1533 1984 Virg.
1564 1943 1597 1974 in

892 2004 1044 2036 Miseno:
1069 2002 1078 2019 ‘
1097 2000 1359 2040 Purpureasque
1388 2003 1491 2035 super
1522 2003 1596 2024 ves-

890 2061 955 2096 tes,
972 2054 1140 2086 velamina
1152 2055 1231 2083 nota
1249 2046 1434 2091 Injiciunt.'
1467 2047 1523 2078 Sic
1535 2047 1598 2077 ita-

893 2116 958 2149 que
975 2107 1027 2137 hic
1043 2102 1306 2144 Pompeiilocus
1319 2108 1420 2130 sanus
1437 2101 1501 2128 est.
1530 2096 1598 2127 Ex·

892 2160 993 2190 titere
1025 2162 1138 2189 tamen
1170 2154 1226 2195 qui
1260 2162 1337 2183 eum
1373 2151 1420 2182 ita
1450 2147 1596 2190 legendo

891 2211 1172 2248 corrumperent:
1200 2202 1365 2235 Recinium
1389 2210 1477 2231 omne
1500 2199 1595 2230 vesti-

888 2263 1023 2292 mentum
1039 2258 1225 2298 quadratum
1248 2255 1273 2285 ii
1296 2254 1348 2293 qui
1372 2251 1531 2283 duodecim
1546 2250 1596 2280 in—

887 2310 1053 2351 terpretati
1068 2311 1141 2339 sunt
1158 2316 1224 2338 esse
1239 2305 1400 2337 dixerunt.
1432 2303 1499 2333 Ver.
1513 2301 1593 2342 (hoc

886 2366 939 2393 est
960 2358 1106 2399 Verrius)
1134 2362 1240 2397 togam
1269 2366 1330 2396 qua
1358 2354 1514 2393 mulieres,
1541 2353 1594 2391 ξε.

886 2412 951 2443 Vel
972 2410 1146 2442 sic...esse
1163 2408 1310 2438 dixerunt
1331 2405 1379 2435 vel
1400 2404 1525 2435 virilem
1547 2406 1593 2432 to-

884 2472 971 2502 gam.
1017 2460 1048 2492 A
1071 2461 1139 2490 rica
1162 2463 1275 2489 autem
1293 2456 1453 2491 ricinium,
1477 2458 1512 2483 et
1529 2452 1541 2482 z‘
1558 2451 1591 2480 iu

887 2523 914 2548 e,
939 2511 1101 2549 recinium,
1126 2518 1192 2540 non
1216 2516 1295 2538 vero
1322 2516 1341 2536 a
1364 2504 1529 2541 reiciendo,
1554 2505 1593 2530 ut

886 2563 995 2593 Varro
1012 2565 1048 2592 et
1063 2559 1200 2592 Servius
1218 2557 1283 2588 rati
1300 2560 1388 2587 sunt.
1413 2553 1501 2584 Vide
1516 2556 1523 2569 ‘
1536 2550 1593 2581 Ri-

887 2612 949 2644 ca.’
973 2612 1071 2643 Idem.

928 2671 941 2699 †
959 2664 1048 2695 Unde
1056 2662 1201 2694 reciniati
1217 2658 1318 2698 mimi]
1333 2657 1417 2688 Haec
1430 2654 1531 2686 verba
1547 2653 1590 2687 ad

886 2713 1202 2756 superior-anahem
1226 2710 1452 2750 anaphoram:
1475 2705 1589 2737 ‘dixeu
