1876 3025
292 163 355 193 DE
388 159 662 192 VERBORUM
698 156 1107 190 SlGNIFICATlONE
1143 156 1237 186 121ss.
1270 155 1375 185 xvi.
1492 145 1575 186 787

186 258 278 307 bat,
306 270 385 296 non
409 253 616 309 populus:
648 252 695 293 de
725 266 892 307 quorum
908 252 1027 307 jure,
1059 249 1169 306 quod
1198 249 1395 292 Rutilius
1427 249 1576 291 Rufus

186 325 317 378 legem
338 322 504 372 tulerat,
522 336 602 377 qua
623 322 676 362 ez's
699 320 920 361 cavebatur
936 318 1072 360 multis
1087 316 1229 368 modis,
1246 317 1336 371 (sic
1357 317 1473 358 enim
1488 318 1576 358 ele—

190 397 391 433 vaverant
406 404 543 430 eorum
557 390 642 444 jus,
662 403 709 429 ac
731 395 825 429 tunc
847 388 1084 436 eminebant,
1107 385 1181 440 qui
1203 385 1354 439 populi
1376 383 1576 438 suffragio

185 456 470 511 creabantur)
490 455 624 512 rufuli
644 472 670 497 a
690 457 948 510 cognomine
970 454 1127 504 Rutili,
1151 466 1197 494 ac
1212 458 1306 506 post
1326 450 1482 493 Rutuli
1504 465 1578 504 ap-

182 524 331 579 pellati
352 531 462 565 sunt.

131 593 288 634 Rufuli
309 591 645 646 appellabantur
665 589 850 632 Tribuni
881 588 1064 630 militurn
1095 600 1122 628 a
1152 586 1344 629 Consule
1393 585 1575 639 [PAUL.

189 661 311 711 sacti,
336 674 419 700 non
443 673 471 701 a
490 658 676 713 populo,
698 657 751 698 de
772 669 955 711 quorum
980 656 1083 710 jure
1106 654 1226 709 quod
1261 653 1464 694 Rutilius
1485 651 1578 693 Ru-

186 728 258 769 fus
277 729 417 780 legem
436 727 609 775 tulerat,
640 725 810 775 Rufuli,
829 737 881 766 ac
902 727 1004 778 post
1024 722 1175 764 Rutuli
1194 724 1295 762 sunt
1315 720 1547 774 appellati.

133 796 305 837 Rumeu
341 800 413 836 est
442 807 545 848 pars
576 791 712 844 colli,f
738 806 826 846 qua
853 804 957 833 esca
977 791 1232 832 devoratur:
1265 788 1384 843 unde
1407 799 1583 828 rumare

189 863 435 911 dicebatur,
457 860 578 915 quod
598 873 713 901 nunc
734 859 966 900 ruminare„

136 929 296 972 anen
315 935 371 970 esc
386 942 486 982 pars
506 926 599 968 colli
617 940 702 981 qua
719 939 826 968 esca
841 926 1087 975 devoratur,
1101 922 1207 964 unde
1229 936 1391 963 rumare
1415 921 1583 976 [FEST.

191 997 374 1038 dicebant
396 996 513 1050 quod
534 1008 649 1036 nunc
671 994 905 1035 ruminare.

136 1065 437 1115 numentum}
457 1062 674 1116 abruptio.
1403 1057 1530 1110 [PAU
1542 1068 1583 1097 L.

794 1214 934 1248 NOTAE

140 1305 181 1336 ad
200 1313 269 1336 rem
293 1304 496 1343 militarem;
526 1313 628 1335 unum
645 1308 681 1334 ut
697 1302 840 1334 Tribuni

139 1355 288 1386 Militum
306 1353 459 1385 senideni
475 1354 508 1384 in
526 1358 673 1395 quatuor
689 1353 839 1393 legiones

140 1414 159 1435 a
174 1404 297 1445 populo
313 1407 522 1443 crearentur,
538 1413 613 1445 quae
635 1407 748 1443 antea,
765 1412 839 1442 per-

141 1465 238 1497 quam
258 1455 375 1496 paucis
391 1453 552 1495 suffragio
577 1455 693 1495 populi
710 1454 838 1485 relictis

141 1505 240 1543 locis,
260 1506 473 1536 Dictator-um
488 1510 524 1537 et
538 1504 719 1536 Consulum
734 1504 842 1536 ferme

143 1555 279 1586 fueraut
307 1555 493 1587 beneficia:
521 1556 630 1587 tulere
654 1565 727 1586 eam
746 1565 842 1595 roga-

144 1606 273 1637 tionem
289 1605 384 1637 Trib.
396 1606 487 1646 pleb.
498 1606 536 1638 L.
550 1605 686 1645 Atilius,
697 1605 736 1637 C.
749 1605 841 1636 Mar-

144 1656 239 1689 cius!
262 1657 348 1689 Haee
362 1657 417 1688 illo
430 1667 517 1688 anno
530 1665 670 1688 cnxnu.
694 1656 841 1687 Vidend.

144 1706 270 1747 Polyb.
285 1707 344 1737 lib.
364 1715 414 1737 vr.
438 1708 518 1737 Ant.
533 1706 620 1744 Aug.

191 1755 303 1793 Rufulz'
321 1755 467 1794 Tribuni]
479 1755 552 1786 Liv.
567 1755 624 1785 lib.
638 1764 703 1786 vn.
716 1759 799 1786 sect.
813 1758 844 1785 5.

148 1805 157 1821 ‘
168 1805 252 1836 Cum
260 1815 300 1836 eo
317 1815 404 1836 anno
422 1805 606 1846 placuisset
621 1805 775 1836 tribunos
786 1805 846 1835 mi-

147 1855 246 1885 litum
260 1854 301 1885 ad
319 1855 470 1896 legiones
486 1853 647 1895 suffragio
665 1854 754 1893 fieri,
772 1863 846 1884 uam

149 1909 185 1935 et
201 1909 301 1935 antea
317 1906 406 1935 sicut
421 1913 525 1943 nunc,
536 1913 618 1945 quos
632 1902 774 1934 Rufulos
793 1913 847 1934 vo·

149 1960 244 1994 cant,
260 1955 487 1995 Imperatores
511 1954 576 1995 ipsi
593 1953 779 1994 faciebant,
796 1962 848 1984 se-

150 2004 295 2036 cundum
313 2006 345 2035 in
361 2014 420 2036 sex
434 2004 517 2036 locis
533 2003 664 2035 tenuit.'
682 2005 727 2035 Et
743 2003 848 2034 Asco-

150 2058 223 2087 nius
255 2056 398 2088 Pedian.
429 2056 462 2086 in
490 2054 633 2086 divinat.
657 2054 666 2070 ‘
683 2054 849 2085 Tribuno-

150 2116 223 2137 rum
240 2107 435 2137 militarium
452 2106 517 2136 duo
534 2110 611 2136 sunt
627 2114 762 2145 genera,
782 2104 850 2144 pri-

150 2165 241 2187 mum
272 2165 387 2187 eorum
417 2156 475 2196 qui
504 2154 620 2185 Rufuli
656 2153 817 2184 dicuutur
841 2163 849 2184 ε

151 2206 185 2236 hi
199 2205 232 2236 in
246 2205 400 2236 exercitu
418 2204 529 2235 creari
544 2204 676 2242 soleut;
699 2203 756 2233 alii
773 2208 853 2234 sunt

153 2255 331 2294 comitiati,
356 2255 412 2295 qui
437 2255 551 2285 Romae
575 2253 721 2285 comitiis
741 2252 853 2293 desig-

155 2305 299 2337 nantur-,⁵
324 2307 404 2337 Dae.

198 2355 208 2375 f
228 2357 351 2387 Rumen
364 2359 409 2386 est
422 2365 496 2395 pars
509 2354 596 2394 colli]
618 2353 741 2385 Isidor.
759 2358 767 2371 ¹
782 2353 853 2385 Ru-

155 2414 233 2436 men
250 2407 437 2446 proximum
465 2405 650 2437 curculioui
675 2414 741 2445 quo
757 2404 853 2436 cibus

158 2460 192 2486 et
208 2461 308 2495 potus
325 2455 532 2488 devoratur.'
577 2456 622 2486 Et
643 2455 738 2486 Serv.
756 2454 798 2485 ad
814 2455 851 2485 il-

157 2505 216 2536 lud
244 2506 363 2545 Eclog.
394 2515 443 2537 vr.
468 2507 478 2523 ⁴
496 2506 669 2536 Pallentes
706 2504 853 2535 ruminat

158 2556 305 2588 herbas!
350 2561 358 2574 ⁶
371 2555 584 2596 Ruminatio‚’
601 2556 723 2597 inquit,
739 2560 746 2572 ‘
760 2555 854 2586 dicta

159 2615 213 2638 est
236 2617 254 2638 a
281 2616 375 2638 ruma
398 2607 566 2638 eminente
583 2607 729 2647 gutturis
746 2609 855 2646 parte,

160 2667 220 2698 per
237 2667 334 2698 quam
352 2656 514 2687 demissus
538 2656 632 2687 cibus
648 2666 669 2686 a
684 2655 787 2687 cerus
804 2664 855 2686 re-

124 2741 129 2744 ,
163 2711 301 2737 vocatur
317 2705 539 2737 animalibus:
584 2705 687 2736 Ruma
698 2708 811 2736 autem
823 2707 858 2735 et

888 1311 994 1332 rumen
1010 1310 1028 1331 a
1040 1300 1129 1340 ῥύμη,
1146 1303 1290 1340 tractim,
1308 1300 1371 1330 via.
1397 1299 1493 1329 Idem.

933 1356 948 1378 g
974 1349 1177 1390 Rumentum]
1192 1351 1282 1391 Eget
1296 1350 1498 1390 interprete.
1517 1348 1594 1379 Ant.

890 1403 978 1440 Aug.

936 1450 1144 1491 Rumentum]
1170 1450 1375 1482 Rumeutum
1393 1449 1425 1479 in
1440 1447 1594 1487 Augura-

892 1502 979 1533 libus
1004 1500 1197 1541 significare
1218 1499 1326 1530 videri
1351 1500 1397 1530 ait
1421 1497 1593 1537 abruptio-

894 1562 985 1590 nem,
1015 1552 1093 1583 dum
1123 1550 1230 1582 verba
1254 1549 1342 1581 Auci
1372 1548 1533 1589 exponit:
1568 1548 1595 1577 si

894 1603 1080 1644 poster-ime
1104 1601 1173 1632 avis
1197 1600 1341 1639 canerit,
1369 1604 1404 1630 ut
1430 1598 1594 1638 auspicio,

893 1653 1035 1693 augurio
1073 1655 1264 1683 rumentum
1294 1650 1350 1681 sit.
1409 1648 1596 1687 Posterime,

895 1704 946 1734 vel
957 1703 1154 1743 posterrime,
1170 1706 1220 1732 est
1235 1705 1415 1741 postreme.
1452 1699 1595 1736 Canerit,

894 1753 1070 1784 cecinerit.
1092 1752 1203 1782 Etiam
1220 1750 1400 1781 Sallustius
1414 1749 1500 1778 dixit
1517 1748 1525 1764 ⁴
1539 1758 1593 1778 ca—

896 1801 1010 1833 nuere’
1038 1810 1099 1842 pro
1129 1799 1333 1832 ‘cecinerel
1390 1799 1596 1838 Suspectum

897 1857 951 1884 est
965 1861 1085 1883 nomen
1103 1850 1215 1882 Anci:
1236 1854 1270 1880 et
1286 1848 1399 1890 potius
1417 1849 1463 1879 ita
1480 1852 1595 1888 putem

897 1901 1079 1942 legendum
1097 1911 1104 1931 :
1133 1901 1323 1931 Rumentzcm
1337 1898 1371 1928 in
1386 1896 1597 1936 Auguralibus

898 1952 1075 1993 significare
1107 1951 1231 1981 videtur
1258 1949 1488 1988 abruptionem:
1513 1947 1598 1977 Dum

899 2003 1040 2035 verberat
1054 2001 1247 2033 Ana-iliorum
1267 1999 1406 2034 aerinzen,
1430 1998 1496 2028 avis
1511 2006 1599 2027 cane-

899 2054 943 2085 rit
960 2054 1088 2088 interea,
1102 2053 1134 2083 id
1148 2062 1180 2083 eo
1192 2050 1323 2090 augurio
1334 2052 1507 2080 rumentum
1525 2052 1599 2077 estu.

901 2104 947 2135 Et
977 2108 1095 2143 aperte
1122 2101 1155 2132 id
1186 2111 1228 2132 ex
1260 2099 1351 2130 libris
1383 2097 1600 2138 auguralibus

901 2162 1038 2184 carmen
1057 2155 1120 2183 est.
1164 2150 1320 2185 AErz'men,
1343 2153 1394 2179 est
1420 2157 1477 2182 ωε,
1496 2152 1532 2177 ut
1548 2157 1600 2177 su-

903 2212 964 2243 pra
979 2201 1197 2242 cognovimus
1210 2209 1252 2230 ex
1265 2199 1351 2230 libro
1366 2207 1421 2229 111.
1467 2197 1601 2227 Morem

903 2253 991 2284 huuc
1009 2261 1077 2283 aera
1093 2251 1127 2281 in
1144 2248 1326 2281 Saliaribus
1344 2246 1516 2288 quatiendi
1531 2251 1603 2276 tau·

905 2302 1007 2343 gebat
1032 2299 1192 2341 Nigidius
1216 2298 1304 2329 libro
1326 2305 1433 2328 xvm.
1456 2297 1465 2312 ‘
1481 2296 1602 2335 Itaque

905 2362 948 2383 ex
978 2361 1046 2383 aere
1069 2351 1102 2381 iu
1126 2348 1313 2380 Saliaribus
1338 2345 1484 2377 Altanus
1511 2346 1604 2376 tinti-

905 2402 985 2434 nat!
1011 2403 1079 2432 Jos.
1097 2401 1178 2432 Scal-

951 2451 1156 2491 Rumentum]
1182 2449 1213 2481 A
1229 2459 1349 2489 rumpe,
1365 2447 1435 2478 sive
1451 2457 1537 2487 rupo,
1553 2455 1604 2476 ru-

906 2505 950 2545 pi,
962 2504 1112 2543 rupimen,
1125 2501 1340 2542 rupimenlum,
1352 2502 1536 2529 ramentum.
1560 2496 1606 2526 Ut

909 2564 929 2584 a
945 2555 954 2570 ⁴
968 2551 1108 2588 moveo‚’
1136 2556 1144 2569 ‘
1159 2549 1268 2590 movi,’
1289 2550 1297 2565 ‘
1312 2547 1500 2585 movinieu‚’
1516 2547 1524 2561 ‘
1539 2555 1607 2576 mo-

910 2601 1116 2642 vimeutum,’
1142 2597 1390 2632 ‘momentum’
1436 2597 1517 2634 Ista,
1535 2596 1606 2625 dum

909 2653 999 2685 verba
1025 2651 1198 2690 Ancilibus,
1215 2659 1256 2681 ex
1273 2647 1490 2688 auguralibus
1514 2645 1605 2675 libris

912 2703 1074 2735 desumta.
1125 2703 1216 2733 Dum
1234 2698 1456 2730 movebantur
1471 2696 1607 2735 ancilia,v
