1876 3025
275 182 339 211 DE
372 178 649 210 VERBORUM
683 174 1093 208 SIGNIFICATIONE
1127 172 1221 202 LIB.
1254 170 1404 201 xvnl.

181 278 329 335 βλίτυρι
366 282 410 320 et
444 274 679 325 cnsvaeaxiro'gss

181 349 412 402 empsitem
432 345 676 388 titivillitio.

1490 159 1575 201 975

747 275 964 317 Plautus:
996 284 1083 313 non
1122 282 1205 323 ego
1239 267 1360 310 istud
1394 267 1576 308 verbum

123 416 263 458 Tituli
277 414 293 437 ¹²
314 415 476 456 milites
497 413 794 467 appellantur,
819 409 950 464 quasi
971 407 1119 456 tutuli‚
1141 404 1259 460 quod
1280 403 1468 459 patriam
1486 407 1579 443 tue-

181 489 353 525 rentur:
385 482 497 523 unde
518 487 563 522 et
582 481 674 522 Titi
698 492 950 534 praenomen
971 480 1112 517 ortum
1134 478 1217 515 est.

125 552 252 593 Tom
276 563 412 605 genus
434 550 580 591 avium
607 560 857 602 parvarum.

918 546 1131 586 Plautus:
1155 541 1266 583 Cum
1289 553 1366 581 ex·
1397 538 1580 592 [PAUL.

183 619 309 660 tortis
330 619 450 668 talis,
468 631 565 659 cum
589 616 757 658 todillis
780 614 1011 656 crusculis.

126 684 269 728 Todii
303 691 402 728 sunt
432 699 523 726 aves
544 697 700 739 parvae,
727 689 765 724 et
797 681 948 732 todilli,
980 693 1167 735 quarum
1189 676 1386 719 meminit
1417 675 1582 729 [FEST.

186 754 369 795 Plautus
399 754 444 795 in
475 753 601 807 Syr-0,
632 766 720 791 cum
749 750 823 800 ait,
855 764 945 790 cum
973 748 1136 789 extritis
1159 747 1275 795 taliS,
1297 757 1394 786 cum
1417 743 1583 784 todillis

189 820 407 863 crusculis.

129 889 398 943 Togatarum
414 886 429 910 k
450 886 600 942 duplex
622 893 679 927 est
700 900 840 942 genus,
871 890 1163 940 praetextarum
1182 881 1401 922 hominum
1421 879 1586 932 fastigi,

787 984 926 1018 NOTAE

130 1056 193 1083 tem
207 1051 332 1090 legitur
348 1052 495 1083 emissim.
519 1052 608 1082 Dae.

174 1107 190 1129 g
218 1103 263 1133 Ut
277 1103 358 1141 apud
377 1102 504 1132 Graecos
520 1101 644 1142 βλίτυρι
662 1106 695 1132 et
709 1101 829 1131 σκινδα-

132 1151 204 1192 ψὸς]
225 1151 349 1192 Βλίτυρι
365 1158 417 1183 est
433 1151 547 1193 χορδῆς
560 1150 691 1190 μίμημα,
715 1156 723 1169 ‘
736 1152 832 1181 chor-

133 1203 186 1234 ‹1ae
217 1202 388 1242 imitatio‚'
414 1204 563 1244 adeoque
592 1213 654 1244 pro
680 1203 777 1243 nugis
800 1207 835 1233 et

134 1253 236 1284 rebus
263 1254 356 1284 nihili
383 1254 539 1285 sumitur.
583 1254 648 1284 sed
672 1253 729 1284 τοῦ
749 1264 834 1283 σκιν-

135 1302 230 1344 δαψὸς
244 1313 311 1334 non
334 1303 452 1334 eadem
479 1307 531 1334 est
555 1304 657 1340 ratio,
675 1309 728 1334 est
746 1304 834 1333 enim

135 1355 188 1385 vel
206 1355 464 1386 instrumentum
479 1356 653 1394 musicum,
668 1355 722 1385 vel
741 1355 836 1394 plan—

134 1411 179 1436 tae
194 1415 300 1445 genus
317 1405 433 1436 similis
448 1405 580 1436 hederae
598 1405 688 1446 apud
706 1405 835 1446 Nysam

135 1455 169 1486 in
187 1455 298 1496 India,
316 1465 419 1496 quare
438 1457 525 1486 inter
548 1454 693 1486 effutilia
718 1455 837 1496 reponi

136 1517 202 1538 non
219 1511 348 1546 potest.
367 1507 431 1537 Sed
445 1506 622 1546 legendnm
637 1505 837 1544 σκινδαλμὸς,

135 1557 170 1588 id
187 1564 251 1593 est,
270 1557 393 1596 assuta,
408 1561 619 1596 segmentum
636 1566 680 1588 ex
706 1558 837 1588 calamo

137 1607 226 1638 fisso.
262 1608 373 1638 Scliol.
404 1607 667 1647 Aristophanis:
692 1609 838 1638 σκινδαλ-

136 1656 223 1696 μοὺς,
245 1657 286 1688 τὰ
316 1659 378 1688 τῶν
398 1655 546 1696 καλάμων
561 1657 702 1697 ξύσματα
728 1657 777 1688 καὶ
798 1658 839 1689 τὰ

137 1707 321 1739 λεπτότατα
342 1710 405 1739 τῶν
429 1707 541 1747 ξύλων,
568 1708 602 1739 id
627 1712 691 1746 est,
716 1709 724 1725 ‘
739 1709 837 1740 Cala„

138 1770 266 1791 morum
295 1766 466 1799 segmenta
491 1766 524 1790 et
549 1760 714 1799 lignorum
731 1760 839 1790 minn-

138 1810 295 1842 tissima.'
340 1811 384 1841 Et
410 1820 470 1850 pro
487 1810 583 1850 nugis
599 1809 688 1850 apud
708 1809 839 1840 Aristo-

140 1861 282 1901 phanem
300 1860 445 1890 sumitur
467 1860 499 1890 in
518 1860 632 1890 Ranis.
657 1860 754 1891 Idem.

181 1909 196 1930 ¹¹
236 1909 350 1950 Tituli]
383 1909 489 1942 Quasi
519 1910 625 1949 tubuli,
653 1920 672 1940 a
698 1911 840 1942 tutando.

141 1960 209 1991 Sed
236 1961 347 2000 potius
369 1964 404 1991 ut
423 1959 492 1991 Jul.
514 1960 641 1999 Scalig.
666 1959 726 1991 lib.
751 1969 776 1990 1.
797 1960 840 1990 de

140 2011 194 2042 Re
211 2010 312 2042 Poe't.
329 2020 406 2050 cap.
419 2012 452 2041 9.
467 2020 484 2040 a
499 2008 566 2040 τίω.
604 2010 669 2041 Vel
687 2015 723 2040 ut
741 2011 840 2042 Voss.

141 2072 159 2092 a
182 2059 282 2097 τιτίω,
299 2060 388 2101 quod
413 2069 473 2100 per
499 2060 805 2100 reduplicationem
823 2070 842 2091 a

139 2110 206 2142 τίω.
246 2110 397 2151 Hesych.
413 2108 514 2151 τιτίει,
531 2111 617 2152 τιμᾷ.
643 2111 742 2141 Idem.

184 2161 192 2182 ί
217 2161 311 2202 Todi]
336 2161 461 2192 Mirum
479 2166 532 2191 est
554 2167 589 2192 et
615 2161 667 2192 hic
686 2166 722 2193 et
743 2171 841 2201 supe-

143 2214 212 2244 rins
236 2213 397 2243 Plautum
423 2212 456 2242 in
469 2212 512 2252 Sy
527 2232 622 2244 .....
635 2212 744 2250 citari,
767 2222 841 2242 cnm

144 2264 223 2294 alibi
239 2264 323 2294 citet
340 2262 546 2303 conjunctim
563 2272 639 2293 cum
656 2262 712 2293 illo
725 2271 842 2293 versu:

142 2316 152 2332 ‘
169 2314 371 2345 Diobolares
396 2313 620 2353 schaenicolae,
637 2313 809 2343 miraculae
822 2312 844 2343 :'

143 2374 240 2405 quern
260 2373 389 2395 versum
406 2362 584 2394 manifesto
602 2363 658 2393 alii
675 2362 784 2393 citant
801 2372 842 2392 ex

145 2414 358 2445 Cistellaria:
384 2412 471 2453 quod
500 2422 680 2453 perperam
705 2418 758 2443 est
780 2421 842 2452 pro

146 2463 344 2496 ClitellarIa.
359 2464 427 2493 dos.
445 2462 529 2493 Scal.

190 2515 269 2546 Tudi
297 2513 385 2553 suut]
416 2512 505 2543 Vide
531 2511 761 2544 ‘Crocotilum
776 2511 784 2523 '
807 2517 843 2543 et

145 2561 390 2596 ‘Succrotilla.'
413 2563 492 2593 Dae.

190 2615 204 2635 k
241 2612 446 2654 Togatarum]
482 2613 626 2644 Videtur
662 2613 843 2645 ostendere

149 2667 270 2698 Festus
295 2663 521 2696 differentiam
548 2664 635 2695 inter
659 2669 843 2704 praetexta-

149 2723 212 2753 tas,
243 2721 390 2757 togatas,
414 2720 448 2746 et
480 2714 690 2747 tabernarias
720 2724 844 2747 comoe—

884 1048 979 1080 dias:
1006 1048 1068 1078 nisi
1097 1047 1186 1078 forte
1212 1046 1354 1077 velimus
1381 1044 1508 1081 dicere,
1537 1047 1588 1073 to-

884 1105 980 1139 gatas
1008 1108 1078 1128 esse
1105 1096 1228 1136 dictas,
1245 1102 1281 1127 ut
1299 1094 1456 1125 differant
1472 1103 1491 1124 a
1517 1093 1589 1132 pal-

884 1150 986 1190 liatis,
1008 1160 1083 1190 quae
1111 1148 1179 1179 sint
1205 1157 1246 1178 ex
1264 1145 1474 1186 argumentis
1488 1144 1588 1174 urba·

884 1201 952 1239 nis;
988 1209 1063 1230 nam
1096 1199 1245 1240 palliatae
1280 1201 1358 1227 sunt
1389 1195 1590 1226 Graecarum

884 1249 1086 1280 fabularum.
1132 1248 1338 1287 Togatarnm
1368 1250 1480 1275 autem
1506 1244 1589 1274 alias

885 1309 960 1331 esse
978 1304 1201 1340 praetextatas
1229 1298 1449 1337 ingenuarum
1474 1304 1591 1336 perso-

885 1361 1024 1390 narum3
1048 1351 1131 1381 alias
1150 1359 1228 1379 vero
1246 1347 1456 1379 tabernarias
1477 1347 1590 1378 vilium

887 1411 1130 1443 personarum:
1165 1399 1252 1439 togis
1282 1398 1370 1428 enim
1410 1396 1591 1437 praetextis

887 1453 1073 1483 utebantur
1101 1450 1238 1490 ingenui
1264 1448 1359 1489 pueri
1387 1457 1426 1478 ac
1443 1447 1589 1487 puellae:

889 1503 920 1533 in
953 1502 1102 1533 tabernis
1135 1510 1215 1531 vero
1249 1499 1472 1530 versabantur
1503 1498 1593 1528 servi

888 1553 1061 1594 plagiarii,
1079 1558 1116 1583 ut
1143 1552 1263 1582 Festus
1279 1550 1342 1588 ait,
1358 1549 1465 1579 etalii
1485 1549 1593 1578 hnmi-

888 1604 928 1634 lis
944 1604 1149 1635 conditionis
1166 1601 1241 1638 viri,
1255 1611 1294 1631 ac
1309 1599 1479 1630 mulieres.
1503 1598 1593 1629 vide

889 1652 1122 1684 ‘Praetextae.'
1146 1651 1325 1690 Ant.Aug.

935 1702 1139 1743 Togatarum]
1173 1703 1380 1742 Togatarnm
1421 1700 1593 1740 privatum

890 1760 1126 1794 argumentum
1149 1759 1214 1791 est,
1230 1753 1310 1793 qnia
1336 1752 1508 1782 hominnm
1529 1751 1593 1782 fas-

892 1804 974 1844 tigia
989 1803 1144 1845 quaedam
1160 1808 1251 1834 sunt.
1300 1802 1594 1833 Praetextatarum

891 1854 1175 1895 publicum,quod
1191 1853 1276 1892 togis
1293 1853 1470 1892 praetextis
1489 1862 1595 1892 remp.

891 1905 1141 1937 administrent.
1190 1904 1485 1943 Tabernariarum,
1515 1903 1596 1944 quia

892 1957 1045 1997 personis
1061 1955 1309 1987 excellentibus
1332 1955 1434 1985 etiam
1451 1954 1595 1984 humiles

892 2007 1014 2045 mistae,
1031 2015 1211 2047 cauponeS,
1240 2005 1409 2045 plagiarii,
1431 2004 1519 2034 servi
1537 2004 1596 2035 de-

891 2057 994 2097 nique
1011 2062 1044 2087 et
1061 2058 1200 2086 lenones
1223 2056 1256 2086 in
1284 2055 1435 2085 tabernis
1454 2054 1596 2085 honeste

894 2106 1076 2148 prodeant,
1099 2106 1234 2137 mistum
1265 2109 1501 2145 argumentum
1531 2109 1596 2135 est.

894 2158 1079 2197 Eleganter
1097 2157 1168 2187 haec
1192 2157 1327 2194 Festus,
1352 2159 1387 2186 et
1413 2154 1595 2186 dolendum

893 2213 965 2239 erat
984 2217 1042 2238 nos
1058 2208 1107 2238 eis
1124 2208 1249 2238 diutins
1262 2215 1394 2237 carere.
1409 2206 1479 2236 Jos.
1496 2205 1582 2237 Scal.

940 2257 1145 2297 Togatarum]
1162 2257 1289 2289 Quanti
1304 2256 1465 2287 momenti
1482 2256 1525 2286 sit
1542 2256 1596 2286 hic

893 2310 987 2340 locus
1020 2309 1095 2340 hinc
1125 2307 1383 2339 existimandum
1412 2311 1477 2344 est,
1506 2305 1595 2346 quod

894 2359 1020 2399 absque
1038 2368 1078 2388 eo
1102 2358 1134 2388 in
1153 2367 1274 2396 magna
1294 2355 1485 2386 fabularum
1503 2354 1598 2395 igno·

897 2410 1007 2441 tantia
1033 2417 1256 2440 versaremur.
1302 2406 1389 2437 Nam
1419 2405 1597 2436 Gramina-

898 2460 957 2491 tici
991 2460 1038 2490 ita
1069 2458 1248 2498 perplexe,
1283 2457 1441 2487 intricate
1481 2464 1596 2486 earum

899 2519 1025 2552 genera
1049 2509 1236 2547 tradidere,
1255 2511 1291 2538 nt
1318 2515 1433 2537 eornm
1456 2515 1520 2545 ope
1538 2514 1595 2535 ne-

899 2571 951 2591 mo
979 2560 1088 2591 adhuc
1119 2569 1162 2590 ex
1192 2559 1255 2589 hoc
1286 2562 1486 2598 argumento
1523 2566 1598 2587 sese

899 2611 1065 2642 extricare
1094 2609 1255 2650 potuerit.
1298 2608 1407 2638 Immo
1433 2607 1535 2637 etiam
1563 2611 1599 2637 et

900 2671 961 2702 per
986 2670 1043 2692 eos
1066 2659 1128 2690 viri
1154 2659 1338 2690 doctissimi
1366 2657 1548 2698 saepissime
1564 2657 1597 2686 in

900 2722 1048 2744 errorem
1067 2710 1263 2752 praecipites
1285 2708 1459 2742 dati‚dum
1476 2710 1600 2747 togatas
