1876 3025
273 171 358 212 982

718 178 864 209 SEXTI
903 176 1102 208 POMPEI!
1139 176 1277 207 FESTI

331 273 563 318 hominemi
585 273 776 316 miserum
797 273 952 313 toxico
974 271 1248 325 transegerit.
1293 267 1497 311 Afranius
1518 268 1560 309 in

330 413 530 453 uxorium
556 411 671 452 istud
694 409 895 451 toxicum
916 408 1068 448 mittite

273 479 461 521 Trabica
477 477 491 501 ¹<
514 479 656 527 navis,
678 477 797 531 quod
819 477 879 518 sit
900 476 1098 517 trabibus
1121 474 1309 515 confixa.

1369 473 1512 514 Pacu·
1542 436 1630 521 [13A
1641 482 1667 512 U
1677 482 1721 512 L.

331 548 451 588 vius:
483 547 647 588 labitur
668 546 836 586 trabica
856 545 900 585 in
923 544 1090 584 alveos.

273 613 439 656 Trabs¹
461 615 633 668 proprie
656 613 814 654 dicitur
835 612 924 653 duo
944 612 1066 663 ligna
1086 613 1331 664 compacta.

272 682 513 724 Trachalim
549 681 828 736 appellantur
865 680 1076 720 muricum
1128 692 1179 719 ac
1222 690 1427 732 purpurae
1470 676 1720 730 superiores

329 755 497 804 partes:
537 749 652 790 uude
687 749 982 790 Ariminenses
1017 747 1223 789 maritimi
1253 746 1452 787 homines
1483 755 1721 796 cognomen

330 822 557 859 traxerunt
577 817 803 858 Trachali.

273 885 503 937 Tragula,¹¹
525 898 664 937 genus
685 885 776 934 teli,
797 883 931 934 dicta,
954 882 1068 936 quod
1093 886 1220 923 scuto
1243 881 1382 922 infixa
1401 880 1607 922 trahatur.

273 952 479 1004 Tragus‚⁰
500 966 633 1005 genus
655 952 832 994 conchae
854 952 961 993 mali
983 952 1172 1005 saporis.

273 1019 519 1069 Transtra‚p
553 1025 595 1060 et
627 1021 791 1061 tabulae
812 1020 988 1060 navium
1013 1018 1230 1068 dicuntur,
1262 1022 1307 1058 et
1340 1017 1473 1069 tigna,
1509 1028 1607 1068 quae
1643 1026 1720 1068 pro

331 1089 497 1142 pariete
515 1094 546 1111 ¹0
578 1089 620 1129 in
642 1089 851 1142 parietem
874 1088 1168 1142 porriguntur.

876 1206 1111 1218 moue-‘stote

321 1304 359 1331 lo
385 1302 463 1333 Vct.
482 1303 538 1333 lib.
554 1312 608 1342 per
620 1302 772 1342 parietem
790 1302 840 1332 vel
857 1311 895 1332 ear
909 1302 1038 1341 pariete.

929 1420 1071 1453 NOTAE

316 1495 322 1515 ἰ
351 1496 393 1526 Ut
424 1495 589 1536 hominem]
634 1495 748 1526 Toxica
780 1504 854 1526 cnm
887 1494 973 1525 dixit

275 1547 446 1586 Caecilius,
473 1547 629 1586 sagittam
661 1546 773 1577 toxico
811 1551 971 1576 armatam

273 1597 449 1637 intelligit.
477 1597 678 1635 Transegerit
693 1601 816 1635 autem,
830 1600 866 1626 ut
882 1594 972 1636 apud

273 1647 367 1686 Virg.
383 1646 621 1688 ‘Transadigit
644 1645 778 1678 costas)
823 1645 901 1676 Non
924 1645 973 1675 in-

275 1698 406 1729 tellexit
419 1698 582 1737 Scaliger,
597 1698 653 1739 qui
669 1697 722 1728 hic
739 1696 971 1728 hellenismum

276 1749 457 1788 cogitavit,
485 1749 580 1790 quasi
611 1748 786 1786 transigere
823 1746 974 1777 hominem

276 1801 378 1831 toxico
395 1799 517 1831 Graece
542 1800 586 1830 sit
608 1798 663 1830 τὸν
684 1798 841 1839 ἄνθρωπον
854 1796 974 1837 φαρμά-

276 1862 319 1890 κῳ
334 1849 486 1890 ἐξανύσαι.
511 1850 607 1881 Idem.

319 1900 333 1921 Κ
352 1901 498 1942 Trahit-a]
517 1900 617 1939 Apud
633 1899 972 1938 Pacuviumlegerem

275 1952 310 1981 in
337 1953 433 1982 alveo.
480 1951 611 1981 Labitur
639 1950 773 1990 proprie
804 1950 845 1980 de
875 1948 971 1979 navi:

274 2006 282 2018 ⁴
299 2002 424 2033 labitur
440 2007 544 2032 uncta
559 2001 673 2032 carina
686 2000 708 2031 :'
743 2005 779 2031 et
796 2005 803 2017 ¹
820 1997 973 2040 prolabi!

275 2052 424 2083 Accius:
441 2053 450 2069 ‘
465 2054 530 2081 ruit
549 2050 728 2091 prolapsa‚'
744 2054 807 2082 &m
843 2049 975 2080 Trabica

276 2109 389 2134 autem
407 2103 496 2134 aliud
509 2112 606 2144 quam
624 2102 733 2133 trabs:
754 2101 886 2136 trabex,
902 2100 974 2140 τρά-

275 2156 346 2193 φηξ,
369 2153 529 2184 trabica:
567 2158 603 2182 ut
637 2150 781 2188 ‘senex,’
817 2149 977 2186 ‘senica,’

274 2205 283 2221 ‘
300 2203 391 2242 trix‚’
407 2205 415 2220 ‘
432 2202 536 2240 trica‚⁷
551 2204 614 2233 &c-
639 2202 736 2232 Idem.

320 2254 326 2273 ¹
352 2253 463 2293 Trabs]
486 2254 563 2284 Duo
578 2252 672 2292 ligna
692 2257 881 2292 compacta,
897 2261 972 2282 nam

276 2305 443 2345 simplicia
462 2303 597 2344 proprie
618 2304 712 2343 tigna
729 2303 897 2334 dicuntur.
922 2304 972 2333 Id.

319 2362 340 2376 ¹¹¹
361 2355 518 2396 Trachali]
534 2355 660 2384 Purum
679 2359 795 2394 putum
812 2354 972 2385 Graecum

277 2413 350 2446 est;
384 2405 557 2446 τράχηλος,
585 2410 620 2436 et
646 2405 772 2436 Dorice
802 2404 974 2446 τράχαλος,

276 2457 411 2488 collum.
460 2456 592 2495 Nempe
619 2457 755 2486 concuae
781 2465 857 2496 pars
881 2460 973 2487 ante-

277 2508 346 2539 rior
360 2506 530 2547 τράχηλος,
546 2505 655 2536 media
674 2506 788 2545 μήκων,
806 2508 857 2538 vel
873 2507 974 2546 μηκώ-

276 2572 348 2590 νιον.
393 2559 517 2589 Mediae
545 2561 621 2587 sunt
641 2556 770 2597 fauces,
794 2558 825 2587 in
852 2558 972 2599 quibus

276 2619 436 2650 purpurae
454 2613 504 2638 est
519 2606 579 2639 flos
595 2607 686 2638 succi
704 2607 866 2638 tinctor-ii.
902 2607 972 2638 Un-

277 2660 319 2690 de
332 2658 537 2690 Aristoteles
550 2657 592 2687 de
606 2666 771 2696 purpura:
788 2656 826 2687 τὸ
839 2656 870 2687 δὲ
883 2655 973 2688 ἄνθος

277 2709 294 2739 ὃ
323 2709 448 2749 ἔχουσιν
478 2707 535 2738 ἀνὰ
559 2706 655 2746 μέσον
679 2707 734 2737 τοῦ
764 2706 901 2745 μήκωνος
923 2706 973 2737 καὶ

278 2761 333 2792 τοῦ
344 2759 507 2801 τραχήλου
565 2759 641 2790 Hoc
658 2763 723 2799 est,
744 2764 778 2789 ut
798 2758 886 2789 Pliu.
904 2759 971 2790 ait:

1024 1498 1032 1511 ‘
1047 1493 1115 1525 Sed
1132 1502 1290 1534 purpura>
1304 1491 1418 1523 florem
1433 1490 1535 1524 illum,
1551 1486 1721 1527 tingendis

1023 1544 1212 1584 expetitum
1231 1542 1380 1573 vestibus
1404 1542 1436 1570 in
1461 1538 1580 1569 mediis
1595 1537 1723 1567 liabent

1022 1593 1202 1626 faucibus?
1220 1594 1315 1624 Voss.
1356 1591 1434 1622 Huc
1452 1588 1631 1620 referenda
1649 1596 1722 1617 ver-

1025 1645 1069 1676 ba.
1084 1644 1247 1685 Hesycliii
1262 1654 1269 1674 :
1282 1641 1472 1683 τραχήλους,
1484 1639 1541 1670 τὰς
1555 1638 1723 1678 πορφύρας,

1025 1694 1099 1727 ἔνιοι
1128 1694 1199 1726 τοὺς
1226 1692 1418 1724 σπονδύλους
1443 1693 1505 1723 τῶν
1530 1687 1721 1729 κογχυλίων.

1024 1747 1124 1778 Idem.

1077 1802 1091 1817 ¹¹
1128 1794 1280 1836 Tragulu]
1320 1792 1439 1835 Κερκὶς,
1469 1790 1569 1831 βολίς,
1597 1789 1721 1821 Graeci.

1025 1849 1095 1880 Jos.
1111 1848 1195 1879 Scal.

1071 1896 1222 1936 Tragulu]
1237 1897 1264 1927 Α
1279 1895 1492 1936 trajiciendo,
1503 1893 1627 1923 Varro:
1642 1900 1721 1932 qua-

1026 1949 1053 1980 si
1069 1949 1211 1981 traicuta.
1244 1948 1328 1978 Nam
1346 1946 1484 1984 tragula,
1499 1943 1570 1973 sive
1587 1941 1723 1978 trahula,

1024 1999 1112 2039 quod
1130 2009 1148 2028 a
1165 1996 1341 2035 trahendo,
1355 1995 1445 2025 aliud
1458 2000 1521 2031 cst,
1536 2001 1657 2031 nempe
1674 1990 1723 2020 in-

1026 2054 1248 2079 strumentum
1266 2046 1439 2076 rusticum.
1486 2044 1529 2073 Et
1542 2042 1628 2072 male
1641 2050 1722 2071 con-

1026 2098 1174 2129 fundunt
1191 2097 1252 2127 viri
1269 2095 1373 2126 docti.
1400 2095 1477 2125 Dae.

1068 2155 1083 2169 0
1105 2148 1243 2188 Trugus]
1278 2146 1306 2176 A
1323 2145 1444 2176 foetore
1461 2143 1559 2183 liirci,
1575 2141 1630 2183 qui
1650 2140 1722 2181 τρά-

1025 2211 1082 2239 ’γος
1096 2200 1232 2229 dicitur.
1278 2197 1377 2237 Tragi
1397 2195 1547 2236 pisciculi
1568 2193 1722 2223 meminit

1025 2250 1210 2281 Auienaeus
1228 2248 1286 2279 lib.
1308 2255 1389 2277 vni.
1433 2246 1476 2276 Et
1494 2245 1582 2275 l'lin.
1596 2243 1654 2274 lib.
1672 2252 1723 2273 lx.

1026 2312 1100 2342 cap.
1124 2304 1176 2331 45.
1205 2298 1427 2339 spongiarum
1461 2304 1566 2336 genus
1598 2294 1722 2334 Tragos

1026 2352 1171 2383 vocavit.
1197 2351 1295 2380 Idem.

1068 2408 1083 2428 Ρ
1120 2401 1286 2441 Transtra]
1324 2399 1488 2430 Transtra
1520 2397 1551 2426 in
1583 2394 1721 2426 navibus

1025 2458 1104 2484 sunt
1132 2461 1268 2483 scamna
1295 2450 1471 2491 remigum.
1495 2448 1589 2486 Virg.
1620 2451 1721 2476 ‘cou-

1024 2505 1136 2536 sidere
1170 2500 1351 2533 transtris?
1412 2500 1457 2530 At
1493 2499 1525 2528 in
1556 2495 1721 2530 aedificiis,

1025 2561 1227 2587 transversae
1246 2552 1358 2584 trabes
1372 2560 1445 2591 quae
1464 2559 1503 2579 esc
1515 2548 1634 2588 pariete
1653 2545 1719 2587 (sic

1026 2607 1114 2637 enim
1132 2604 1323 2644 legendum,
1342 2608 1377 2633 ut
1395 2603 1425 2631 in
1442 2599 1544 2638 Mss.)
1566 2599 1597 2628 in
1619 2598 1720 2638 parie-

1026 2661 1086 2687 tem
1103 2655 1331 2696 porriguntur.
1368 2653 1455 2682 Usus
1472 2648 1645 2679 Vitruvius
1662 2647 1719 2677 lib.

1028 2716 1076 2738 iv.
1092 2716 1165 2745 cap.
1182 2709 1213 2736 2.
1229 2706 1368 2735 transtra
1382 2706 1491 2732 autem
1509 2698 1600 2741 quasi
1618 2702 1719 2729 trans-

1027 2758 1102 2789 itru.
1128 2755 1234 2787 Idem.
