1876 3025
289 165 402 207 1012

743 172 891 203 SEXTt
927 170 1129 200 POMPEI!
1164 170 1299 200 FESTI

291 272 530 313 Viminalis
551 275 712 324 porta?
731 273 776 310 et
797 268 924 308 collis
942 266 1293 320 appellabantur,
1312 263 1430 318 quod
1450 263 1512 304 ibi
1531 263 1740 303 viminum

349 341 474 394 sylva
504 339 642 380 fuisse
676 337 860 386 videtur,
891 336 966 375 ubi
991 340 1059 376 est
1077 340 1121 375 et
1142 347 1217 374 ara
1237 333 1344 374 Jovi
1365 332 1563 373 Viminio
1593 344 1742 372 conse·

350 413 485 449 crata.

292 475 532 516 viminalis
555 477 694 525 porta,
715 475 758 512 et
779 470 909 511 collis
931 469 1279 523 appellabantur,
1304 467 1423 521 quod
1445 467 1508 508 ibi
1560 466 1742 520 [PAUL.

349 543 556 583 viminum
576 540 712 581 fuisse
736 539 867 592 sylva
888 538 1071 579 videtur.

292 607 505 650 Vinaliab
544 608 662 649 diem
696 606 856 647 festum
889 606 1128 655 habebant,
1170 616 1258 657 quo
1292 602 1361 644 die
1397 603 1545 644 vinum
1582 615 1744 643 novum

349 677 455 718 Jovi
474 677 688 717 libabant.

292 744 498 784 Vinciam
514 748 542 772 ¹³
557 749 571 765 ⁰
602 742 813 783 dicebant
833 741 1143 783 continentem.

293 809 504 852 Vindexd
536 812 590 851 ab
622 823 674 851 eo
711 810 832 863 quod
863 808 1061 851 vindicat
1093 807 1325 862 quominus
1360 807 1414 856 is,
1458 807 1533 859 qui
1581 806 1744 860 [FEST.

350 892 537 932 prensus
555 882 639 927 est,
672 878 728 918 ab
750 879 900 931 aliquo
922 879 1132 918 teneatur.

294 946 545 987 Vindiciaee
574 945 859 999 appellantur
890 958 959 985 res
984 957 1066 993 eae,
1091 943 1144 983 de
1165 942 1326 996 quibus
1348 941 1646 983 controversia
1666 945 1747 990 est,

896 1061 910 1072 ο
917 1060 1129 1073 temo-estete

338 1142 377 1170 13
403 1140 480 1169 Vct.
497 1138 556 1170 lib.
581 1139 709 1170 Viciam.
754 1139 842 1171 Vide
858 1140 981 1171 Notas.

958 1245 1100 1276 NOTAE

341 1310 355 1325 ³
392 1305 556 1337 If'iminalis
591 1308 699 1348 porea]
745 1308 861 1339 Aliter
898 1308 999 1348 paulo

298 1355 409 1386 Varro
426 1356 482 1386 lib.
501 1365 550 1387 xv.
576 1357 617 1388 de
635 1358 672 1387 L.
688 1359 723 1388 L.
748 1358 757 1373 ‘
775 1358 880 1389 Collis
905 1358 999 1388 vimi-

297 1406 382 1436 nalis
409 1416 427 1436 a
450 1407 538 1439 Jove
559 1409 728 1448 Vimineo,
745 1409 833 1450 quod
863 1409 909 1439 ibi
934 1418 1000 1439 arae

298 1462 377 1486 sunt
395 1458 476 1496 ejus,
495 1465 553 1488 aut
570 1459 658 1498 quod
677 1460 722 1489 ibi
743 1460 903 1489 vimineta
928 1458 1000 1488 fue-

299 1507 398 1537 runt)
443 1508 509 1538 Sed
528 1518 547 1538 a
568 1509 714 1540 rimi-neto
732 1509 854 1549 potius.
898 1508 1001 1541 Juve-

298 1557 365 1587 nal.
394 1558 465 1588 Sat.
497 1567 552 1589 ιιι.
584 1562 592 1576 ⁴
610 1560 777 1600 Esquilias
804 1559 1002 1599 dictumque

298 1613 423 1647 petunt
455 1619 474 1639 a
504 1610 630 1640 vimine
655 1609 799 1640 collem!
855 1610 898 1639 Et
925 1609 1003 1639 inde

298 1666 420 1689 nomen
445 1659 523 1691 Jovi
547 1660 717 1700 Viminco,
741 1659 830 1701 quod
855 1660 900 1690 ibi
930 1660 1003 1700 ejus

300 1717 379 1738 arae.
405 1708 502 1740 Idem.

341 1757 355 1778 δ
387 1757 529 1799 Vinalia]
562 1759 689 1789 Mirum
720 1769 818 1800 quam
852 1760 939 1791 inter
967 1770 1003 1791 sc

301 1807 498 1848 discrepent
539 1810 722 1849 scriptores
760 1810 801 1839 (le
840 1810 1003 1850 Utrisque

301 1858 494 1894 Vinalibtts,
512 1864 582 1890 tum
600 1860 649 1898 iis,
666 1870 739 1900 qnae
757 1863 788 1891 9.
809 1861 888 1891 Kal.
910 1861 1003 1894 Maii,

303 1914 373 1939 tum
392 1909 520 1944 alteris,
535 1920 609 1951 quae
627 1913 678 1941 14.
695 1911 773 1941 Kal.
789 1911 1004 1950 Septembris

302 1958 580 1991 celebrabantur.
640 1960 726 1992 Quae
755 1970 821 1991 non
853 1959 1005 1998 afferam,

303 2018 345 2039 ne
367 2011 528 2041 molestus
557 2011 631 2041 sim.
686 2011 753 2041 Sed
782 2012 844 2041 ltoc
871 2016 1004 2041 tantum

303 2058 427 2094 dicam,
444 2061 576 2091 Vinalia
594 2071 706 2091 mense
725 2061 833 2100 Aprili
852 2070 925 2091 esse
942 2062 1005 2089 Ve-

305 2110 406 2148 neris,
434 2111 531 2151 cique
560 2111 674 2141 hortos
705 2110 906 2141 dedicatos:
931 2121 1003 2151 quae

303 2160 487 2191 Veneralia
511 2161 715 2191 Plutarchus
741 2167 865 2192 vocat:
903 2161 1006 2191 Vina-

302 2209 349 2239 lia
374 2219 489 2241 mense
514 2211 636 2241 Sextili
651 2220 723 2241 esse
740 2211 832 2243 Jovi.
877 2212 1005 2241 Tamen

305 2263 487 2300 utrumque
505 2265 625 2291 contra
643 2261 733 2301 apud
752 2262 937 2302 scriptores
955 2271 1005 2292 re-

306 2310 431 2349 peries.
454 2312 522 2341 Jos.
539 2311 623 2341 Scal.

352 2358 495 2400 Vinalia]
536 2361 623 2390 Vide
653 2365 730 2400 post
765 2360 773 2376 ‘
792 2360 942 2391 Roscii:’
972 2365 1007 2391 et

306 2407 315 2422 ‘
334 2408 474 2440 Rustica
497 2410 643 2441 vinalia.'
670 2411 751 2442 Dac.

349 2463 362 2478 ⁰
390 2460 547 2499 Vinciam]
573 2461 663 2501 Lege
683 2461 764 2492 utin
784 2461 868 2492 Mss.
884 2461 1008 2495 viciam,

309 2512 344 2538 et
370 2508 459 2538 infra
475 2511 699 2541 continentiam
716 2521 777 2551 pro
793 2511 1010 2541 continentem.

310 2557 398 2588 Nam
422 2559 499 2590 vicia
516 2564 566 2590 est
588 2561 788 2591 continentia.
836 2561 910 2592 Nisi
928 2561 1011 2591 velit

308 2609 432 2640 Festus
463 2610 540 2641 inde
568 2612 679 2642 viciam
703 2612 805 2642 etiam
832 2613 1011 2651 virginem,

311 2659 364 2688 vel
395 2661 570 2691 mulierem
610 2662 840 2692 continentem
872 2662 1010 2693 dictam,

312 2709 379 2739 Sed
407 2710 452 2740 sic
480 2711 582 2741 etiam
610 2721 674 2742 non
706 2711 917 2743 incommode
942 2712 1009 2742 vin·

1050 1309 1129 1338 ciam
1157 1307 1306 1338 retineas
1327 1316 1345 1337 a
1371 1306 1500 1343 vincire,
1528 1314 1651 1345 nempe
1677 1314 1751 1346 qnae

1050 1360 1093 1390 sit
1119 1359 1232 1390 vincto
1256 1364 1409 1399 pectore,
1436 1362 1473 1389 ut
1495 1356 1567 1388 fere
1591 1357 1667 1387 olim
1686 1356 1752 1386 vir-

1052 1409 1158 1450 gines.
1205 1410 1292 1440 Nam
1312 1408 1409 1439 flocci
1433 1414 1484 1440 est
1502 1407 1592 1449 quod
1610 1408 1655 1438 ait
1670 1408 1754 1438 'Pur—

1052 1460 1172 1498 nebus,
1197 1458 1320 1490 alicubi
1344 1459 1479 1490 vinciam
1495 1459 1620 1489 dictam
1644 1458 1754 1489 conti-

1053 1514 1202 1544 nentem,
1231 1509 1310 1550 qttia
1335 1519 1410 1550 quae
1438 1509 1560 1540 vinctae
1588 1513 1677 1547 sunt,
1704 1512 1753 1538 te-

1054 1560 1181 1591 nuioris
1199 1563 1233 1590 et
1250 1559 1436 1598 gracilioris
1453 1562 1530 1589 sunt
1552 1557 1755 1591 abdominis,

1054 1620 1152 1651 quam
1180 1609 1431 1640 incontinentes
1460 1607 1582 1649 quibus
1611 1616 1757 1648 propen-

1056 1661 1114 1692 det
1131 1661 1353 1701 aqualiculus.
1378 1660 1475 1690 Idem.

1097 1710 1111 1731 ‘¹
1141 1709 1279 1749 Vindex]
1318 1710 1383 1742 Qui
1424 1709 1586 1747 vindicat,
1622 1707 1757 1744 asserit,

1057 1761 1145 1791 unde
1162 1766 1197 1791 et
1215 1766 1365 1791 assertor
1384 1760 1506 1790 dictus.
1531 1759 1627 1790 Idem.

1099 1814 1111 1829 e
1140 1809 1310 1849 Vindiciae]
1343 1809 1464 1839 Lucilii
1505 1818 1619 1838 versus
1647 1808 1754 1837 inver-

1056 1869 1110 1889 sus
1124 1871 1131 1891 ε
1162 1860 1257 1890 Nemo
1274 1859 1322 1889 hic
1338 1859 1503 1897 vindicius,
1525 1867 1647 1895 numen,
1663 1866 1757 1897 neque

1054 1920 1143 1940 sacra
1171 1913 1305 1940 veretur.
1350 1909 1483 1939 Auctor
1510 1908 1675 1939 Glossarii
1702 1916 1758 1938 ac·

1057 1959 1208 1991 cedit-ad
1228 1960 1367 1999 primam
1387 1959 1477 1988 Festi
1502 1957 1759 1998 interpretatio-

1058 2020 1156 2040 ncm:
1185 2009 1384 2048 ‘Vindiciae,
1407 2008 1447 2039 τὰ
1469 2010 1502 2039 ἐν
1525 2007 1759 2048 ἀμφισβητήσει

1055 2059 1249 2100 πράγματα’
1315 2060 1406 2099 Lege
1438 2064 1577 2098 postea:
1616 2060 1661 2088 At
1689 2057 1759 2088 Ser.

1056 2110 1212 2150 Sulpicius
1227 2109 1347 2139 ‘nomine
1362 2110 1455 2139 etiam
1470 2108 1677 2147 singulariter
1686 2107 1759 2144 sor-

1056 2165 1150 2199 mam,
1167 2160 1334 2191 vindiciam
1358 2169 1422 2191 esse
1442 2159 1488 2189 ait
1509 2169 1583 2197 rem,
1599 2167 1659 2197 qna
1675 2159 1711 2188 de
1726 2167 1759 2187 re

1057 2212 1263 2243 controversia
1279 2214 1334 2241 est.
1367 2210 1446 2242 Jam
1464 2209 1556 2240 docti
1574 2208 1633 2237 viri
1650 2208 1759 2247 legem

1060 2264 1109 2292 12.
1133 2261 1382 2291 emendarunt:
1418 2260 1490 2289 tulit
1517 2257 1564 2288 rei
1589 2258 1653 2288 sive
1681 2259 1758 2289 litis.

1058 2311 1133 2344 Jos.
1155 2311 1245 2341 Scal.

1109 2359 1279 2399 Vindiciae]
1302 2360 1389 2399 Lege
1404 2368 1445 2389 ex
1456 2357 1614 2389 Turnebo
1631 2362 1664 2389 et
1679 2357 1760 2388 Ful-

1060 2411 1114 2442 vio
1128 2411 1266 2449 Ursino,
1281 2409 1435 2440 Vimliciae
1449 2409 1644 2449 appellantur
1656 2418 1705 2438 res
1718 2418 1760 2438 eoe

1061 2463 1098 2492 de
1113 2461 1222 2501 quibus
1236 2460 1447 2490 controversia
1468 2463 1522 2490 est.
1568 2458 1636 2489 Aut
1656 2458 1761 2498 patius

1061 2514 1206 2542 dicuntur·
1221 2510 1364 2541 vindic-ica
1388 2510 1471 2540 inter
1493 2519 1543 2539 eos
1562 2509 1614 2548 qui
1636 2511 1758 2538 conten-

1060 2563 1148 2592 dunt.
1183 2560 1366 2590 vindicare
1382 2564 1435 2589 est
1451 2567 1583 2588 manum
1596 2566 1762 2597 asserere,

1063 2611 1218 2650 injicere,
1234 2610 1275 2639 ad
1294 2608 1419 2649 aliquid
1443 2618 1461 2639 e
1486 2613 1657 2648 potestate
1675 2608 1758 2638 alte-

1062 2662 1129 2691 rius
1146 2659 1401 2696 extrahendum,
1418 2659 1469 2689 vel
1483 2659 1638 2689 simulata
1655 2658 1683 2688 vi
1702 2657 1759 2688 ad·

1064 2711 1170 2742 hibita
1202 2716 1237 2741 et
1268 2710 1433 2740 consertis
1465 2718 1540 2739 cnm
1571 2708 1760 2739 adversario
