1876 3025
647 144 1012 179 FRAGMENTUM.
1441 131 1551 173 1167

104 249 296 301 longum,
329 243 538 285 manibrio
568 242 756 291 eburneo,
790 239 984 289 rotundo,
1019 236 1178 287 solido,
1210 236 1360 278 vincto
1391 236 1447 276 ad
1479 249 1553 277 ca-

100 314 248 368 pulum
281 327 382 352 auro
416 317 626 366 argentoq.
654 310 792 350 fixum
821 307 962 348 clavis
992 305 1143 354 aeneis,
1176 317 1260 345 aere
1287 301 1456 359 Cyprio,
1477 317 1554 357 quo

107 380 338 430 Flamines,
378 379 636 421 Flaminicae
681 376 887 429 Virgines,
938 372 1196 427 Pontficesq.
1245 369 1300 410 ad
1345 370 1556 411 sacrificia

105 452 298 491 utuntur.
359 446 514 488 Eadem
541 445 644 486 alias
676 443 841 493 dicitur,
871 456 951 497 qua
981 442 1026 482 in
1048 441 1240 482 sacrario
1260 443 1461 479 utuntur:
1492 452 1556 477 sa-

106 517 243 558 oraria
261 530 397 571 namq.
419 515 462 555 in
483 512 640 567 templis
671 512 864 552 rediculo
881 516 911 535 ¹¹
934 523 1058 551 aeneo
1081 509 1187 549 olim
1209 505 1493 560 sa’piebantur,
1516 504 1557 544 in

106 599 185 640 quo
207 585 326 625 tubae
347 583 512 624 relictae
535 584 650 630 sunt,
670 594 746 633 per
773 593 873 634 quas
900 576 1053 618 manib.
1082 589 1200 617 sacra
1229 579 1405 627 tangere
1425 573 1555 614 licet:

106 659 176 694 est
209 652 279 693 Ιιοε
310 651 354 691 rin
383 649 527 704 templo
550 654 671 688 Βοηιε
694 645 821 687 Deae:
853 647 933 687 sed
959 652 1002 688 et
1032 647 1074 685 in
1107 645 1207 685 aliis
1234 644 1370 685 locis:
1401 646 1446 681 et
1465 648 1559 680 suut

106 720 218 760 velat
240 717 437 773 repagula
458 716 686 771 quaedam:
717 716 781 755 ita
802 715 1037 767 secespita>
1060 713 1258 752 dicuntw·
1279 708 1398 751 duob.
1415 707 1559 747 modis.

112 786 247 828 Secias
270 792 352 836 est,
368 785 485 840 quod
518 782 739 836 secespita
768 784 942 821 secatur
975 779 1116 829 libum,
1149 792 1215 818 seu
1238 776 1444 831 placenta,
1466 787 1559 829 quae

110 855 254 896 soleat
274 852 533 894 necessariis
554 848 766 903 sacrficiis
782 846 980 888 adhiberi.
1041 846 1300 888 Suffimenta
1328 847 1441 892 sunt,
1457 855 1559 895 quae

96 920 314 977 faciebant
335 918 518 974 exfaba,
550 916 710 969 orzilioq.
732 915 901 964 molito,
925 914 1066 954 mulso
1094 927 1268 967 sparso:
1300 926 1345 952 ea
1370 909 1466 949 Diis
1487 908 1563 948 da·

111 990 262 1030 bantur
284 1003 325 1028 eo
346 995 539 1040 tempore,
561 998 645 1038 quo
662 996 761 1024 uvae
783 983 970 1023 calcatae
991 980 1131 1035 praelo.
1196 979 1366 1033 Serpsit,
1388 977 1449 1018 usi
1471 980 1563 1016 sunt

110 1058 277 1110 antiqui
311 1069 391 1109 pro
432 1053 655 1106 serpserit,
689 1049 793 1090 unde
828 1049 1020 1090 videntur
1055 1048 1231 1102 serpulae
1263 1048 1408 1096 dictae,
1450 1056 1564 1098 quas

110 1137 225 1165 nunc
246 1128 452 1176 serpentes
484 1119 652 1160 dicimus
682 1133 728 1160 ex
766 1116 935 1167 Grceco‚
972 1118 1079 1171 quia
1111 1117 1175 1157 iili
1207 1117 1357 1172 ἑρπετὰ,
1388 1126 1467 1154 nos
1482 1126 1564 1165 pro

111 1191 358 1246 aspiratione
388 1203 525 1229 eorum
555 1189 584 1228 S
618 1188 744 1228 litera
777 1187 942 1240 posita,
976 1191 1026 1225 ut
1055 1184 1110 1235 ἓξ,
1141 1199 1222 1234 sex,
1254 1186 1362 1230 ἑπτὰ,
1399 1187 1563 1235 septem.

113 1259 376 1301 Suffibulum
405 1261 471 1297 est
502 1256 811 1296 vestimentum
844 1253 1273 1306 album,praetextum,
1296 1251 1564 1305 quadrangu—

110 1328 218 1376 lum,
239 1327 489 1376 oblongum,
511 1324 630 1376 quod
652 1324 695 1363 in
719 1321 856 1376 capite
885 1319 1070 1375 Virgines
1104 1318 1288 1359 Vestales
1311 1331 1409 1358 cum
1432 1317 1566 1356 sacri-

111 1396 247 1436 ficant
287 1405 461 1446 semper
502 1389 647 1430 hahere
686 1388 829 1438 solent,
867 1388 958 1442 idq.
992 1387 1129 1428 fibula
1169 1384 1564 1438 comprehenditur.

118 1461 291 1502 Silentio
311 1473 472 1514 surgere
499 1458 558 1498 ait
581 1458 683 1507 dici,
705 1457 781 1498 ubi
813 1457 885 1510 qui
909 1459 1011 1509 post
1037 1455 1230 1495 mediam
1252 1458 1407 1491 noctem
1428 1450 1567 1503 auspi-

114 1530 244 1572 candi
266 1541 404 1570 causa
426 1541 481 1567 ex
502 1526 667 1567 lectulo
690 1538 771 1564 suo
805 1522 967 1564 silentio
999 1522 1199 1570 surrexit,
1233 1525 1277 1560 et
1305 1519 1519 1559 liberatus
1542 1531 1569 1558 a

113 1598 244 1646 lecto,
265 1598 308 1636 in
330 1595 472 1635 solido
494 1607 532 1633 se
545 1592 696 1646 posuit,
716 1592 876 1643 sedetq.
902 1603 956 1630 ne
975 1589 1080 1642 quid
1099 1601 1151 1628 eo
1171 1593 1370 1640 tempore
1391 1585 1567 1633 deiciat,

116 1678 296 1718 rursusq.
322 1663 434 1703 sein
461 1662 629 1701 lectum
657 1660 875 1713 reposuit:
906 1658 991 1698 hoc
1019 1657 1134 1697 enim
1165 1659 1231 1695 est
1258 1652 1422 1708 proprie
1444 1652 1569 1693 silen-

116 1734 239 1781 tium,
254 1730 396 1770 omnis
418 1729 512 1769 vitii
530 1728 575 1767 in
598 1727 813 1779 auspiciis
833 1724 953 1777 [156]
973 1724 1184 1764 vacuitas.
1244 1722 1466 1763 Veranius
1489 1719 1568 1767 ait,

116 1812 203 1840 non
224 1799 334 1851 utiq.
366 1809 423 1837 ex
454 1796 590 1845 lecto,
613 1794 691 1834 sed
714 1806 772 1833 ex
793 1792 940 1839 cubili,
961 1803 1014 1831 ne
1032 1795 1065 1813 ¹²
1087 1803 1236 1830 rursus
1269 1802 1317 1828 se
1339 1789 1381 1828 in
1402 1788 1568 1827 lectum

115 1878 328 1920 reponere
359 1875 537 1904 necesse
568 1874 679 1902 esse.
740 1858 1000 1911 Sarpiuntur
1034 1858 1190 1906 vineae,
1220 1855 1268 1896 id
1299 1858 1380 1903 est,
1413 1858 1570 1907 putan-

119 1940 211 1975 tur:
242 1937 290 1973 ut
326 1933 370 1972 in
409 1941 501 1970 xil.
563 1926 798 1980 Quandoq.
840 1929 1003 1978 sarpta,
1044 1924 1185 1964 donec
1221 1923 1398 1975 dempta
1431 1924 1570 1960 erunt,

119 1999 435 2047 Summanalia‚
455 1998 545 2037 liba
564 1996 784 2036 farinacea
811 1993 857 2033 in
879 1992 1054 2033 modum
1079 1997 1188 2031 rotae
1212 1990 1406 2030 finctae.¹³
1469 1987 1575 2028 Suf-

119 2069 280 2117 fuerat,
315 2068 396 2108 sub
429 2065 584 2106 eodem
621 2066 738 2104 tecto
773 2061 933 2101 fuerat.
992 2060 1214 2100 Scribtum
1243 2057 1433 2111 lapidem
1471 2067 1572 2095 esse

122 2137 196 2184 ait,
227 2140 269 2175 et
298 2135 361 2175 ita
390 2132 542 2174 vocari
564 2130 786 2171 Antistius
816 2127 967 2168 Labeo
998 2128 1042 2168 in
1073 2139 1174 2178 agro
1206 2123 1457 2164 Menullino
1494 2135 1519 2162 A
1540 2126 1574 2149 ¹4

122 2203 315 2244 divinam
334 2214 423 2241 rem
452 2200 666 2240 faceret-¹⁵
727 2196 784 2237 Se
817 2208 994 2249 quamq.
1026 2205 1224 2235 seorsum
1252 2203 1428 2246 quamq.
1489 2188 1570 2230 Sa=

728 2336 963 2350 eeeeeeeeeeee

118 2485 143 2523 f
168 2444 204 2472 11
231 2439 254 2471 f.
277 2439 503 2470 reticula-*12
526 2436 551 2468 f.
573 2438 723 2468 nea—13
748 2434 869 2476 fificta
885 2433 1143 2471 velsacta.-—1-1
1168 2428 1192 2460 f.
1218 2439 1238 2460 Λ
1253 2425 1526 2458 ubiscriboe.-15
1553 2424 1576 2454 f„

141 2487 273 2516 acerem.

777 2560 917 2593 NOTAE

127 2641 216 2674 ensis
238 2641 337 2681 culpa
352 2640 507 2680 irrepsit:
531 2648 589 2670 nos
605 2643 697 2670 certe
713 2638 824 2668 locum
878 2634 1221 2673 obrutum‚quantum
1234 2627 1456 2672 potuiniuS,in
1469 2627 1578 2658 lucem

129 2692 314 2725 reconditae
331 2690 540 2732 antiquitatis
563 2699 661 2730 paene
677 2687 825 2720 tenebris
880 2684 1130 2716 revocavimus.
