1876 3025
255 154 341 195 952

700 165 852 197 SEXTI
888 166 1094 197 POMPEII
1129 167 1266 198 FESTI

255 258 595 300 Talassionemq
615 260 658 301 in
690 260 859 315 nuptiis
899 261 1043 303 Varro
1079 262 1140 304 ait
1173 263 1344 316 signum
1380 277 1480 305 esse
1510 264 1708 306 lanificii.

313 325 623 368 Talassionem
661 329 775 369 enim
813 329 1031 370 vocabant
1064 331 1318 384 quasillum,
1349 333 1424 386 qui
1457 332 1546 373 alio
1579 334 1708 374 modo

313 394 564 447 appellatur
586 396 803 446 calathus,
828 410 907 438 vas
927 398 1080 451 utique
1096 398 1300 440 lanificiis
1315 405 1330 430 7
1353 403 1518 453 aptum.

266 459 556 503 Talassionem
580 463 621 503 in
639 465 803 517 nuptiis
818 464 962 507 Varro
982 466 1045 507 ait
1064 465 1222 521 signam
1240 481 1317 508 esse
1335 467 1525 518 lanificii,
1547 467 1711 521 [FEST.

314 529 491 584 τάλαρον,
511 530 557 571 id
580 536 666 582 est,
687 533 939 586 quasillum,
961 533 1020 574 ita
1056 534 1160 575 enim
1191 536 1361 578 solitum
1395 536 1612 590 appellari
1646 541 1712 579 ta-

317 598 568 639 lassionem.
628 599 689 641 At
723 600 888 655 quidam
918 602 1203 644 historiarum
1239 605 1428 659 scriptor
1457 604 1709 646 'talassium

317 664 377 704 ait
398 665 555 707 nomine
576 666 716 708 virum
737 675 865 723 rapta
877 669 1042 723 virgine
1063 671 1206 713 unicae
1228 671 1574 726 pulchritudinis,
1594 672 1714 726 quod

325 733 367 773 ei
383 733 428 774 id
446 734 700 789 conjugium
721 737 847 779 suerit
865 737 984 789 felix,
1016 737 1110 779 bom·
1131 741 1292 782 ominis
1324 741 1464 794 gratia
1484 753 1599 782 nunc
1618 740 1715 781 red-

323 801 546 854 integrari.

262 868 579 912 Talentorumr
608 885 697 913 non
730 887 865 914 unum
897 888 1049 928 genus.
1107 876 1305 918 Atticum
1340 882 1409 918 est
1430 890 1512 918 sex
1531 877 1715 917 millium

321 937 560 979 denarium.
621 940 848 982 Rhodium
867 942 940 982 et8
974 944 1286 998 cistophorum,
1314 949 1501 1000 quatuor
1534 945 1716 986 millium

872 1053 989 1064 eeeeee

993 1054 1110 1065 eeeeee

303 1136 321 1164 7
346 1134 424 1165 Vet.
445 1135 504 1166 lib.
531 1136 777 1179 somvicum—S
800 1138 862 1170 Vir
885 1139 977 1172 doct.
1002 1140 1034 1171 in
1061 1151 1165 1182 marg.
1183 1141 1237 1173 ed.
1254 1142 1345 1173 Scal.
1370 1152 1431 1183 pro
1447 1144 1472 1181 ἃ
1488 1140 1628 1181 conjicit
1651 1150 1717 1181 sep—

262 1180 319 1206 tem
339 1178 481 1209 millium.

925 1260 1065 1292 NOTAE

305 1333 319 1352 ‘1
356 1328 581 1370 Talassionem]
617 1331 731 1363 Multa
761 1333 822 1365 bac
855 1334 897 1366 de
929 1345 965 1366 re

266 1378 406 1419 Dionys
424 1379 497 1410 Liv.
511 1386 546 1411 et
563 1381 699 1414 Plutar.
715 1393 756 1414 ex
773 1385 895 1426 quibus
916 1385 967 1417 fa-

264 1431 329 1461 cile
344 1431 560 1471 intelligitur,
578 1434 667 1474 quod
685 1435 869 1476 Pompeius
886 1437 968 1468 scri·

268 1482 336 1520 bit3
376 1482 437 1512 sub
473 1483 616 1515 Romulo
644 1485 802 1517 Sabinam
836 1493 967 1529 raptam

265 1531 372 1563 fuisse
396 1533 560 1573 virginem
579 1536 687 1567 unicae
705 1538 969 1576 pulchritudinis

266 1594 285 1614 a
300 1584 510 1624 Talassione,
529 1590 564 1616 et
578 1586 668 1626 quod
683 1588 713 1618 ei
728 1588 760 1618 id
775 1589 969 1630 conjugium

265 1634 372 1665 fuerit
401 1635 495 1672 felix,
522 1637 555 1667 in
580 1639 708 1678 nuptiis
726 1641 845 1671 ominis
862 1641 972 1681 gratia

268 1685 509 1727 redintegrari,
538 1687 571 1718 id
601 1694 666 1729 est,
689 1690 875 1722 identidem
892 1691 973 1732 dici,

268 1745 306 1766 ac
325 1736 435 1777 repeti
453 1737 484 1767 id
504 1747 636 1770 nomen.
680 1741 767 1772 Sunt
780 1742 835 1782 qui
861 1743 973 1774 Thala·

268 1787 383 1817 sionem
405 1788 594 1827 appellent,
622 1796 699 1821 sunt
713 1792 770 1833 qui
790 1793 973 1834 Talassium,

275 1838 326 1868 vel
346 1839 553 1870 Thalassium.
578 1840 661 1873 Ant.
679 1841 768 1884 Aug.

316 1889 540 1932 Talassionem]
566 1891 801 1924 Talassionem
832 1894 865 1925 in
890 1904 973 1935 nup·

271 1940 326 1970 tiis
338 1940 448 1973 Varro
462 1942 509 1973 ait
524 1943 655 1983 signum
667 1953 739 1974 esse
751 1944 905 1977 lanificii:
919 1943 974 1975 τά-

271 1997 366 2030 λαρον
378 1992 481 2031 enim,
498 1993 530 2024 id
547 1999 612 2035 est,
630 1996 825 2035 quasillum,
840 1996 976 2027 solitum

273 2043 440 2081 appellari
453 2043 702 2077 Talassionem.
731 2045 856 2077 Atilius
874 2046 977 2077 histo·

272 2094 395 2123 riarum
408 2094 564 2134 scriptor,
576 2095 761 2127 Talassium
780 2097 917 2128 nomine
931 2097 978 2128 vi-

273 2152 358 2182 rum,
383 2149 480 2184 rapta
504 2145 634 2185 vii-gine
653 2146 761 2177 unicae
789 2147 978 2187 pulchritu-

274 2193 375 2231 dinis,
411 2194 499 2235 quod
524 2197 553 2225 ei
584 2195 618 2226 id
652 2196 845 2237 eonjugium
875 2196 980 2228 fuerit

274 2242 373 2282 felix,
391 2244 510 2275 ominis
524 2246 637 2286 gratia
653 2256 740 2278 nunc
761 2247 975 2289 redintegra-

278 2294 316 2323 ri.
341 2295 410 2325 Jos.
426 2294 510 2334 Scal,

321 2345 544 2386 Talassionem]
568 2347 616 2377 Ut
640 2347 755 2379 Graeci
775 2348 981 2390 Hymenoeum

278 2396 313 2426 in
340 2397 467 2436 nuptiis
490 2398 644 2428 accinere
662 2399 831 2435 solebant,
848 2400 895 2431 sic
913 2401 980 2432 Ro-

278 2447 367 2477 mani
400 2447 586 2488 Talassiam,
611 2450 664 2479 vel
695 2450 918 2491 Talassionem,
936 2452 978 2483 de

279 2506 345 2537 quo
373 2497 449 2528 vide
476 2499 650 2530 Plutarch.
676 2500 709 2531 in
735 2501 864 2534 Quaest.
883 2502 981 2534 Rom.

280 2547 447 2586 problem.
473 2550 525 2580 31.
579 2550 807 2582 Historiarum
838 2553 980 2593 scripto·

281 2597 340 2636 ris,
358 2608 456 2638 quem
475 2599 594 2630 laudat
619 2601 751 2637 Festus,
775 2605 980 2636 sententiam

285 2655 424 2679 secutus
441 2654 492 2680 est
511 2650 624 2681 Livius
642 2651 699 2683 lib.
715 2662 738 2683 1.
769 2653 824 2685 ubi
840 2654 882 2685 de
904 2665 980 2696 rap·

284 2704 319 2730 tu
343 2699 542 2731 Sabinarum
567 2701 747 2741 virginum,
772 2709 806 2734 ct
841 2705 978 2737 Servius

1023 1336 1082 1368 lib.
1101 1346 1124 1367 1.
1142 1337 1274 1368 AEneid.
1300 1338 1384 1368 Dae.

1062 1393 1073 1408 r
1097 1387 1312 1427 Talentorum]
1342 1387 1529 1419 Meudosus
1555 1387 1661 1423 locus,
1685 1391 1721 1418 et

1022 1438 1078 1479 qui
1096 1448 1161 1469 non
1179 1439 1308 1478 patitur
1324 1439 1607 1470 emendationem.
1645 1438 1721 1470 Hoc

1021 1498 1123 1518 unum
1153 1494 1247 1519 recte
1278 1494 1357 1519 est:
1403 1488 1625 1519 Talentm-uin
1656 1498 1722 1519 non

1023 1548 1123 1569 unum
1152 1549 1227 1570 esse
1253 1549 1370 1579 genus,
1397 1544 1433 1569 et
1461 1538 1615 1569 Atticum
1647 1548 1723 1570 esse

1024 1598 1083 1619 sex
1097 1590 1235 1620 millium
1250 1590 1437 1621 denarium.
1475 1590 1602 1620 Cetera
1613 1588 1722 1620 incer-

1025 1644 1061 1670 ta
1076 1644 1163 1670 sunt.
1187 1640 1278 1671 Plin.
1305 1640 1491 1671 lib.xxxv.
1513 1649 1544 1671 c.
1562 1642 1614 1671 ll.
1640 1640 1723 1671 ‘'ra-

1025 1692 1155 1722 lentum
1174 1691 1327 1722 Atticum
1344 1691 1558 1722 denariorum
1575 1700 1633 1722 sex
1651 1691 1724 1722 mil-

1026 1740 1115 1772 libus
1132 1745 1226 1773 taxat
1249 1742 1298 1773 M.
1315 1740 1454 1782 Varr03’
1477 1741 1526 1772 ita
1542 1741 1631 1772 enim
1646 1741 1726 1773 scri·

1027 1791 1175 1823 bendum
1197 1796 1263 1823 est.
1310 1793 1433 1823 Pollux
1451 1792 1509 1823 lib.
1530 1801 1581 1823 tx.
1604 1792 1724 1823 Talen-

1028 1847 1097 1873 tum
1116 1842 1267 1873 Atticum
1285 1852 1342 1873 sex
1369 1843 1508 1873 millium
1534 1842 1726 1874 drachmar.

1028 1894 1236 1933 Atticarum,
1254 1894 1497 1934 Babylonicum
1512 1899 1644 1935 septem
1656 1894 1727 1925 mil-

1029 1944 1122 1979 lium,
1139 1944 1326 1984 AEginaeum
1345 1945 1462 1975 decem
1490 1944 1645 1982 millium,
1667 1945 1728 1984 Sy-

1030 1995 1115 2025 rium
1145 1995 1236 2025 mille
1262 2000 1296 2025 et
1327 1995 1587 2035 quingentarum
1609 1994 1728 2025 drach-

1030 2053 1171 2082 marum,
1187 2045 1268 2075 item
1282 2044 1488 2074 Atticarum.
1533 2045 1584 2075 De
1599 2045 1728 2075 talento

1030 2094 1148 2125 Attico
1183 2094 1270 2126 idem
1298 2094 1431 2126 elicitur
1469 2104 1510 2125 cx
1546 2095 1642 2125 Livio
1669 2095 1729 2126 lib.

1032 2153 1164 2175 xxxrv.
1211 2145 1337 2177 Athen.
1367 2145 1425 2176 lib.
1456 2155 1505 2177 iv.
1535 2156 1612 2186 cap.
1638 2150 1670 2178 6.
1693 2152 1729 2178 et

1031 2195 1118 2226 aliis.
1163 2195 1230 2226 Sed
1243 2195 1490 2236 Babylonicum
1505 2206 1579 2228 esse
1593 2202 1729 2237 septua-

1031 2245 1125 2284 ginta
1155 2245 1296 2276 duarum
1335 2246 1499 2278 minarum
1533 2246 1729 2279 Atticarum

1031 2297 1148 2328 scribit
1165 2298 1312 2328 AEtianns
1329 2297 1385 2329 lib.
1404 2307 1428 2329 1.
1445 2308 1519 2338 cap.
1535 2301 1588 2330 22.
1614 2298 1657 2330 de
1674 2309 1728 2330 va-

1033 2348 1082 2378 ria
1110 2348 1187 2378 hist.
1214 2348 1247 2378 id
1275 2352 1339 2386 est,
1366 2352 1496 2388 septem
1523 2349 1662 2379 millium
1694 2355 1731 2380 et

1033 2400 1252 2431 ducentarum
1268 2400 1515 2432 drachmarum.
1542 2401 1628 2433 Vide
1644 2407 1651 2419 ‘
1663 2402 1730 2433 Eu-

1034 2450 1190 2482 hoie-un!
1212 2452 1290 2483 Ant.
1308 2452 1395 2491 Aug.

1080 2502 1277 2533 Talenlorum
1293 2513 1353 2533 non
1367 2513 1460 2533 unum
1474 2503 1589 2543 genus]
1614 2502 1732 2533 Multi-

1035 2554 1113 2594 plex
1129 2554 1294 2584 talentum
1310 2553 1412 2584 fuisse
1430 2564 1542 2584 verum
1555 2559 1618 2585 est.
1645 2554 1731 2585 Vide

1036 2604 1200 2635 Budaeum
1227 2605 1259 2634 in
1278 2604 1334 2635 lib.
1352 2604 1394 2634 de
1411 2614 1497 2634 asse.
1544 2604 1595 2634 De
1615 2603 1731 2636 Attico

1033 2655 1174 2686 Talento
1193 2654 1269 2685 vide
1294 2655 1303 2671 ‘
1318 2653 1529 2687 Euboicum*
1555 2655 1638 2685 Duc.
