<?xml version="1.0" encoding="UTF-8"?>
<!DOCTYPE html PUBLIC "-//W3C//DTD XHTML 1.0 Transitional//EN"
    "http://www.w3.org/TR/xhtml1/DTD/xhtml1-transitional.dtd">
<html xmlns="http://www.w3.org/1999/xhtml" xml:lang="en" lang="en">
 <head>
  <title>
</title>
<meta http-equiv="Content-Type" content="text/html;charset=utf-8" />
  <meta name='ocr-system' content='tesseract 3.04.00' />
  <meta name='ocr-capabilities' content='ocr_page ocr_carea ocr_par ocr_line ocrx_word'/>
</head>
<body>
  <div class='ocr_page' id='page_1' title='image "./mverriiflacciqua02verruoft/mverriiflacciqua02verruoft_0332.png"; bbox 0 0 1876 3025; ppageno 0'>
   <div class='ocr_carea' id='block_1_1' title="bbox 261 152 347 194">
    <p class='ocr_par' dir='ltr' id='par_1_1' title="bbox 261 152 347 194">
     <span class='ocr_line' id='line_1_1' title="bbox 261 152 347 194; baseline 0 -1"><span class='ocrx_word' id='word_1_1' title='bbox 261 152 347 194; x_wconf 78' lang='lat'>960</span> 
     </span>
    </p>
   </div>
   <div class='ocr_carea' id='block_1_2' title="bbox 708 162 1278 201">
    <p class='ocr_par' dir='ltr' id='par_1_2' title="bbox 708 162 1278 201">
     <span class='ocr_line' id='line_1_2' title="bbox 708 162 1278 201; baseline 0.002 -9"><span class='ocrx_word' id='word_1_2' title='bbox 708 162 855 193; x_wconf 72' lang='lat' dir='ltr'><strong>SEXT!</strong></span> <span class='ocrx_word' id='word_1_3' title='bbox 898 162 991 191; x_wconf 77' lang='lat' dir='ltr'>POM</span> <span class='ocrx_word' id='word_1_4' title='bbox 1003 162 1101 192; x_wconf 77' lang='lat' dir='ltr'>PEII</span> <span class='ocrx_word' id='word_1_5' title='bbox 1140 163 1278 201; x_wconf 72' lang='lat' dir='ltr'>FESTJ</span> 
     </span>
    </p>
   </div>
   <div class='ocr_carea' id='block_1_3' title="bbox 314 258 1714 314">
    <p class='ocr_par' dir='ltr' id='par_1_3' title="bbox 314 258 1714 314">
     <span class='ocr_line' id='line_1_3' title="bbox 314 258 1714 314; baseline 0.001 -14"><span class='ocrx_word' id='word_1_6' title='bbox 314 260 469 300; x_wconf 88' lang='lat' dir='ltr'>borum</span> <span class='ocrx_word' id='word_1_7' title='bbox 499 273 581 300; x_wconf 91' lang='lat' dir='ltr'>non</span> <span class='ocrx_word' id='word_1_8' title='bbox 610 259 752 312; x_wconf 82' lang='lat' dir='ltr'>magis</span> <span class='ocrx_word' id='word_1_9' title='bbox 773 258 977 311; x_wconf 82' lang='lat' dir='ltr'>pertinet,</span> <span class='ocrx_word' id='word_1_10' title='bbox 998 271 1133 312; x_wconf 83' lang='lat' dir='ltr'>quam</span> <span class='ocrx_word' id='word_1_11' title='bbox 1163 258 1300 300; x_wconf 80' lang='lat' dir='ltr'>multa</span> <span class='ocrx_word' id='word_1_12' title='bbox 1338 259 1458 300; x_wconf 79' lang='lat' dir='ltr'>alia.z</span> <span class='ocrx_word' id='word_1_13' title='bbox 1480 261 1714 314; x_wconf 84' lang='lat' dir='ltr'>praeterita,</span> 
     </span>
    </p>
   </div>
   <div class='ocr_carea' id='block_1_4' title="bbox 315 325 917 380">
    <p class='ocr_par' dir='ltr' id='par_1_4' title="bbox 315 325 917 380">
     <span class='ocr_line' id='line_1_4' title="bbox 315 325 917 380; baseline -0.005 -13"><span class='ocrx_word' id='word_1_14' title='bbox 315 326 522 380; x_wconf 85' lang='lat' dir='ltr'>deinceps</span> <span class='ocrx_word' id='word_1_15' title='bbox 540 339 640 380; x_wconf 84' lang='lat' dir='ltr'>quae</span> <span class='ocrx_word' id='word_1_16' title='bbox 669 325 917 366; x_wconf 83' lang='lat' dir='ltr'>referantur.</span> 
     </span>
    </p>
   </div>
   <div class='ocr_carea' id='block_1_5' title="bbox 258 393 1718 585">
    <p class='ocr_par' dir='ltr' id='par_1_5' title="bbox 258 393 1718 585">
     <span class='ocr_line' id='line_1_5' title="bbox 258 393 1718 448; baseline 0.001 -12"><span class='ocrx_word' id='word_1_17' title='bbox 258 395 464 436; x_wconf 75' lang='lat' dir='ltr'>Tauras⁸</span> <span class='ocrx_word' id='word_1_18' title='bbox 486 408 650 435; x_wconf 85' lang='lat' dir='ltr'>vaccas</span> <span class='ocrx_word' id='word_1_19' title='bbox 687 393 858 434; x_wconf 81' lang='lat' dir='ltr'>steriles</span> <span class='ocrx_word' id='word_1_20' title='bbox 878 393 969 434; x_wconf 88' lang='lat' dir='ltr'>dici</span> <span class='ocrx_word' id='word_1_21' title='bbox 998 394 1317 435; x_wconf 81' lang='lat' dir='ltr'>existimabant</span> <span class='ocrx_word' id='word_1_22' title='bbox 1347 394 1429 435; x_wconf 83' lang='lat' dir='ltr'>hac</span> <span class='ocrx_word' id='word_1_23' title='bbox 1451 394 1506 435; x_wconf 89' lang='lat' dir='ltr'>de</span> <span class='ocrx_word' id='word_1_24' title='bbox 1537 395 1718 448; x_wconf 80' lang='lat' dir='ltr'>[PAUL.</span> 
     </span>
     <span class='ocr_line' id='line_1_6' title="bbox 315 462 1414 516; baseline -0.001 -13"><span class='ocrx_word' id='word_1_25' title='bbox 315 475 466 512; x_wconf 82' lang='lat' dir='ltr'>causa,</span> <span class='ocrx_word' id='word_1_26' title='bbox 490 462 612 516; x_wconf 87' lang='lat' dir='ltr'>quod</span> <span class='ocrx_word' id='word_1_27' title='bbox 635 475 721 502; x_wconf 91' lang='lat' dir='ltr'>non</span> <span class='ocrx_word' id='word_1_28' title='bbox 744 463 901 515; x_wconf 82' lang='lat' dir='ltr'>magis,</span> <span class='ocrx_word' id='word_1_29' title='bbox 925 475 1058 515; x_wconf 87' lang='lat' dir='ltr'>quam</span> <span class='ocrx_word' id='word_1_30' title='bbox 1078 463 1204 512; x_wconf 84' lang='lat' dir='ltr'>tauri,</span> <span class='ocrx_word' id='word_1_31' title='bbox 1228 462 1414 515; x_wconf 85' lang='lat' dir='ltr'>pariant.</span> 
     </span>
     <span class='ocr_line' id='line_1_7' title="bbox 258 527 1718 585; baseline 0 -15"><span class='ocrx_word' id='word_1_32' title='bbox 258 530 429 571; x_wconf 75' lang='lat' dir='ltr'>Tauras</span> <span class='ocrx_word' id='word_1_33' title='bbox 444 529 460 552; x_wconf 70' lang='lat' dir='ltr'>b</span> <span class='ocrx_word' id='word_1_34' title='bbox 483 543 644 571; x_wconf 84' lang='lat' dir='ltr'>vaccas</span> <span class='ocrx_word' id='word_1_35' title='bbox 667 529 838 570; x_wconf 85' lang='lat' dir='ltr'>steriles</span> <span class='ocrx_word' id='word_1_36' title='bbox 854 528 1140 583; x_wconf 74' lang='lat' dir='ltr'>appellabant,</span> <span class='ocrx_word' id='word_1_37' title='bbox 1155 529 1215 570; x_wconf 74' lang='lat' dir='ltr'>ait</span> <span class='ocrx_word' id='word_1_38' title='bbox 1237 527 1419 580; x_wconf 77' lang='lat' dir='ltr'>Verrius,</span> <span class='ocrx_word' id='word_1_39' title='bbox 1437 544 1536 584; x_wconf 80' lang='lat' dir='ltr'>quae</span> <span class='ocrx_word' id='word_1_40' title='bbox 1553 530 1718 585; x_wconf 82' lang='lat' dir='ltr'>[FEST.</span> 
     </span>
    </p>
   </div>
   <div class='ocr_carea' id='block_1_6' title="bbox 317 597 1133 652">
    <p class='ocr_par' dir='ltr' id='par_1_6' title="bbox 317 597 1133 652">
     <span class='ocr_line' id='line_1_8' title="bbox 317 597 1133 652; baseline -0.001 -13"><span class='ocrx_word' id='word_1_41' title='bbox 317 612 402 639; x_wconf 92' lang='lat' dir='ltr'>non</span> <span class='ocrx_word' id='word_1_42' title='bbox 424 599 562 651; x_wconf 80' lang='lat' dir='ltr'>magis</span> <span class='ocrx_word' id='word_1_43' title='bbox 593 598 766 651; x_wconf 84' lang='lat' dir='ltr'>pariant</span> <span class='ocrx_word' id='word_1_44' title='bbox 783 602 815 626; x_wconf 82' lang='lat'>¹⁵</span> <span class='ocrx_word' id='word_1_45' title='bbox 847 611 970 652; x_wconf 75' lang='lat' dir='ltr'>quam</span> <span class='ocrx_word' id='word_1_46' title='bbox 992 597 1133 638; x_wconf 80' lang='lat' dir='ltr'>tauri:</span> 
     </span>
    </p>
   </div>
   <div class='ocr_carea' id='block_1_7' title="bbox 1168 597 1717 640">
    <p class='ocr_par' dir='ltr' id='par_1_7' title="bbox 1168 597 1717 640">
     <span class='ocr_line' id='line_1_9' title="bbox 1168 597 1717 640; baseline 0.004 -2"><span class='ocrx_word' id='word_1_47' title='bbox 1168 597 1239 638; x_wconf 80' lang='lat' dir='ltr'>sed</span> <span class='ocrx_word' id='word_1_48' title='bbox 1254 610 1349 638; x_wconf 85' lang='lat' dir='ltr'>vero</span> <span class='ocrx_word' id='word_1_49' title='bbox 1371 598 1559 639; x_wconf 89' lang='lat' dir='ltr'>similius</span> <span class='ocrx_word' id='word_1_50' title='bbox 1582 600 1642 640; x_wconf 88' lang='lat' dir='ltr'>sit</span> <span class='ocrx_word' id='word_1_51' title='bbox 1661 612 1717 639; x_wconf 88' lang='lat' dir='ltr'>ex</span> 
     </span>
    </p>
   </div>
   <div class='ocr_carea' id='block_1_8' title="bbox 258 664 1719 790">
    <p class='ocr_par' dir='ltr' id='par_1_8' title="bbox 258 664 1701 790">
     <span class='ocr_line' id='line_1_10' title="bbox 316 664 1522 720; baseline 0 -13"><span class='ocrx_word' id='word_1_52' title='bbox 316 665 478 708; x_wconf 76' lang='lat' dir='ltr'>Graeco</span> <span class='ocrx_word' id='word_1_53' title='bbox 502 665 656 715; x_wconf 77' lang='lat' dir='ltr'>dictas,</span> <span class='ocrx_word' id='word_1_54' title='bbox 679 664 776 719; x_wconf 82' lang='lat' dir='ltr'>quia</span> <span class='ocrx_word' id='word_1_55' title='bbox 802 664 940 705; x_wconf 78' lang='lat' dir='ltr'>G1aeci</span> <span class='ocrx_word' id='word_1_56' title='bbox 961 679 1103 706; x_wconf 78' lang='lat' dir='ltr'>vaccas</span> <span class='ocrx_word' id='word_1_57' title='bbox 1124 665 1263 720; x_wconf 60' lang='grc' dir='ltr'><em>ταύροις</em></span> <span class='ocrx_word' id='word_1_58' title='bbox 1282 666 1522 719; x_wconf 83' lang='lat' dir='ltr'>appellant.</span> 
     </span>
     <span class='ocr_line' id='line_1_11' title="bbox 258 733 1719 790; baseline 0.001 -16"><span class='ocrx_word' id='word_1_59' title='bbox 258 733 393 774; x_wconf 83' lang='lat' dir='ltr'>Tauri</span> <span class='ocrx_word' id='word_1_60' title='bbox 416 734 721 788; x_wconf 85' lang='lat' dir='ltr'>Verbenaeque</span> <span class='ocrx_word' id='word_1_61' title='bbox 736 740 749 756; x_wconf 76' lang='lat'><strong>⁶</strong></span> <span class='ocrx_word' id='word_1_62' title='bbox 772 733 815 773; x_wconf 92' lang='lat' dir='ltr'>in</span> <span class='ocrx_word' id='word_1_63' title='bbox 837 735 1150 775; x_wconf 85' lang='lat' dir='ltr'>commentario</span> <span class='ocrx_word' id='word_1_64' title='bbox 1174 746 1395 775; x_wconf 85' lang='lat' dir='ltr'>sacrorum</span> <span class='ocrx_word' id='word_1_65' title='bbox 1427 735 1514 788; x_wconf 84' lang='lat' dir='ltr'>sig·</span> <span class='ocrx_word' id='word_1_66' title='bbox 1536 735 1719 790; x_wconf 70' lang='lat' dir='ltr'>[PAUL.</span> 
     </span>
    </p>
   </div>
   <div class='ocr_carea' id='block_1_9' title="bbox 315 801 850 843">
    <p class='ocr_par' dir='ltr' id='par_1_9' title="bbox 315 801 850 843">
     <span class='ocr_line' id='line_1_12' title="bbox 315 801 850 843; baseline -0.002 -1"><span class='ocrx_word' id='word_1_67' title='bbox 315 801 464 842; x_wconf 81' lang='lat' dir='ltr'>nificat</span> <span class='ocrx_word' id='word_1_68' title='bbox 484 802 590 842; x_wconf 84' lang='lat' dir='ltr'>ficta</span> <span class='ocrx_word' id='word_1_69' title='bbox 611 802 850 843; x_wconf 56' lang='lat' dir='ltr'>farinacea.</span> 
     </span>
    </p>
   </div>
   <div class='ocr_carea' id='block_1_10' title="bbox 259 868 1718 924">
    <p class='ocr_par' dir='ltr' id='par_1_10' title="bbox 259 868 1718 924">
     <span class='ocr_line' id='line_1_13' title="bbox 259 868 1718 924; baseline 0.001 -15"><span class='ocrx_word' id='word_1_70' title='bbox 259 868 415 910; x_wconf 85' lang='lat' dir='ltr'>Taurii</span> <span class='ocrx_word' id='word_1_71' title='bbox 437 870 777 924; x_wconf 79' lang='lat' dir='ltr'>appellabantur</span> <span class='ocrx_word' id='word_1_72' title='bbox 807 869 903 910; x_wconf 89' lang='lat' dir='ltr'>ludi</span> <span class='ocrx_word' id='word_1_73' title='bbox 936 870 982 910; x_wconf 87' lang='lat' dir='ltr'>in</span> <span class='ocrx_word' id='word_1_74' title='bbox 1012 869 1218 910; x_wconf 87' lang='lat' dir='ltr'>honorem</span> <span class='ocrx_word' id='word_1_75' title='bbox 1256 869 1452 911; x_wconf 89' lang='lat' dir='ltr'>Deorum</span> <span class='ocrx_word' id='word_1_76' title='bbox 1482 870 1718 911; x_wconf 82' lang='lat' dir='ltr'>inferorum</span> 
     </span>
    </p>
   </div>
   <div class='ocr_carea' id='block_1_11' title="bbox 314 937 437 978">
    <p class='ocr_par' dir='ltr' id='par_1_11' title="bbox 314 937 437 978">
     <span class='ocr_line' id='line_1_14' title="bbox 314 937 437 978; baseline 0 -2"><span class='ocrx_word' id='word_1_77' title='bbox 314 937 437 978; x_wconf 86' lang='lat' dir='ltr'>faeti.</span> 
     </span>
    </p>
   </div>
   <div class='ocr_carea' id='block_1_12' title="bbox 498 938 1423 980">
    <p class='ocr_par' dir='ltr' id='par_1_12' title="bbox 498 938 1423 980">
     <span class='ocr_line' id='line_1_15' title="bbox 498 938 1423 980; baseline 0 -2"><span class='ocrx_word' id='word_1_78' title='bbox 498 938 695 979; x_wconf 83' lang='lat' dir='ltr'>Instituti</span> <span class='ocrx_word' id='word_1_79' title='bbox 727 943 876 978; x_wconf 87' lang='lat' dir='ltr'>autem</span> <span class='ocrx_word' id='word_1_80' title='bbox 907 938 1109 979; x_wconf 88' lang='lat' dir='ltr'>videntur</span> <span class='ocrx_word' id='word_1_81' title='bbox 1138 938 1222 979; x_wconf 85' lang='lat' dir='ltr'>hac</span> <span class='ocrx_word' id='word_1_82' title='bbox 1271 952 1423 980; x_wconf 81' lang='lat' dir='ltr'>causa.</span> 
     </span>
    </p>
   </div>
   <div class='ocr_carea' id='block_1_13' title="bbox 1484 938 1716 991">
    <p class='ocr_par' dir='ltr' id='par_1_13' title="bbox 1484 938 1716 991">
     <span class='ocr_line' id='line_1_16' title="bbox 1484 938 1716 991; baseline 0 -13"><span class='ocrx_word' id='word_1_83' title='bbox 1484 938 1716 991; x_wconf 86' lang='lat' dir='ltr'>Regnante</span> 
     </span>
    </p>
   </div>
   <div class='ocr_carea' id='block_1_14' title="bbox 315 1003 1721 1195">
    <p class='ocr_par' dir='ltr' id='par_1_14' title="bbox 315 1003 1721 1195">
     <span class='ocr_line' id='line_1_17' title="bbox 315 1003 1718 1060; baseline 0.001 -16"><span class='ocrx_word' id='word_1_84' title='bbox 315 1003 517 1058; x_wconf 88' lang='lat' dir='ltr'>Superbo</span> <span class='ocrx_word' id='word_1_85' title='bbox 539 1005 797 1060; x_wconf 79' lang='lat' dir='ltr'>Tarquinio,</span> <span class='ocrx_word' id='word_1_86' title='bbox 829 1018 929 1046; x_wconf 86' lang='lat' dir='ltr'>cum</span> <span class='ocrx_word' id='word_1_87' title='bbox 953 1018 1112 1058; x_wconf 83' lang='lat' dir='ltr'>magna</span> <span class='ocrx_word' id='word_1_88' title='bbox 1139 1004 1372 1047; x_wconf 87' lang='lat' dir='ltr'>incidisset</span> <span class='ocrx_word' id='word_1_89' title='bbox 1395 1006 1649 1059; x_wconf 81' lang='lat' dir='ltr'>pestilentia</span> <span class='ocrx_word' id='word_1_90' title='bbox 1673 1006 1718 1046; x_wconf 92' lang='lat' dir='ltr'>in</span> 
     </span>
     <span class='ocr_line' id='line_1_18' title="bbox 316 1071 1720 1128; baseline 0 -15"><span class='ocrx_word' id='word_1_91' title='bbox 316 1073 524 1114; x_wconf 87' lang='lat' dir='ltr'>mulieres</span> <span class='ocrx_word' id='word_1_92' title='bbox 540 1073 759 1126; x_wconf 80' lang='lat' dir='ltr'>gravidas,</span> <span class='ocrx_word' id='word_1_93' title='bbox 777 1087 878 1128; x_wconf 85' lang='lat' dir='ltr'>quae</span> <span class='ocrx_word' id='word_1_94' title='bbox 908 1074 1047 1114; x_wconf 86' lang='lat' dir='ltr'>fuerat</span> <span class='ocrx_word' id='word_1_95' title='bbox 1066 1074 1186 1115; x_wconf 83' lang='lat' dir='ltr'>facta</span> <span class='ocrx_word' id='word_1_96' title='bbox 1216 1086 1274 1114; x_wconf 84' lang='lat' dir='ltr'>ex</span> <span class='ocrx_word' id='word_1_97' title='bbox 1297 1087 1426 1115; x_wconf 87' lang='lat' dir='ltr'>carne</span> <span class='ocrx_word' id='word_1_98' title='bbox 1449 1071 1720 1114; x_wconf 82' lang='lat' dir='ltr'>divendita¹⁶</span> 
     </span>
     <span class='ocr_line' id='line_1_19' title="bbox 317 1140 1721 1195; baseline -0.001 -13"><span class='ocrx_word' id='word_1_99' title='bbox 317 1141 489 1195; x_wconf 89' lang='lat' dir='ltr'>populo</span> <span class='ocrx_word' id='word_1_100' title='bbox 522 1146 764 1192; x_wconf 86' lang='lat' dir='ltr'>taurorum,</span> <span class='ocrx_word' id='word_1_101' title='bbox 801 1143 859 1183; x_wconf 89' lang='lat' dir='ltr'>ob</span> <span class='ocrx_word' id='word_1_102' title='bbox 886 1142 974 1183; x_wconf 89' lang='lat' dir='ltr'>hoc</span> <span class='ocrx_word' id='word_1_103' title='bbox 1007 1141 1111 1182; x_wconf 90' lang='lat' dir='ltr'>Diis</span> <span class='ocrx_word' id='word_1_104' title='bbox 1142 1141 1292 1182; x_wconf 84' lang='lat' dir='ltr'>inseris</span> <span class='ocrx_word' id='word_1_105' title='bbox 1322 1141 1517 1182; x_wconf 84' lang='lat' dir='ltr'>instituti</span> <span class='ocrx_word' id='word_1_106' title='bbox 1546 1140 1651 1190; x_wconf 86' lang='lat' dir='ltr'>ludi,</span> <span class='ocrx_word' id='word_1_107' title='bbox 1676 1144 1721 1180; x_wconf 85' lang='lat' dir='ltr'>et</span> 
     </span>
    </p>
   </div>
   <div class='ocr_carea' id='block_1_15' title="bbox 318 1209 777 1251">
    <p class='ocr_par' dir='ltr' id='par_1_15' title="bbox 318 1209 777 1251">
     <span class='ocr_line' id='line_1_20' title="bbox 318 1209 777 1251; baseline -0.002 -1"><span class='ocrx_word' id='word_1_108' title='bbox 318 1209 473 1250; x_wconf 85' lang='lat' dir='ltr'>Taurii</span> <span class='ocrx_word' id='word_1_109' title='bbox 495 1211 641 1251; x_wconf 85' lang='lat' dir='ltr'>vocati</span> <span class='ocrx_word' id='word_1_110' title='bbox 664 1214 777 1250; x_wconf 84' lang='lat' dir='ltr'>sunt.</span> 
     </span>
    </p>
   </div>
   <div class='ocr_carea' id='block_1_16' title="bbox 260 1274 1721 1329">
    <p class='ocr_par' dir='ltr' id='par_1_16' title="bbox 260 1274 1721 1329">
     <span class='ocr_line' id='line_1_21' title="bbox 260 1274 1721 1329; baseline -0.002 -11"><span class='ocrx_word' id='word_1_111' title='bbox 260 1277 416 1318; x_wconf 79' lang='lat' dir='ltr'>Taurii</span> <span class='ocrx_word' id='word_1_112' title='bbox 431 1276 447 1299; x_wconf 74' lang='lat'>‘¹</span> <span class='ocrx_word' id='word_1_113' title='bbox 470 1276 557 1317; x_wconf 77' lang='lat' dir='ltr'>ludi</span> <span class='ocrx_word' id='word_1_114' title='bbox 578 1278 756 1318; x_wconf 73' lang='lat' dir='ltr'>instituti</span> <span class='ocrx_word' id='word_1_115' title='bbox 779 1277 879 1319; x_wconf 88' lang='lat' dir='ltr'>Diis</span> <span class='ocrx_word' id='word_1_116' title='bbox 900 1277 1051 1319; x_wconf 85' lang='lat' dir='ltr'>inferis</span> <span class='ocrx_word' id='word_1_117' title='bbox 1077 1289 1135 1318; x_wconf 85' lang='lat' dir='ltr'>ex</span> <span class='ocrx_word' id='word_1_118' title='bbox 1153 1277 1228 1317; x_wconf 78' lang='lat' dir='ltr'>hac</span> <span class='ocrx_word' id='word_1_119' title='bbox 1248 1291 1370 1317; x_wconf 79' lang='lat' dir='ltr'>causa</span> <span class='ocrx_word' id='word_1_120' title='bbox 1394 1274 1531 1317; x_wconf 81' lang='lat' dir='ltr'>viden·</span> <span class='ocrx_word' id='word_1_121' title='bbox 1555 1275 1721 1329; x_wconf 78' lang='lat' dir='ltr'>[FEST.</span> 
     </span>
    </p>
   </div>
   <div class='ocr_carea' id='block_1_17' title="bbox 869 1388 986 1399">
    <p class='ocr_par' dir='ltr' id='par_1_17' title="bbox 869 1388 986 1399">
     <span class='ocr_line' id='line_1_22' title="bbox 869 1388 986 1399; baseline 0 0"><span class='ocrx_word' id='word_1_122' title='bbox 869 1388 986 1399; x_wconf 65' lang='lat' dir='ltr'>eeeeee</span> 
     </span>
    </p>
   </div>
   <div class='ocr_carea' id='block_1_18' title="bbox 989 1388 1106 1399">
    <p class='ocr_par' dir='ltr' id='par_1_18' title="bbox 989 1388 1106 1399">
     <span class='ocr_line' id='line_1_23' title="bbox 989 1388 1106 1399; baseline -0.009 0"><span class='ocrx_word' id='word_1_123' title='bbox 989 1388 1106 1399; x_wconf 65' lang='lat' dir='ltr'>eeeeee</span> 
     </span>
    </p>
   </div>
   <div class='ocr_carea' id='block_1_19' title="bbox 305 1452 1182 1492">
    <p class='ocr_par' dir='ltr' id='par_1_19' title="bbox 305 1452 1182 1492">
     <span class='ocr_line' id='line_1_24' title="bbox 305 1452 1182 1492; baseline 0.001 -10"><span class='ocrx_word' id='word_1_124' title='bbox 305 1455 343 1482; x_wconf 81' lang='lat'>15</span> <span class='ocrx_word' id='word_1_125' title='bbox 368 1452 431 1483; x_wconf 87' lang='lat' dir='ltr'>Ed.</span> <span class='ocrx_word' id='word_1_126' title='bbox 445 1452 535 1483; x_wconf 81' lang='lat' dir='ltr'>Scal.</span> <span class='ocrx_word' id='word_1_127' title='bbox 553 1453 778 1492; x_wconf 77' lang='lat' dir='ltr'>rupia›1t.—16</span> <span class='ocrx_word' id='word_1_128' title='bbox 802 1453 888 1484; x_wconf 86' lang='lat' dir='ltr'>Ead.</span> <span class='ocrx_word' id='word_1_129' title='bbox 906 1452 960 1484; x_wconf 89' lang='lat' dir='ltr'>ed.</span> <span class='ocrx_word' id='word_1_130' title='bbox 977 1453 1032 1483; x_wconf 76' lang='lat' dir='ltr'>diu</span> <span class='ocrx_word' id='word_1_131' title='bbox 1047 1454 1182 1483; x_wconf 67' lang='lat' dir='ltr'>venditu.</span> 
     </span>
    </p>
   </div>
   <div class='ocr_carea' id='block_1_20' title="bbox 920 1538 1059 1570">
    <p class='ocr_par' dir='ltr' id='par_1_20' title="bbox 920 1538 1059 1570">
     <span class='ocr_line' id='line_1_25' title="bbox 920 1538 1059 1570; baseline 0.007 -1"><span class='ocrx_word' id='word_1_132' title='bbox 920 1538 1059 1570; x_wconf 70' lang='lat' dir='ltr'><strong>NOTAE</strong></span> 
     </span>
    </p>
   </div>
   <div class='ocr_carea' id='block_1_21' title="bbox 238 1602 970 2808">
    <p class='ocr_par' dir='ltr' id='par_1_21' title="bbox 260 1602 965 1896">
     <span class='ocr_line' id='line_1_26' title="bbox 303 1602 963 1643; baseline 0.003 -11"><span class='ocrx_word' id='word_1_133' title='bbox 303 1608 315 1622; x_wconf 81' lang='lat'><strong>²</strong></span> <span class='ocrx_word' id='word_1_134' title='bbox 333 1603 435 1638; x_wconf 83' lang='lat' dir='ltr'>Quam</span> <span class='ocrx_word' id='word_1_135' title='bbox 451 1605 547 1633; x_wconf 73' lang='lat' dir='ltr'>malm</span> <span class='ocrx_word' id='word_1_136' title='bbox 560 1602 639 1643; x_wconf 76' lang='lat' dir='ltr'>alia]</span> <span class='ocrx_word' id='word_1_137' title='bbox 662 1604 802 1642; x_wconf 79' lang='lat' dir='ltr'>Optime</span> <span class='ocrx_word' id='word_1_138' title='bbox 816 1604 847 1633; x_wconf 88' lang='lat' dir='ltr'>in</span> <span class='ocrx_word' id='word_1_139' title='bbox 859 1604 963 1634; x_wconf 86' lang='lat' dir='ltr'>Sche-</span> 
     </span>
     <span class='ocr_line' id='line_1_27' title="bbox 261 1652 965 1693; baseline 0.001 -11"><span class='ocrx_word' id='word_1_140' title='bbox 261 1652 313 1683; x_wconf 83' lang='lat' dir='ltr'>dis</span> <span class='ocrx_word' id='word_1_141' title='bbox 328 1663 335 1683; x_wconf 89' lang='lat'><strong>:</strong></span> <span class='ocrx_word' id='word_1_142' title='bbox 365 1653 467 1687; x_wconf 78' lang='lat' dir='ltr'>Quum</span> <span class='ocrx_word' id='word_1_143' title='bbox 483 1654 578 1683; x_wconf 75' lang='lat' dir='ltr'>multa</span> <span class='ocrx_word' id='word_1_144' title='bbox 594 1654 657 1683; x_wconf 79' lang='lat' dir='ltr'>ulia</span> <span class='ocrx_word' id='word_1_145' title='bbox 678 1657 707 1684; x_wconf 79' lang='lat' dir='ltr'>et</span> <span class='ocrx_word' id='word_1_146' title='bbox 722 1654 885 1693; x_wconf 74' lang='lat' dir='ltr'>proeterita</span> <span class='ocrx_word' id='word_1_147' title='bbox 895 1653 965 1692; x_wconf 82' lang='lat' dir='ltr'>jam</span> 
     </span>
     <span class='ocr_line' id='line_1_28' title="bbox 260 1703 963 1744; baseline 0 -10"><span class='ocrx_word' id='word_1_148' title='bbox 260 1707 291 1734; x_wconf 75' lang='lat' dir='ltr'>et</span> <span class='ocrx_word' id='word_1_149' title='bbox 313 1703 455 1743; x_wconf 75' lang='lat' dir='ltr'>deinceps</span> <span class='ocrx_word' id='word_1_150' title='bbox 469 1714 537 1744; x_wconf 77' lang='lat' dir='ltr'>quae</span> <span class='ocrx_word' id='word_1_151' title='bbox 561 1704 745 1741; x_wconf 80' lang='lat' dir='ltr'>referentur.</span> <span class='ocrx_word' id='word_1_152' title='bbox 793 1704 963 1743; x_wconf 77' lang='lat' dir='ltr'>Deinceps,</span> 
     </span>
     <span class='ocr_line' id='line_1_29' title="bbox 261 1753 965 1793; baseline 0.001 -10"><span class='ocrx_word' id='word_1_153' title='bbox 261 1754 294 1784; x_wconf 87' lang='lat' dir='ltr'>id</span> <span class='ocrx_word' id='word_1_154' title='bbox 313 1758 378 1793; x_wconf 86' lang='lat' dir='ltr'>est,</span> <span class='ocrx_word' id='word_1_155' title='bbox 395 1755 428 1784; x_wconf 90' lang='lat' dir='ltr'>in</span> <span class='ocrx_word' id='word_1_156' title='bbox 448 1755 615 1785; x_wconf 86' lang='lat' dir='ltr'>volumine</span> <span class='ocrx_word' id='word_1_157' title='bbox 634 1753 816 1784; x_wconf 88' lang='lat' dir='ltr'>verborum</span> <span class='ocrx_word' id='word_1_158' title='bbox 839 1755 965 1793; x_wconf 87' lang='lat' dir='ltr'>prisco·</span> 
     </span>
     <span class='ocr_line' id='line_1_30' title="bbox 262 1803 965 1845; baseline 0 -11"><span class='ocrx_word' id='word_1_159' title='bbox 262 1814 334 1835; x_wconf 87' lang='lat' dir='ltr'>rum</span> <span class='ocrx_word' id='word_1_160' title='bbox 366 1815 440 1835; x_wconf 86' lang='lat' dir='ltr'>cum</span> <span class='ocrx_word' id='word_1_161' title='bbox 472 1805 650 1845; x_wconf 79' lang='lat' dir='ltr'>exemplis.</span> <span class='ocrx_word' id='word_1_162' title='bbox 707 1804 796 1834; x_wconf 74' lang='lat' dir='ltr'>Vide</span> <span class='ocrx_word' id='word_1_163' title='bbox 827 1805 835 1820; x_wconf 91' lang='lat'>‘</span> <span class='ocrx_word' id='word_1_164' title='bbox 854 1803 965 1844; x_wconf 83' lang='lat' dir='ltr'>profa-</span> 
     </span>
     <span class='ocr_line' id='line_1_31' title="bbox 262 1855 841 1896; baseline -0.003 -11"><span class='ocrx_word' id='word_1_165' title='bbox 262 1865 339 1886; x_wconf 90' lang='lat' dir='ltr'>num</span> <span class='ocrx_word' id='word_1_166' title='bbox 355 1855 362 1867; x_wconf 90' lang='lat'><strong><em>’</em></strong></span> <span class='ocrx_word' id='word_1_167' title='bbox 379 1862 412 1886; x_wconf 85' lang='lat' dir='ltr'>et</span> <span class='ocrx_word' id='word_1_168' title='bbox 428 1857 437 1871; x_wconf 90' lang='lat'>‘</span> <span class='ocrx_word' id='word_1_169' title='bbox 457 1855 717 1896; x_wconf 59' lang='lat' dir='ltr'>praefationeml</span> <span class='ocrx_word' id='word_1_170' title='bbox 742 1855 841 1885; x_wconf 80' lang='lat' dir='ltr'>Idem.</span> 
     </span>
    </p>

    <p class='ocr_par' dir='ltr' id='par_1_22' title="bbox 262 1906 966 2046">
     <span class='ocr_line' id='line_1_32' title="bbox 304 1906 965 1947; baseline -0.003 -10"><span class='ocrx_word' id='word_1_171' title='bbox 304 1911 318 1926; x_wconf 72' lang='lat'>¹¹</span> <span class='ocrx_word' id='word_1_172' title='bbox 337 1907 472 1947; x_wconf 79' lang='lat' dir='ltr'>Taurus]</span> <span class='ocrx_word' id='word_1_173' title='bbox 494 1907 619 1937; x_wconf 85' lang='lat' dir='ltr'>Paulus</span> <span class='ocrx_word' id='word_1_174' title='bbox 637 1906 799 1945; x_wconf 76' lang='lat' dir='ltr'>originem</span> <span class='ocrx_word' id='word_1_175' title='bbox 814 1916 854 1936; x_wconf 78' lang='lat' dir='ltr'>ex</span> <span class='ocrx_word' id='word_1_176' title='bbox 869 1906 965 1936; x_wconf 84' lang='lat' dir='ltr'>Grae-</span> 
     </span>
     <span class='ocr_line' id='line_1_33' title="bbox 262 1956 966 1997; baseline 0 -10"><span class='ocrx_word' id='word_1_177' title='bbox 262 1966 301 1987; x_wconf 90' lang='lat' dir='ltr'>co</span> <span class='ocrx_word' id='word_1_178' title='bbox 327 1957 453 1994; x_wconf 78' lang='lat' dir='ltr'>omisit,</span> <span class='ocrx_word' id='word_1_179' title='bbox 479 1967 555 1997; x_wconf 64' lang='lat' dir='ltr'>qnae</span> <span class='ocrx_word' id='word_1_180' title='bbox 584 1956 796 1988; x_wconf 81' lang='lat' dir='ltr'>verisimilior</span> <span class='ocrx_word' id='word_1_181' title='bbox 826 1957 898 1987; x_wconf 79' lang='lat' dir='ltr'>visa</span> <span class='ocrx_word' id='word_1_182' title='bbox 913 1961 966 1987; x_wconf 88' lang='lat' dir='ltr'>est</span> 
     </span>
     <span class='ocr_line' id='line_1_34' title="bbox 263 2007 584 2046; baseline -0.003 -9"><span class='ocrx_word' id='word_1_183' title='bbox 263 2007 377 2038; x_wconf 80' lang='lat' dir='ltr'>Festo.</span> <span class='ocrx_word' id='word_1_184' title='bbox 402 2008 482 2038; x_wconf 78' lang='lat' dir='ltr'>Ant.</span> <span class='ocrx_word' id='word_1_185' title='bbox 499 2009 584 2046; x_wconf 78' lang='lat' dir='ltr'>Aug.</span> 
     </span>
    </p>

    <p class='ocr_par' dir='ltr' id='par_1_23' title="bbox 262 2056 967 2292">
     <span class='ocr_line' id='line_1_35' title="bbox 305 2056 966 2096; baseline 0 -9"><span class='ocrx_word' id='word_1_186' title='bbox 305 2056 318 2075; x_wconf 81' lang='lat'>¹³</span> <span class='ocrx_word' id='word_1_187' title='bbox 337 2057 471 2096; x_wconf 78' lang='lat' dir='ltr'>Taurus]</span> <span class='ocrx_word' id='word_1_188' title='bbox 496 2058 546 2088; x_wconf 75' lang='lat' dir='ltr'>Ex</span> <span class='ocrx_word' id='word_1_189' title='bbox 559 2058 672 2088; x_wconf 64' lang='lat' dir='ltr'>Verrii</span> <span class='ocrx_word' id='word_1_190' title='bbox 685 2057 854 2087; x_wconf 83' lang='lat' dir='ltr'>sententia</span> <span class='ocrx_word' id='word_1_191' title='bbox 866 2057 966 2087; x_wconf 87' lang='lat' dir='ltr'>Glos-</span> 
     </span>
     <span class='ocr_line' id='line_1_36' title="bbox 262 2106 965 2146; baseline 0.001 -9"><span class='ocrx_word' id='word_1_192' title='bbox 262 2108 410 2138; x_wconf 76' lang='lat' dir='ltr'>sarium:</span> <span class='ocrx_word' id='word_1_193' title='bbox 444 2109 453 2123; x_wconf 80' lang='lat'>‘</span> <span class='ocrx_word' id='word_1_194' title='bbox 473 2109 597 2145; x_wconf 82' lang='lat' dir='ltr'>Tanra,</span> <span class='ocrx_word' id='word_1_195' title='bbox 627 2109 703 2143; x_wconf 77' lang='grc' dir='ltr'>βοῦς</span> <span class='ocrx_word' id='word_1_196' title='bbox 731 2106 864 2146; x_wconf 82' lang='grc' dir='ltr'>στεῖρα.’</span> <span class='ocrx_word' id='word_1_197' title='bbox 919 2107 965 2138; x_wconf 89' lang='lat' dir='ltr'>Et</span> 
     </span>
     <span class='ocr_line' id='line_1_37' title="bbox 262 2160 966 2200; baseline 0 -11"><span class='ocrx_word' id='word_1_198' title='bbox 262 2160 371 2190; x_wconf 86' lang='lat' dir='ltr'>Varro</span> <span class='ocrx_word' id='word_1_199' title='bbox 385 2160 442 2190; x_wconf 85' lang='lat' dir='ltr'>lib.</span> <span class='ocrx_word' id='word_1_200' title='bbox 459 2169 498 2190; x_wconf 81' lang='lat' dir='ltr'>u.</span> <span class='ocrx_word' id='word_1_201' title='bbox 515 2161 556 2190; x_wconf 87' lang='lat' dir='ltr'>de</span> <span class='ocrx_word' id='word_1_202' title='bbox 575 2161 615 2191; x_wconf 87' lang='lat' dir='ltr'>R.</span> <span class='ocrx_word' id='word_1_203' title='bbox 634 2162 673 2191; x_wconf 84' lang='lat' dir='ltr'>R.</span> <span class='ocrx_word' id='word_1_204' title='bbox 691 2171 766 2200; x_wconf 86' lang='lat' dir='ltr'>cap.</span> <span class='ocrx_word' id='word_1_205' title='bbox 783 2164 813 2190; x_wconf 88' lang='grc'>5.</span> <span class='ocrx_word' id='word_1_206' title='bbox 853 2161 862 2176; x_wconf 88' lang='lat'>‘</span> <span class='ocrx_word' id='word_1_207' title='bbox 881 2160 966 2191; x_wconf 62' lang='grc' dir='ltr'><strong>Ωιι-ευ</strong></span> 
     </span>
     <span class='ocr_line' id='line_1_38' title="bbox 264 2210 967 2251; baseline -0.001 -11"><span class='ocrx_word' id='word_1_208' title='bbox 264 2211 388 2241; x_wconf 83' lang='lat' dir='ltr'>sterilis</span> <span class='ocrx_word' id='word_1_209' title='bbox 412 2217 463 2242; x_wconf 72' lang='lat' dir='ltr'>est</span> <span class='ocrx_word' id='word_1_210' title='bbox 492 2210 722 2243; x_wconf 80' lang='lat' dir='ltr'>vacca‘taura</span> <span class='ocrx_word' id='word_1_211' title='bbox 753 2210 967 2251; x_wconf 85' lang='lat' dir='ltr'>appellatur.’</span> 
     </span>
     <span class='ocr_line' id='line_1_39' title="bbox 264 2262 347 2292; baseline -0.024 0"><span class='ocrx_word' id='word_1_212' title='bbox 264 2262 347 2292; x_wconf 81' lang='lat' dir='ltr'>Dae.</span> 
     </span>
    </p>

    <p class='ocr_par' dir='ltr' id='par_1_24' title="bbox 264 2311 969 2395">
     <span class='ocr_line' id='line_1_40' title="bbox 307 2311 969 2353; baseline -0.002 -11"><span class='ocrx_word' id='word_1_213' title='bbox 307 2316 319 2331; x_wconf 72' lang='lat'>⁰</span> <span class='ocrx_word' id='word_1_214' title='bbox 347 2312 442 2342; x_wconf 72' lang='lat' dir='ltr'>Tauri</span> <span class='ocrx_word' id='word_1_215' title='bbox 460 2312 670 2353; x_wconf 78' lang='lat' dir='ltr'>verbenoeque]</span> <span class='ocrx_word' id='word_1_216' title='bbox 696 2313 780 2343; x_wconf 83' lang='lat' dir='ltr'>Liba</span> <span class='ocrx_word' id='word_1_217' title='bbox 794 2311 969 2343; x_wconf 72' lang='lat' dir='ltr'>farinacea</span> 
     </span>
     <span class='ocr_line' id='line_1_41' title="bbox 264 2362 968 2395; baseline 0 -2"><span class='ocrx_word' id='word_1_218' title='bbox 264 2364 296 2394; x_wconf 92' lang='lat' dir='ltr'>in</span> <span class='ocrx_word' id='word_1_219' title='bbox 323 2365 567 2395; x_wconf 87' lang='lat' dir='ltr'>commentario</span> <span class='ocrx_word' id='word_1_220' title='bbox 591 2375 761 2395; x_wconf 78' lang='lat' dir='ltr'>sacrorum</span> <span class='ocrx_word' id='word_1_221' title='bbox 788 2363 900 2395; x_wconf 80' lang='lat' dir='ltr'>forsan</span> <span class='ocrx_word' id='word_1_222' title='bbox 924 2362 968 2393; x_wconf 91' lang='lat' dir='ltr'>ob</span> 
     </span>
    </p>

    <p class='ocr_par' dir='ltr' id='par_1_25' title="bbox 238 2414 970 2808">
     <span class='ocr_line' id='line_1_42' title="bbox 265 2414 968 2455; baseline -0.001 -11"><span class='ocrx_word' id='word_1_223' title='bbox 265 2415 533 2455; x_wconf 75' lang='lat' dir='ltr'>magnitudinem</span> <span class='ocrx_word' id='word_1_224' title='bbox 552 2416 600 2446; x_wconf 86' lang='lat' dir='ltr'>sic</span> <span class='ocrx_word' id='word_1_225' title='bbox 617 2416 724 2451; x_wconf 68' lang='lat' dir='ltr'>dicta,</span> <span class='ocrx_word' id='word_1_226' title='bbox 737 2421 771 2446; x_wconf 87' lang='lat' dir='ltr'>et</span> <span class='ocrx_word' id='word_1_227' title='bbox 789 2414 875 2455; x_wconf 84' lang='lat' dir='ltr'>quod</span> <span class='ocrx_word' id='word_1_228' title='bbox 895 2422 968 2444; x_wconf 81' lang='lat' dir='ltr'>ver-</span> 
     </span>
     <span class='ocr_line' id='line_1_43' title="bbox 238 2458 969 2497; baseline 0 -2"><span class='ocrx_word' id='word_1_229' title='bbox 238 2458 242 2461; x_wconf 41' lang='lat'><em>*</em></span> <span class='ocrx_word' id='word_1_230' title='bbox 266 2466 360 2496; x_wconf 88' lang='lat' dir='ltr'>benis</span> <span class='ocrx_word' id='word_1_231' title='bbox 376 2472 549 2497; x_wconf 83' lang='lat' dir='ltr'>coronata.</span> <span class='ocrx_word' id='word_1_232' title='bbox 588 2467 677 2496; x_wconf 83' lang='lat' dir='ltr'>Sane</span> <span class='ocrx_word' id='word_1_233' title='bbox 694 2467 843 2496; x_wconf 76' lang='lat' dir='ltr'>Veteres</span> <span class='ocrx_word' id='word_1_234' title='bbox 857 2464 969 2495; x_wconf 87' lang='lat' dir='ltr'>omnia</span> 
     </span>
     <span class='ocr_line' id='line_1_44' title="bbox 266 2514 969 2556; baseline -0.001 -10"><span class='ocrx_word' id='word_1_235' title='bbox 266 2516 486 2556; x_wconf 81' lang='lat' dir='ltr'>praegrandia</span> <span class='ocrx_word' id='word_1_236' title='bbox 507 2516 639 2546; x_wconf 81' lang='lat' dir='ltr'>&#39;ram-os</span> <span class='ocrx_word' id='word_1_237' title='bbox 670 2516 850 2546; x_wconf 81' lang='lat' dir='ltr'>vocabant.</span> <span class='ocrx_word' id='word_1_238' title='bbox 894 2514 969 2545; x_wconf 90' lang='lat' dir='ltr'>Ste-</span> 
     </span>
     <span class='ocr_line' id='line_1_45' title="bbox 265 2564 970 2606; baseline -0.001 -10"><span class='ocrx_word' id='word_1_239' title='bbox 265 2566 394 2604; x_wconf 84' lang='lat' dir='ltr'>phanus</span> <span class='ocrx_word' id='word_1_240' title='bbox 417 2567 451 2597; x_wconf 84' lang='lat' dir='ltr'>in</span> <span class='ocrx_word' id='word_1_241' title='bbox 475 2567 604 2605; x_wconf 79' lang='grc' dir='ltr'>ταῦρος;</span> <span class='ocrx_word' id='word_1_242' title='bbox 632 2567 763 2606; x_wconf 78' lang='grc' dir='ltr'>Ταύρους</span> <span class='ocrx_word' id='word_1_243' title='bbox 787 2567 814 2596; x_wconf 83' lang='grc' dir='ltr'>οῖ</span> <span class='ocrx_word' id='word_1_244' title='bbox 845 2564 970 2596; x_wconf 81' lang='grc' dir='ltr'>παλαιοὶ</span> 
     </span>
     <span class='ocr_line' id='line_1_46' title="bbox 264 2615 970 2656; baseline 0.003 -10"><span class='ocrx_word' id='word_1_245' title='bbox 264 2616 367 2647; x_wconf 76' lang='grc' dir='ltr'>πάντα</span> <span class='ocrx_word' id='word_1_246' title='bbox 382 2617 440 2648; x_wconf 78' lang='grc' dir='ltr'>ὅσα</span> <span class='ocrx_word' id='word_1_247' title='bbox 453 2618 579 2656; x_wconf 74' lang='grc' dir='ltr'>μέγαλα</span> <span class='ocrx_word' id='word_1_248' title='bbox 595 2618 646 2648; x_wconf 76' lang='grc' dir='ltr'>καὶ</span> <span class='ocrx_word' id='word_1_249' title='bbox 659 2617 745 2653; x_wconf 79' lang='grc' dir='ltr'><em>βίαια</em></span> <span class='ocrx_word' id='word_1_250' title='bbox 761 2615 970 2655; x_wconf 80' lang='grc' dir='ltr'>ἐπωνόμαζον.</span> 
     </span>
     <span class='ocr_line' id='line_1_47' title="bbox 267 2667 970 2709; baseline -0.001 -12"><span class='ocrx_word' id='word_1_251' title='bbox 267 2667 306 2697; x_wconf 86' lang='lat' dir='ltr'>Id</span> <span class='ocrx_word' id='word_1_252' title='bbox 326 2675 391 2706; x_wconf 83' lang='lat' dir='ltr'>est,</span> <span class='ocrx_word' id='word_1_253' title='bbox 415 2670 563 2699; x_wconf 83' lang='lat' dir='ltr'>‘Tauros</span> <span class='ocrx_word' id='word_1_254' title='bbox 590 2669 721 2709; x_wconf 80' lang='lat' dir='ltr'>antiqui</span> <span class='ocrx_word' id='word_1_255' title='bbox 747 2676 970 2708; x_wconf 58' lang='lat' dir='ltr'>quercumque</span> 
     </span>
     <span class='ocr_line' id='line_1_48' title="bbox 267 2717 965 2757; baseline -0.001 -10"><span class='ocrx_word' id='word_1_256' title='bbox 267 2719 408 2757; x_wconf 74' lang='lat' dir='ltr'>grandia</span> <span class='ocrx_word' id='word_1_257' title='bbox 422 2724 456 2749; x_wconf 87' lang='lat' dir='ltr'>et</span> <span class='ocrx_word' id='word_1_258' title='bbox 473 2720 622 2750; x_wconf 81' lang='lat' dir='ltr'>violenta</span> <span class='ocrx_word' id='word_1_259' title='bbox 639 2717 827 2749; x_wconf 70' lang='lat' dir='ltr'>meabant!</span> <span class='ocrx_word' id='word_1_260' title='bbox 858 2717 965 2747; x_wconf 89' lang='lat' dir='ltr'>Immo</span> 
     </span>
     <span class='ocr_line' id='line_1_49' title="bbox 269 2767 966 2808; baseline 0 -11"><span class='ocrx_word' id='word_1_261' title='bbox 269 2768 380 2806; x_wconf 67' lang='lat' dir='ltr'>potius</span> <span class='ocrx_word' id='word_1_262' title='bbox 413 2775 495 2808; x_wconf 85' lang='lat' dir='ltr'>puto</span> <span class='ocrx_word' id='word_1_263' title='bbox 527 2769 664 2801; x_wconf 81' lang='lat' dir='ltr'>Festum</span> <span class='ocrx_word' id='word_1_264' title='bbox 695 2768 808 2799; x_wconf 82' lang='lat' dir='ltr'>dicere</span> <span class='ocrx_word' id='word_1_265' title='bbox 838 2767 966 2798; x_wconf 79' lang='lat' dir='ltr'>Tauros</span> 
     </span>
    </p>
   </div>
   <div class='ocr_carea' id='block_1_22' title="bbox 1011 1601 1731 2803">
    <p class='ocr_par' dir='ltr' id='par_1_26' title="bbox 1016 1601 1727 2138">
     <span class='ocr_line' id='line_1_50' title="bbox 1018 1601 1723 1643; baseline -0.004 -10"><span class='ocrx_word' id='word_1_266' title='bbox 1018 1605 1252 1643; x_wconf 78' lang='lat' dir='ltr'>verbenasque</span> <span class='ocrx_word' id='word_1_267' title='bbox 1281 1602 1313 1633; x_wconf 86' lang='lat' dir='ltr'>in</span> <span class='ocrx_word' id='word_1_268' title='bbox 1337 1601 1582 1633; x_wconf 80' lang='lat' dir='ltr'>commentario</span> <span class='ocrx_word' id='word_1_269' title='bbox 1613 1610 1723 1631; x_wconf 86' lang='lat' dir='ltr'>sacro-</span> 
     </span>
     <span class='ocr_line' id='line_1_51' title="bbox 1017 1651 1721 1694; baseline -0.006 -10"><span class='ocrx_word' id='word_1_270' title='bbox 1017 1664 1089 1685; x_wconf 88' lang='lat' dir='ltr'>rum</span> <span class='ocrx_word' id='word_1_271' title='bbox 1108 1653 1319 1694; x_wconf 82' lang='lat' dir='ltr'>significasse</span> <span class='ocrx_word' id='word_1_272' title='bbox 1333 1652 1414 1684; x_wconf 78' lang='lat' dir='ltr'>ficta</span> <span class='ocrx_word' id='word_1_273' title='bbox 1427 1651 1662 1690; x_wconf 79' lang='lat' dir='ltr'>farinacea,ex</span> <span class='ocrx_word' id='word_1_274' title='bbox 1680 1659 1721 1681; x_wconf 86' lang='lat' dir='ltr'>eo</span> 
     </span>
     <span class='ocr_line' id='line_1_52' title="bbox 1016 1701 1724 1744; baseline -0.007 -9"><span class='ocrx_word' id='word_1_275' title='bbox 1016 1714 1109 1735; x_wconf 89' lang='lat' dir='ltr'>more</span> <span class='ocrx_word' id='word_1_276' title='bbox 1127 1704 1261 1735; x_wconf 73' lang='lat' dir='ltr'>scilicet</span> <span class='ocrx_word' id='word_1_277' title='bbox 1279 1713 1345 1744; x_wconf 90' lang='lat' dir='ltr'>quo</span> <span class='ocrx_word' id='word_1_278' title='bbox 1370 1703 1526 1733; x_wconf 78' lang='lat' dir='ltr'>simulata</span> <span class='ocrx_word' id='word_1_279' title='bbox 1548 1711 1608 1741; x_wconf 87' lang='lat' dir='ltr'>pro</span> <span class='ocrx_word' id='word_1_280' title='bbox 1634 1701 1724 1731; x_wconf 87' lang='lat' dir='ltr'>veris</span> 
     </span>
     <span class='ocr_line' id='line_1_53' title="bbox 1017 1751 1723 1794; baseline -0.008 -8"><span class='ocrx_word' id='word_1_281' title='bbox 1017 1755 1246 1794; x_wconf 84' lang='lat' dir='ltr'>accipiebant.</span> <span class='ocrx_word' id='word_1_282' title='bbox 1294 1754 1407 1793; x_wconf 80' lang='lat' dir='ltr'>Igitur</span> <span class='ocrx_word' id='word_1_283' title='bbox 1436 1751 1517 1783; x_wconf 86' lang='lat' dir='ltr'>ficta</span> <span class='ocrx_word' id='word_1_284' title='bbox 1552 1751 1723 1781; x_wconf 80' lang='lat' dir='ltr'>farinacea</span> 
     </span>
     <span class='ocr_line' id='line_1_54' title="bbox 1018 1801 1725 1845; baseline -0.008 -8"><span class='ocrx_word' id='word_1_285' title='bbox 1018 1806 1103 1837; x_wconf 77' lang='lat' dir='ltr'>tum-i</span> <span class='ocrx_word' id='word_1_286' title='bbox 1114 1805 1313 1845; x_wconf 75' lang='lat' dir='ltr'>rerbenoeque</span> <span class='ocrx_word' id='word_1_287' title='bbox 1325 1804 1430 1838; x_wconf 83' lang='lat' dir='ltr'>dicta,</span> <span class='ocrx_word' id='word_1_288' title='bbox 1447 1802 1533 1843; x_wconf 86' lang='lat' dir='ltr'>qnod</span> <span class='ocrx_word' id='word_1_289' title='bbox 1547 1811 1605 1841; x_wconf 86' lang='lat' dir='ltr'>pro</span> <span class='ocrx_word' id='word_1_290' title='bbox 1621 1801 1725 1831; x_wconf 81' lang='lat' dir='ltr'>tauris</span> 
     </span>
     <span class='ocr_line' id='line_1_55' title="bbox 1017 1850 1725 1887; baseline -0.008 0"><span class='ocrx_word' id='word_1_291' title='bbox 1017 1863 1051 1887; x_wconf 85' lang='lat' dir='ltr'>et</span> <span class='ocrx_word' id='word_1_292' title='bbox 1070 1856 1226 1887; x_wconf 86' lang='lat' dir='ltr'>verbenis</span> <span class='ocrx_word' id='word_1_293' title='bbox 1249 1854 1506 1885; x_wconf 73' lang='lat' dir='ltr'>adhiberentur.</span> <span class='ocrx_word' id='word_1_294' title='bbox 1545 1850 1725 1884; x_wconf 85' lang='lat' dir='ltr'>Quomodo</span> 
     </span>
     <span class='ocr_line' id='line_1_56' title="bbox 1016 1903 1724 1946; baseline -0.008 -8"><span class='ocrx_word' id='word_1_295' title='bbox 1016 1908 1158 1946; x_wconf 76' lang='lat' dir='ltr'>legimus</span> <span class='ocrx_word' id='word_1_296' title='bbox 1186 1906 1371 1946; x_wconf 85' lang='lat' dir='ltr'>Cyzicenos</span> <span class='ocrx_word' id='word_1_297' title='bbox 1391 1903 1603 1943; x_wconf 70' lang='lat' dir='ltr'>Proserpinae</span> <span class='ocrx_word' id='word_1_298' title='bbox 1631 1906 1724 1942; x_wconf 65' lang='lat' dir='ltr'>quot·</span> 
     </span>
     <span class='ocr_line' id='line_1_57' title="bbox 1018 1953 1723 1995; baseline -0.01 -7"><span class='ocrx_word' id='word_1_299' title='bbox 1018 1958 1114 1988; x_wconf 86' lang='lat' dir='ltr'>annis</span> <span class='ocrx_word' id='word_1_300' title='bbox 1130 1957 1250 1988; x_wconf 85' lang='lat' dir='ltr'>bovem</span> <span class='ocrx_word' id='word_1_301' title='bbox 1268 1956 1396 1995; x_wconf 78' lang='lat' dir='ltr'>nigram</span> <span class='ocrx_word' id='word_1_302' title='bbox 1412 1953 1636 1988; x_wconf 86' lang='lat' dir='ltr'>immolantes,</span> <span class='ocrx_word' id='word_1_303' title='bbox 1648 1960 1723 1982; x_wconf 81' lang='lat' dir='ltr'>cunr</span> 
     </span>
     <span class='ocr_line' id='line_1_58' title="bbox 1019 2002 1723 2046; baseline -0.011 -8"><span class='ocrx_word' id='word_1_304' title='bbox 1019 2007 1197 2038; x_wconf 85' lang='lat' dir='ltr'>obsidione</span> <span class='ocrx_word' id='word_1_305' title='bbox 1223 2010 1473 2046; x_wconf 82' lang='lat' dir='ltr'>premerentur,</span> <span class='ocrx_word' id='word_1_306' title='bbox 1503 2012 1567 2033; x_wconf 92' lang='lat' dir='ltr'>nec</span> <span class='ocrx_word' id='word_1_307' title='bbox 1606 2002 1723 2032; x_wconf 86' lang='lat' dir='ltr'>bovem</span> 
     </span>
     <span class='ocr_line' id='line_1_59' title="bbox 1019 2051 1727 2096; baseline -0.011 -7"><span class='ocrx_word' id='word_1_308' title='bbox 1019 2058 1199 2096; x_wconf 77' lang='lat' dir='ltr'>haberent,</span> <span class='ocrx_word' id='word_1_309' title='bbox 1217 2066 1257 2087; x_wconf 83' lang='lat' dir='ltr'>ex</span> <span class='ocrx_word' id='word_1_310' title='bbox 1283 2055 1455 2085; x_wconf 87' lang='lat' dir='ltr'>frumento</span> <span class='ocrx_word' id='word_1_311' title='bbox 1473 2053 1614 2084; x_wconf 79' lang='lat' dir='ltr'>hostiam</span> <span class='ocrx_word' id='word_1_312' title='bbox 1641 2051 1727 2082; x_wconf 80' lang='lat' dir='ltr'>finx-</span> 
     </span>
     <span class='ocr_line' id='line_1_60' title="bbox 1020 2103 1580 2138; baseline -0.009 0"><span class='ocrx_word' id='word_1_313' title='bbox 1020 2109 1095 2138; x_wconf 81' lang='lat' dir='ltr'>isse.</span> <span class='ocrx_word' id='word_1_314' title='bbox 1142 2107 1229 2137; x_wconf 84' lang='lat' dir='ltr'>Vide</span> <span class='ocrx_word' id='word_1_315' title='bbox 1247 2111 1255 2125; x_wconf 83' lang='lat'>‘</span> <span class='ocrx_word' id='word_1_316' title='bbox 1276 2103 1459 2136; x_wconf 63' lang='lat' dir='ltr'>Cervaria!</span> <span class='ocrx_word' id='word_1_317' title='bbox 1483 2104 1580 2134; x_wconf 77' lang='lat' dir='ltr'>Idem.</span> 
     </span>
    </p>

    <p class='ocr_par' dir='ltr' id='par_1_27' title="bbox 1021 2152 1726 2451">
     <span class='ocr_line' id='line_1_61' title="bbox 1061 2152 1723 2196; baseline -0.009 -9"><span class='ocrx_word' id='word_1_318' title='bbox 1061 2157 1075 2178; x_wconf 72' lang='lat'>¹¹</span> <span class='ocrx_word' id='word_1_319' title='bbox 1103 2156 1226 2196; x_wconf 76' lang='lat' dir='ltr'>Taurii]</span> <span class='ocrx_word' id='word_1_320' title='bbox 1260 2156 1412 2186; x_wconf 56' lang='lat' dir='ltr'>Maxima</span> <span class='ocrx_word' id='word_1_321' title='bbox 1438 2164 1515 2195; x_wconf 84' lang='lat' dir='ltr'>pars</span> <span class='ocrx_word' id='word_1_322' title='bbox 1544 2152 1723 2183; x_wconf 82' lang='lat' dir='ltr'>verborum</span> 
     </span>
     <span class='ocr_line' id='line_1_62' title="bbox 1021 2204 1722 2247; baseline -0.01 -7"><span class='ocrx_word' id='word_1_323' title='bbox 1021 2210 1114 2240; x_wconf 86' lang='lat' dir='ltr'>Festi</span> <span class='ocrx_word' id='word_1_324' title='bbox 1132 2218 1174 2238; x_wconf 79' lang='lat' dir='ltr'>ex</span> <span class='ocrx_word' id='word_1_325' title='bbox 1191 2209 1338 2247; x_wconf 87' lang='lat' dir='ltr'>epitome</span> <span class='ocrx_word' id='word_1_326' title='bbox 1357 2205 1455 2236; x_wconf 86' lang='lat' dir='ltr'>Pauli</span> <span class='ocrx_word' id='word_1_327' title='bbox 1475 2209 1568 2235; x_wconf 85' lang='lat' dir='ltr'>recte</span> <span class='ocrx_word' id='word_1_328' title='bbox 1598 2204 1722 2234; x_wconf 84' lang='lat' dir='ltr'>inteili-</span> 
     </span>
     <span class='ocr_line' id='line_1_63' title="bbox 1022 2256 1724 2299; baseline -0.009 -10"><span class='ocrx_word' id='word_1_329' title='bbox 1022 2260 1125 2299; x_wconf 67' lang='lat' dir='ltr'>gitur.</span> <span class='ocrx_word' id='word_1_330' title='bbox 1173 2258 1310 2293; x_wconf 79' lang='lat' dir='ltr'>Cetera,</span> <span class='ocrx_word' id='word_1_331' title='bbox 1331 2267 1408 2298; x_wconf 81' lang='lat' dir='ltr'>quae</span> <span class='ocrx_word' id='word_1_332' title='bbox 1429 2265 1471 2287; x_wconf 83' lang='lat' dir='ltr'>ex</span> <span class='ocrx_word' id='word_1_333' title='bbox 1495 2256 1647 2285; x_wconf 76' lang='lat' dir='ltr'>Varrone</span> <span class='ocrx_word' id='word_1_334' title='bbox 1673 2263 1724 2284; x_wconf 87' lang='lat' dir='ltr'>re-</span> 
     </span>
     <span class='ocr_line' id='line_1_64' title="bbox 1021 2306 1722 2347; baseline -0.01 -7"><span class='ocrx_word' id='word_1_335' title='bbox 1021 2309 1191 2347; x_wconf 84' lang='lat' dir='ltr'>feruntur,</span> <span class='ocrx_word' id='word_1_336' title='bbox 1222 2308 1302 2338; x_wconf 79' lang='lat' dir='ltr'>milii</span> <span class='ocrx_word' id='word_1_337' title='bbox 1332 2306 1432 2337; x_wconf 76' lang='lat' dir='ltr'>valde</span> <span class='ocrx_word' id='word_1_338' title='bbox 1457 2306 1603 2337; x_wconf 85' lang='lat' dir='ltr'>obscura</span> <span class='ocrx_word' id='word_1_339' title='bbox 1625 2311 1722 2334; x_wconf 82' lang='lat' dir='ltr'>sunt:</span> 
     </span>
     <span class='ocr_line' id='line_1_65' title="bbox 1022 2355 1726 2394; baseline -0.009 -4"><span class='ocrx_word' id='word_1_340' title='bbox 1022 2359 1134 2391; x_wconf 85' lang='lat' dir='ltr'>affinia</span> <span class='ocrx_word' id='word_1_341' title='bbox 1154 2363 1266 2389; x_wconf 78' lang='lat' dir='ltr'>auten]</span> <span class='ocrx_word' id='word_1_342' title='bbox 1293 2362 1371 2388; x_wconf 85' lang='lat' dir='ltr'>sunt</span> <span class='ocrx_word' id='word_1_343' title='bbox 1400 2355 1503 2387; x_wconf 88' lang='lat' dir='ltr'>verbo</span> <span class='ocrx_word' id='word_1_344' title='bbox 1533 2355 1726 2394; x_wconf 75' lang='lat' dir='ltr'>Talipedare,</span> 
     </span>
     <span class='ocr_line' id='line_1_66' title="bbox 1022 2406 1480 2451; baseline -0.011 -10"><span class='ocrx_word' id='word_1_345' title='bbox 1022 2411 1062 2442; x_wconf 90' lang='lat' dir='ltr'>de</span> <span class='ocrx_word' id='word_1_346' title='bbox 1081 2419 1145 2451; x_wconf 79' lang='lat' dir='ltr'>quo</span> <span class='ocrx_word' id='word_1_347' title='bbox 1163 2418 1278 2448; x_wconf 82' lang='lat' dir='ltr'>supra.</span> <span class='ocrx_word' id='word_1_348' title='bbox 1302 2407 1380 2438; x_wconf 82' lang='lat' dir='ltr'>Ant.</span> <span class='ocrx_word' id='word_1_349' title='bbox 1394 2406 1480 2445; x_wconf 78' lang='lat' dir='ltr'>Aug.</span> 
     </span>
    </p>

    <p class='ocr_par' dir='ltr' id='par_1_28' title="bbox 1011 2454 1731 2803">
     <span class='ocr_line' id='line_1_67' title="bbox 1064 2454 1724 2498; baseline -0.011 -8"><span class='ocrx_word' id='word_1_350' title='bbox 1064 2459 1190 2498; x_wconf 78' lang='lat' dir='ltr'>Taurii]</span> <span class='ocrx_word' id='word_1_351' title='bbox 1216 2459 1326 2489; x_wconf 77' lang='lat' dir='ltr'>Taurii</span> <span class='ocrx_word' id='word_1_352' title='bbox 1343 2458 1407 2488; x_wconf 81' lang='lat' dir='ltr'>ludi</span> <span class='ocrx_word' id='word_1_353' title='bbox 1420 2457 1452 2487; x_wconf 80' lang='grc' dir='ltr'>ιἰι</span> <span class='ocrx_word' id='word_1_354' title='bbox 1467 2456 1550 2487; x_wconf 79' lang='lat' dir='ltr'>circo</span> <span class='ocrx_word' id='word_1_355' title='bbox 1567 2454 1724 2486; x_wconf 71' lang='lat' dir='ltr'>fluminio</span> 
     </span>
     <span class='ocr_line' id='line_1_68' title="bbox 1011 2505 1722 2554; baseline -0.011 -12"><span class='ocrx_word' id='word_1_356' title='bbox 1011 2512 1148 2554; x_wconf 75' lang='lat' dir='ltr'>fiebunt,</span> <span class='ocrx_word' id='word_1_357' title='bbox 1163 2511 1216 2551; x_wconf 82' lang='lat' dir='ltr'>qui</span> <span class='ocrx_word' id='word_1_358' title='bbox 1230 2509 1372 2541; x_wconf 77' lang='lat' dir='ltr'>instituti</span> <span class='ocrx_word' id='word_1_359' title='bbox 1388 2509 1464 2540; x_wconf 82' lang='lat' dir='ltr'>Diis</span> <span class='ocrx_word' id='word_1_360' title='bbox 1488 2506 1599 2545; x_wconf 77' lang='lat' dir='ltr'>inferis</span> <span class='ocrx_word' id='word_1_361' title='bbox 1615 2516 1654 2537; x_wconf 78' lang='lat' dir='ltr'>ex</span> <span class='ocrx_word' id='word_1_362' title='bbox 1667 2505 1722 2535; x_wconf 80' lang='lat' dir='ltr'>huc</span> 
     </span>
     <span class='ocr_line' id='line_1_69' title="bbox 1020 2558 1722 2599; baseline -0.013 -6"><span class='ocrx_word' id='word_1_363' title='bbox 1020 2571 1113 2593; x_wconf 79' lang='lat' dir='ltr'>causa</span> <span class='ocrx_word' id='word_1_364' title='bbox 1138 2565 1224 2592; x_wconf 73' lang='lat' dir='ltr'>sunt.</span> <span class='ocrx_word' id='word_1_365' title='bbox 1272 2559 1442 2599; x_wconf 81' lang='lat' dir='ltr'>Tarquinio</span> <span class='ocrx_word' id='word_1_366' title='bbox 1467 2558 1632 2596; x_wconf 75' lang='lat' dir='ltr'>regnante,</span> <span class='ocrx_word' id='word_1_367' title='bbox 1655 2565 1722 2585; x_wconf 84' lang='lat' dir='ltr'>cum</span> 
     </span>
     <span class='ocr_line' id='line_1_70' title="bbox 1019 2606 1722 2652; baseline -0.014 -9"><span class='ocrx_word' id='word_1_368' title='bbox 1019 2613 1129 2652; x_wconf 67' lang='lat' dir='ltr'>grui-is</span> <span class='ocrx_word' id='word_1_369' title='bbox 1146 2611 1327 2651; x_wconf 73' lang='lat' dir='ltr'>pestilentia</span> <span class='ocrx_word' id='word_1_370' title='bbox 1355 2610 1385 2640; x_wconf 82' lang='grc' dir='ltr'>ἱη</span> <span class='ocrx_word' id='word_1_371' title='bbox 1412 2609 1555 2639; x_wconf 78' lang='lat' dir='ltr'>mulieres</span> <span class='ocrx_word' id='word_1_372' title='bbox 1569 2606 1722 2646; x_wconf 72' lang='lat' dir='ltr'>grui-idas</span> 
     </span>
     <span class='ocr_line' id='line_1_71' title="bbox 1020 2657 1731 2702; baseline -0.014 -8"><span class='ocrx_word' id='word_1_373' title='bbox 1020 2663 1195 2702; x_wconf 73' lang='lat' dir='ltr'>incidisset,</span> <span class='ocrx_word' id='word_1_374' title='bbox 1212 2662 1311 2700; x_wconf 80' lang='lat' dir='ltr'>foetus</span> <span class='ocrx_word' id='word_1_375' title='bbox 1337 2660 1443 2698; x_wconf 53' lang='lat' dir='ltr'>injecti</span> <span class='ocrx_word' id='word_1_376' title='bbox 1464 2662 1535 2690; x_wconf 82' lang='lat' dir='ltr'>sunt</span> <span class='ocrx_word' id='word_1_377' title='bbox 1563 2667 1602 2689; x_wconf 74' lang='lat' dir='ltr'>ex</span> <span class='ocrx_word' id='word_1_378' title='bbox 1620 2657 1731 2691; x_wconf 50' lang='lat' dir='ltr'>carnis,</span> 
     </span>
     <span class='ocr_line' id='line_1_72' title="bbox 1020 2706 1721 2755; baseline -0.01 -10"><span class='ocrx_word' id='word_1_379' title='bbox 1020 2718 1128 2755; x_wconf 80' lang='lat' dir='ltr'>putore</span> <span class='ocrx_word' id='word_1_380' title='bbox 1154 2718 1312 2744; x_wconf 73' lang='lat' dir='ltr'>taurorum</span> <span class='ocrx_word' id='word_1_381' title='bbox 1334 2711 1567 2742; x_wconf 78' lang='lat' dir='ltr'>innnolatorum.</span> <span class='ocrx_word' id='word_1_382' title='bbox 1617 2707 1663 2735; x_wconf 72' lang='lat' dir='ltr'>Ol)</span> <span class='ocrx_word' id='word_1_383' title='bbox 1691 2706 1721 2734; x_wconf 71' lang='lat' dir='ltr'>it!</span> 
     </span>
     <span class='ocr_line' id='line_1_73' title="bbox 1024 2757 1718 2803; baseline -0.017 -7"><span class='ocrx_word' id='word_1_384' title='bbox 1024 2765 1132 2796; x_wconf 72' lang='lat' dir='ltr'>Taurii</span> <span class='ocrx_word' id='word_1_385' title='bbox 1148 2764 1212 2795; x_wconf 77' lang='lat' dir='ltr'>&#39;udi</span> <span class='ocrx_word' id='word_1_386' title='bbox 1226 2767 1256 2794; x_wconf 81' lang='lat' dir='ltr'>et</span> <span class='ocrx_word' id='word_1_387' title='bbox 1271 2762 1419 2803; x_wconf 68' lang='lat' dir='ltr'>appellati</span> <span class='ocrx_word' id='word_1_388' title='bbox 1434 2765 1518 2799; x_wconf 76' lang='lat' dir='ltr'>sunt,</span> <span class='ocrx_word' id='word_1_389' title='bbox 1542 2763 1569 2789; x_wconf 80' lang='lat' dir='ltr'>et</span> <span class='ocrx_word' id='word_1_390' title='bbox 1586 2759 1670 2797; x_wconf 75' lang='lat' dir='ltr'>fiunt</span> <span class='ocrx_word' id='word_1_391' title='bbox 1689 2757 1718 2785; x_wconf 68' lang='lat' dir='ltr'>in</span> 
     </span>
    </p>
   </div>
  </div>
 </body>
</html>
