1876 3025
299 192 361 222 DE
395 193 669 224 VERBORUM
702 192 1115 225 SlGNlFlCATIONE
1150 194 1246 227 LlB.
1279 196 1407 227 xvll.

1495 188 1578 229 8:31

180 301 271 328 eum
306 288 529 330 clientium
566 289 760 330 millibus
793 289 969 345 quinque
996 291 1170 345 egressi⁵
1201 291 1393 333 adversus
1426 292 1579 336 Etrus—

180 369 274 405 003,
305 357 360 397 ad
394 371 567 398 amnem
596 356 829 398 Cremeram
857 373 988 399 omnes
1010 366 1103 400 sunt
1133 360 1376 402 interfecti:
1408 375 1497 416 qua
1519 376 1578 403 ex

179 436 308 464 causa
318 422 487 479 factum
509 432 580 477 est,
598 432 644 466 ut
665 441 709 466 ea
735 433 860 481 porca
890 427 1049 468 intrare
1072 428 1277 481 egredive
1300 442 1412 470 omen
1431 430 1578 471 habea-

179 498 262 531 tur.

123 560 379 601 Sceleratus
391 558 599 616 scampus
613 563 860 618 appellatur
870 579 1000 619 prope
1012 563 1413 619 portamCollinam‚
1431 567 1473 607 in
1490 580 1578 620 quo

178 629 358 681 virgines
377 629 560 680 vestale&
579 645 666 685 quae
690 631 882 672 incestum
903 633 1114 684 fecerunt,
1138 633 1331 676 defossae
1348 637 1449 675 sunt
1465 633 1577 675 rivce.

728 748 845 763 ‘‘‘‘‘‘

163 841 180 868 5
207 837 270 868 Ed.
288 837 379 869 Scal.
396 839 538 878 egressis.

850 750 968 764 ‘‘‘‘‘‘

777 945 809 977 N
814 945 918 977 OTAE

161 1028 172 1050 s
193 1029 382 1071 Sceleratus]
399 1030 485 1061 Sunt
497 1030 551 1062 liic
565 1031 819 1073 qnaedam‚quae

117 1080 158 1112 ad
178 1081 270 1112 aliud
289 1081 426 1112 verbum
450 1082 638 1124 pertinent,
656 1083 745 1125 quod
762 1083 820 1114 ad-

115 1132 181 1164 huc
199 1142 327 1174 quaero.
350 1133 428 1164 Ant.
444 1133 530 1173 Aug.

161 1184 338 1215 Sceleratus
367 1185 506 1225 campus]
547 1184 620 1216 Liv.
650 1184 707 1217 lib.
737 1194 819 1216 V111.

117 1238 202 1264 sect.
222 1237 272 1266 15.
297 1234 305 1249 ‘
320 1235 371 1265 Eo
388 1245 475 1265 anno
493 1235 639 1266 Minutia
657 1237 819 1275 Vestalis,

116 1291 278 1325 suspecta
306 1286 412 1325 primo
440 1289 580 1326 propter
608 1286 819 1317 mundiorem

111 1336 207 1376 justo
224 1336 365 1377 cultum,
384 1336 575 1367 insimulata
588 1336 711 1368 deinde
730 1337 817 1378 apud

117 1386 304 1417 Pontifices
332 1387 372 1417 ab
391 1387 501 1418 indice
527 1397 637 1428 servo,
661 1398 736 1418 cum
761 1388 819 1419 ‹le-

115 1441 212 1468 creto
229 1447 344 1468 eorum
356 1438 453 1477 jussa
477 1442 568 1468 esset
590 1438 691 1469 sacris
716 1437 819 1469 absti-

115 1497 208 1529 nere,
223 1487 451 1529 familiamque
469 1490 502 1520 in
521 1494 694 1529 potestate
718 1489 819 1520 liabe-

114 1548 164 1579 re,
180 1538 273 1570 facto
294 1539 425 1580 judicio
445 1540 519 1570 viva
537 1540 598 1571 sub
623 1547 749 1571 terram
777 1540 818 1571 ad

115 1595 246 1631 portam
275 1591 438 1621 Collinam
471 1590 593 1622 dextra
625 1592 679 1622 via
711 1596 820 1622 strata

115 1640 252 1672 defossa
275 1642 443 1672 scelerato
469 1651 600 1682 campo.
647 1642 758 1673 Credo
776 1641 817 1672 ab

114 1692 246 1723 incesto
283 1692 315 1723 id
344 1693 375 1723 ei
407 1694 483 1723 loco
516 1701 636 1722 nomen
666 1692 820 1724 factum.'

114 1742 204 1773 Vide
222 1743 362 1783 Dionys.
381 1748 413 1773 et
434 1743 610 1774 Plutarch.
635 1743 718 1774 Dac.

158 1793 336 1824 Sceleratus
352 1792 490 1833 campus]
515 1793 630 1824 Infra:
651 1794 818 1835 Sacellum,

115 1846 193 1884 quod
216 1845 322 1885 puteal
346 1845 531 1885 appellatur,
549 1848 639 1875 antea
655 1845 750 1879 atria,
764 1845 817 1882 fe-

114 1897 159 1926 cit
175 1895 366 1933 Scribonius,
381 1896 430 1927 cui
452 1896 609 1934 negotium
624 1897 731 1927 datum
744 1896 818 1932 fue-

114 1950 178 1983 rat,
201 1950 237 1977 ut
262 1946 455 1987 conquireret
480 1947 604 1985 sacella,
626 1950 717 1987 atque
740 1947 819 1978 illud

113 1999 314 2029 consecravit.
357 1997 439 2032 Quia
456 1997 488 2027 in
502 2008 536 2027 eo
552 1997 819 2035 locosulgurz'tum

113 2047 256 2078 sacellum
281 2047 363 2085 fuit,
392 2048 471 2087 quod
500 2046 682 2086 ignorarent
702 2047 819 2086 fulgur

113 2098 282 2128 condicum.
305 2098 384 2138 quod
403 2097 491 2136 nefas
507 2100 552 2128 est
572 2097 684 2136 integi,
700 2107 819 2138 semper

114 2148 263 2179 foramine
285 2152 392 2189 aperto
418 2149 526 2179 ca’lum
551 2151 659 2188 patet:
695 2149 750 2179 vix
767 2153 819 2180 est

114 2203 152 2230 nt
181 2209 247 2230 non
277 2200 324 2230 ita
357 2198 536 2239 scripserit
562 2199 704 2229 Festus:
737 2209 815 2231 nam

115 2260 176 2280 cur
210 2251 325 2290 puteal
356 2250 493 2281 Libonis
531 2249 721 2288 diceretur,
750 2250 815 2281 nisi

114 2301 194 2340 quia
216 2301 389 2332 conditum
417 2311 436 2331 a
458 2300 635 2331 Scribonio
663 2301 815 2332 Libone?

116 2360 190 2381 cum
207 2351 249 2382 ob
266 2352 459 2391 neglectam
476 2351 697 2382 bidentalium
715 2356 750 2382 et
769 2352 815 2382 lo-

115 2411 231 2432 corum
248 2401 485 2442 fulguritorum
513 2403 708 2443 religionem
731 2403 814 2433 iram

115 2452 264 2482 Deorum
284 2458 483 2484 vererentur
501 2453 672 2484 incurrere
693 2454 815 2484 Roma-

115 2502 162 2532 ni.
200 2501 345 2533 Videtur
361 2512 402 2533 ex
421 2503 585 2534 relatione
605 2503 814 2535 Pontificum

115 2553 290 2592 negotium
308 2551 423 2582 datum
447 2553 624 2584 Scribonio
651 2553 772 2584 Liboni
796 2564 816 2584 a

116 2606 249 2641 senatu,
265 2607 301 2631 ut
321 2601 581 2642 diligentissime
597 2604 816 2643 conquireret

116 2653 252 2683 sacella.
298 2653 406 2683 Erant
437 2657 550 2682 atltem
589 2654 712 2683 sacella
748 2663 814 2684 non

115 2713 250 2744 semper
266 2703 410 2742 alicujus
429 2703 507 2742 Dei,
525 2702 584 2733 sed
612 2706 734 2743 sa’pius
752 2703 815 2734 ful-

117 2754 231 2794 guris:
279 2753 368 2785 unde
399 2753 509 2784 onmia
539 2754 665 2785 sacella
695 2758 815 2794 aperto

1508 1035 1577 1066 Pu-

873 1084 939 1114 teal
968 1089 1080 1115 autern
1100 1085 1294 1124 impositum
1313 1085 1419 1116 fuisse
1436 1086 1510 1116 loco
1527 1096 1578 1116 sa-

871 1144 931 1165 cro
948 1135 1095 1165 conditis
1122 1135 1169 1166 ibi
1191 1133 1383 1175 fulguribus
1404 1145 1445 1165 ex
1464 1135 1577 1166 Plinio

873 1195 973 1226 supra
1005 1187 1038 1216 in
1070 1186 1182 1218 Navia
1211 1185 1277 1217 ficu
1310 1186 1508 1225 retulimus3
1543 1190 1578 1217 et

871 1246 960 1267 nnnc
979 1246 1084 1268 causa
1102 1242 1201 1278 patet
1220 1246 1325 1278 qnare
1344 1237 1458 1277 puteal
1478 1236 1578 1267 Libo-

872 1288 921 1318 nis
939 1287 1086 1319 dicatur.
1132 1288 1177 1319 At
1196 1288 1228 1317 iu
1246 1287 1456 1318 numismatis
1476 1286 1577 1318 Libo-

872 1338 923 1369 nis
953 1348 1018 1368 non
1045 1339 1220 1377 sacellum,
1245 1338 1304 1369 sed
1332 1348 1391 1369 ara
1414 1344 1486 1369 est:
1524 1338 1578 1369 cui

872 1388 920 1418 rei
944 1387 1045 1419 fidem
1065 1388 1150 1420 facit
1174 1390 1276 1420 etiam
1302 1388 1502 1429 Dionysius,
1519 1389 1576 1429 qni

873 1440 919 1470 ait
934 1439 1040 1478 βωμὸν
1063 1440 1361 1480 superimpositum
1379 1440 1407 1469 ei
1434 1440 1508 1470 loco
1525 1439 1577 1469 fu-

872 1490 954 1522 isse:
992 1491 1066 1528 sed,
1090 1496 1126 1521 ut
1158 1496 1316 1531 apparet,
1345 1499 1410 1520 non
1443 1495 1575 1521 tantum

872 1541 928 1572 illa
956 1552 1026 1581 ara,
1055 1541 1113 1572 sed
1145 1543 1245 1572 etiam
1273 1541 1431 1571 sacellum
1460 1541 1576 1581 puteal

871 1591 1000 1622 dictum
1018 1597 1093 1622 est:
1122 1592 1163 1622 ob
1188 1591 1234 1630 id,
1254 1596 1350 1630 puto,
1367 1591 1444 1631 quia
1468 1590 1577 1621 incer-

872 1647 940 1672 tum
960 1648 1033 1674 erut
1054 1642 1108 1673 ubi
1134 1642 1272 1672 condita
1297 1647 1393 1671 crunt
1410 1641 1574 1671 fulmina:

871 1702 1034 1723 sauenon
1064 1693 1164 1723 aliter
1192 1701 1327 1732 possum
1357 1692 1503 1721 animum
1527 1692 1574 1721 in-

871 1743 1010 1783 ducere,
1027 1743 1107 1783 quin
1127 1743 1250 1773 Festus
1265 1743 1371 1776 ita,ut
1392 1742 1576 1782 posuimus,

871 1794 1064 1834 scripserit.
1122 1794 1199 1824 Duo
1232 1798 1311 1824 sunt
1344 1803 1420 1833 quae
1454 1797 1488 1823 te
1518 1792 1576 1823 ad-

871 1844 1035 1875 monitum
1058 1844 1169 1876 velim.
1212 1844 1339 1884 Unum,
1364 1843 1476 1883 puteal
1508 1852 1575 1874 non

871 1904 943 1926 esse
966 1895 1113 1926 tribunal
1139 1894 1308 1935 praetoris,
1333 1899 1369 1924 ut
1394 1894 1575 1925 voluerunt

870 1948 1029 1990 quidam:
1058 1958 1134 1978 nam
1154 1946 1302 1977 tribunal
1329 1945 1454 1986 gradus
1472 1945 1574 1976 liabe-

869 1997 941 2029 bat.
998 1998 1192 2037 Propterea
1232 1996 1379 2026 tribunal
1419 1997 1575 2036 praesidis

869 2047 982 2087 βαθμοὶ
1013 2053 1155 2079 vocatur
1184 2056 1201 2076 a
1227 2047 1262 2077 S.
1294 2047 1387 2077 Luca
1414 2046 1446 2076 in
1475 2046 1575 2078 Actis

870 2099 1126 2139 Apostolorum,
1139 2102 1173 2128 et
1185 2096 1395 2136 λιθόστρωτον
1404 2096 1444 2127 ab
1456 2097 1575 2128 eadem

870 2154 984 2180 mente
1013 2149 1046 2179 in
1073 2147 1274 2187 Evangelio.
1320 2146 1478 2177 Alterum
1509 2153 1575 2185 est,

870 2209 935 2230 non
960 2209 1035 2230 esse
1060 2208 1133 2229 eam
1159 2207 1263 2238 aram,
1287 2207 1362 2238 quae
1383 2198 1576 2237 Symmachi

871 2257 903 2281 et
924 2249 1195 2282 Christianorum
1215 2247 1401 2289 Ambrosii,
1418 2249 1575 2280 Pruden-

870 2301 922 2340 tii,
945 2301 1156 2340 aliorumque
1182 2300 1433 2330 contentionib.
1460 2300 1575 2338 exagi-

870 2355 942 2382 tata
959 2356 1030 2380 est:
1056 2348 1144 2388 quod
1164 2349 1300 2389 quidam
1328 2350 1451 2380 sciolus
1480 2351 1512 2381 in
1537 2351 1575 2381 li-

871 2400 941 2431 bris
958 2400 1023 2430 suis
1038 2399 1218 2429 Varioruin
1237 2400 1380 2430 notavit.
1404 2400 1443 2430 ld
1461 2406 1574 2431 tamen

872 2457 940 2483 tam
957 2450 1076 2481 falsum
1095 2455 1160 2485 est,
1178 2459 1276 2490 quam
1294 2450 1389 2491 illud,
1408 2452 1497 2492 quod
1517 2452 1575 2482 ad-

872 2502 934 2542 dit,
952 2502 982 2532 in
1008 2501 1136 2542 puteali
1157 2500 1269 2541 jurari
1295 2501 1430 2532 solitum
1458 2501 1574 2533 fuisse.

871 2553 1023 2594 Imponit
1037 2551 1189 2582 omnibus
1209 2551 1297 2581 Acro
1313 2553 1401 2583 male
1420 2553 1575 2584 intellec-

872 2607 938 2642 tus,
965 2602 1023 2643 qui
1051 2601 1138 2631 dixit
1168 2600 1314 2631 tribunal
1348 2603 1504 2642 praetoris
1531 2603 1572 2633 ad

871 2654 987 2695 puteal
1005 2651 1108 2683 fuisse
1124 2662 1131 2681 :
1158 2661 1221 2682 non
1234 2656 1347 2682 autem
1363 2654 1477 2692 puteal
1491 2652 1573 2682 fuis-

872 2713 906 2734 se
925 2703 1074 2734 tribuual
1093 2701 1261 2741 praetoris.
1283 2702 1351 2732 Jos.
1370 2702 1454 2732 διαί.
1504 2703 1573 2733 Sed

872 2762 1052 2794 perperam
1069 2751 1234 2791 Scaliger,
1252 2751 1307 2791 qui
1325 2760 1398 2783 cum
1423 2753 1574 2793 superio·

873 1036 965 1063 tecto
983 1031 1088 1064 fnisse
1105 1043 1210 1074 supra
1235 1035 1380 1066 relatum
1397 1039 1462 1066 est.
