1876 3025
267 146 329 176 DE
363 145 633 176 VERBORUM
670 140 1078 173 SlGNlFICA'l'lONE
1115 140 1203 170 LIB.
1240 139 1365 170 XVII.
1455 129 1539 170 809

152 241 331 295 patella,
354 242 459 295 quia
478 240 586 281 nihil
610 239 731 280 aliud
747 240 803 280 sit
820 238 899 288 sal,
922 250 1054 291 quam
1066 249 1191 290 aqua.
1223 236 1418 276 Salinum
1437 248 1538 275 cum

151 311 245 352 sale
284 310 328 350 in
367 321 514 349 mensa
556 321 720 361 ponere
757 307 902 359 figulis
944 305 1143 357 religioni
1179 304 1378 352 habetur,
1420 302 1538 355 quod

151 377 374 431 quondam
395 377 437 417 in
460 376 693 429 Esquilina
727 375 902 426 regione
925 372 1070 425 figulo,
1094 385 1193 412 cum
1220 371 1377 411 fornax
1411 369 1539 422 plena

150 457 357 486 vasorum
380 448 656 497 coqueretur,
679 446 807 495 atque
828 441 904 481 ille
927 441 1126 493 proxime
1147 452 1242 479 eam
1261 438 1538 487 convivatus,

148 526 277 566 super
291 511 469 553 modum
487 515 618 564 potus
641 523 793 551 somno
816 512 936 550 esset
950 520 1202 562 oppressuS,
1216 519 1312 547 cum
1337 504 1539 546 convivis

150 581 256 630 suis,
276 580 535 634 praeteriens
557 579 737 633 quidam
752 578 959 631 petulans
981 577 1096 616 ostio
1113 578 1288 628 patente
1306 586 1364 614 ex
1384 585 1540 613 mensa

149 649 336 689 salinum
369 648 558 703 conjecit
587 649 632 688 in
661 647 900 694 fornacem,
933 650 1064 697 atque
1095 643 1159 683 ita
1179 641 1382 683 incendio
1415 640 1539 682 exci-

148 720 258 766 tato,
281 716 440 769 figulus
462 729 562 757 cum
586 715 679 756 suis
702 716 1010 754 concrematus
1031 715 1109 752 est.

93 785 274 825 Saliosm
295 797 320 824 a
340 784 550 832 saliendo,
571 787 612 824 et
641 782 844 823 saltando
874 782 1021 822 dictos
1042 793 1157 829 esse,
1188 778 1389 832 quamvis
1412 777 1539 819 dubi-

149 853 232 893 tari
264 865 351 893 non
393 852 568 902 debeat,
600 855 744 892 tamen
776 849 993 890 Polemon
1024 848 1086 888 ait
1106 846 1288 888 Arcada
1320 845 1538 899 quendam

147 921 284 961 fuisse
306 921 479 960 nomine
515 919 698 967 Salium,
722 930 850 971 quem
872 917 1041 957 AEneas
1065 929 1091 956 a
1122 915 1358 955 Mantinea
1381 914 1427 954 in
1450 912 1537 953 Ita-

147 989 253 1030 liam
274 988 530 1029 deduxerit:
563 987 635 1041 qui
650 987 845 1041 juvenes
868 985 1051 1025 Italicos
1074 982 1233 1023 ἐνόπλιον
1255 981 1538 1023 saltationem

149 1057 361 1098 docuerit.
421 1056 484 1097 At
513 1055 738 1096 Critolaus
773 1055 996 1103 Saonem‚⁵
1025 1065 1082 1093 ex
1113 1051 1399 1092 Samothrace
1438 1061 1537 1089 cum

148 1126 290 1167 AEnea
323 1126 445 1166 Deos
478 1124 671 1165 Penates
693 1122 768 1176 qui
791 1121 1024 1162 Lavinium
1059 1118 1340 1167 transtulerit,
1367 1116 1536 1157 Saliare

149 1207 286 1247 genus
302 1192 489 1234 saltandi
505 1192 761 1240 instituisse,
778 1204 804 1231 a
823 1203 911 1244 quo
928 1189 1178 1243 appellatos
1195 1187 1359 1235 Salios,
1377 1184 1538 1238 quibus

147 1275 224 1315 per
245 1261 386 1302 omnis
407 1261 512 1311 dies,
533 1261 798 1313 ubicumque
819 1263 1028 1309 manent,¹¹
1059 1257 1164 1312 quia
1186 1255 1346 1310 amplae
1369 1264 1538 1307 ponun-

694 1389 931 1406 ‘aeeaee‘eoeaeqe

134 1463 152 1489 5
177 1458 326 1500 Conjicit
354 1459 442 1490 Dae.
467 1458 621 1490 Salonem.

741 1578 773 1610 N
779 1577 886 1610 OTAE

132 1662 154 1677 ¹¹¹
176 1656 291 1697 Salios]
313 1656 442 1688 Glossae
458 1667 465 1686 ε
492 1656 501 1674 ‘
519 1656 642 1694 Salius,
659 1654 754 1695 ἱερεὺς
771 1656 787 1684 ὁ

90 1707 130 1738 τὰ
139 1709 262 1744 διοπετῆ
272 1707 354 1738 ὅπλα
366 1707 545 1746 θεραπεύων.
557 1705 700 1745 ὑμνῳδός.
714 1705 788 1746 πρύ-

89 1759 196 1790 τανις.’
241 1759 322 1789 Salii
335 1763 558 1799 cognomento
575 1758 678 1788 etiam
688 1761 786 1787 erant

91 1810 214 1841 Collini
248 1814 284 1840 et
318 1809 538 1850 Agonenses:
573 1809 667 1847 item,
696 1807 785 1848 quod

93 1863 227 1901 vulgare
246 1871 309 1892 non
333 1866 397 1900 est,
414 1860 554 1891 Pallorii
578 1865 613 1891 et
636 1860 785 1890 Pavorii.

89 1913 224 1943 Servius
242 1913 274 1943 in
287 1912 434 1943 schedis:
454 1911 463 1927 ‘
478 1911 553 1942 Duo
567 1916 643 1942 sunt
660 1920 786 1950 genera

89 1964 266 2003 Saliorum,
289 1968 324 1994 ut
352 1963 384 1993 in
411 1961 593 1993 Saliaribus
621 1961 784 1992 Carmini-

89 2016 147 2046 bus
164 2015 354 2052 iuvenitur;
380 2013 514 2053 Collini,
531 2017 567 2043 et
590 2012 782 2044 Quirinales

89 2076 109 2097 a
131 2066 244 2097 Numa
269 2065 443 2096 instituti:
468 2063 510 2094 ab
530 2063 678 2094 Hostilio
704 2072 782 2093 vero

90 2116 225 2147 Pavorii
246 2121 279 2147 et
290 2114 456 2147 Pallorii!
490 2114 650 2145 Haecille.
688 2114 781 2146 Quos

90 2167 282 2199 Quirinales
305 2167 359 2196 liic
377 2170 487 2203 vocat,
510 2170 587 2196 sunt
613 2165 668 2205 qui
685 2165 783 2195 aliter

87 2217 294 2257 Agonenses.
342 2217 427 2248 Nam
442 2223 477 2247 et
490 2226 581 2246 mons
598 2216 781 2248 Quirinalis

89 2269 266 2300 dicebatur
282 2268 455 2308 Agonalis.
477 2269 545 2298 Jos.
562 2267 646 2298 Scal.

131 2320 249 2361 Salios]
273 2320 355 2350 Salii
376 2323 454 2350 sunt
478 2317 640 2359 ὀρχησταί.
686 2318 716 2349 Α
734 2328 783 2350 sa·

89 2370 141 2407 lio,
158 2370 270 2411 Salius,
294 2374 332 2401 ut
348 2381 366 2400 a
382 2371 390 2387 ‘
406 2369 537 2408 condo‚’
552 2371 561 2386 ‘
576 2368 704 2400 condus
717 2368 740 2400 ι’
764 2378 784 2399 a

90 2422 98 2436 ‘
116 2421 252 2461 mergo,'
276 2420 285 2435 ‘
303 2419 458 2459 mergus!
502 2419 590 2450 Inde
613 2418 623 2435 ζ
639 2419 783 2450 Saliares

90 2472 209 2502 insulae
225 2471 233 2484 ’
248 2470 358 2501 Plinio
379 2469 594 2512 ὀρχηστρίδες,
610 2469 783 2510 χορητίδες.

88 2523 220 2554 Salmas.
264 2522 428 2553 Saliorum
453 2523 545 2561 origo
572 2522 714 2552 incerta.
752 2520 782 2550 A

89 2574 176 2604 Salio
194 2572 326 2604 Arcade
350 2573 418 2612 alii,
434 2572 489 2603 alii
507 2582 526 2603 a
552 2574 664 2604 Numa
689 2571 784 2602 insti-

90 2629 179 2656 tutos
197 2622 321 2654 ferunt.
367 2622 419 2652 De
436 2623 539 2653 AEnea
562 2623 664 2654 habet
680 2623 781 2654 Pole-

88 2685 165 2706 mon
179 2679 275 2705 vetus
288 2683 399 2704 rerum
410 2673 604 2704 Italicarum
616 2673 781 2714 scriptor:

90 2731 124 2758 et
140 2725 181 2757 ab
199 2735 238 2757 eo
263 2724 420 2756 Servius:
447 2724 456 2741 ‘
468 2723 560 2766 Alii‚’
576 2723 697 2766 inquit,
714 2722 723 2739 ‘
736 2723 782 2754 di-

838 1658 921 1685 cunt
945 1653 1071 1684 Salium
1098 1652 1264 1693 quendam
1291 1649 1457 1681 Arcadem
1486 1648 1537 1680 fu-

836 1705 913 1745 isse,
941 1704 999 1745 qui
1024 1703 1181 1743 'l‘rojanis
1206 1702 1346 1741 junctus
1374 1701 1461 1730 hunc
1488 1700 1537 1730 lu-

838 1754 917 1785 dum
937 1754 968 1784 in
984 1753 1089 1784 sacris
1101 1750 1313 1782 instituerit.’
1358 1751 1409 1780 De
1424 1750 1538 1781 Numa

837 1806 1023 1845 scriptores
1050 1804 1135 1834 bene
1153 1802 1259 1833 multi.
1306 1802 1415 1832 Fuere
1433 1801 1535 1831 etiam

837 1856 894 1896 qui
919 1865 939 1886 a
964 1854 1126 1886 Dardano
1155 1853 1332 1883 institutos
1359 1851 1534 1882 dicerent:

836 1908 919 1938 item
945 1905 1002 1947 qui
1028 1915 1046 1935 a
1063 1905 1191 1935 Mori-io
1216 1903 1361 1944 quodam
1375 1902 1536 1932 Veienta-

839 1967 957 1988 norum
970 1966 1060 1996 rege.
1099 1956 1145 1986 Ut
1160 1960 1195 1985 ut
1209 1955 1265 1994 sit,
1279 1953 1425 1983 instituti
1440 1951 1536 1983 fuere

839 2009 881 2041 ad
910 2009 1130 2040 imitationem
1159 2007 1334 2044 Curetum,
1351 2005 1408 2046 qui
1434 2004 1535 2045 primi

838 2060 984 2091 ἐνόπλιον
1013 2058 1143 2100 ὄρχησιν
1171 2058 1338 2089 saltarunt
1363 2057 1396 2086 in
1421 2061 1535 2086 monte

837 2112 923 2143 Ida:
949 2112 991 2142 de
1019 2121 1086 2152 quo
1108 2109 1303 2141 Callimacli.
1320 2108 1411 2147 hym.
1428 2108 1461 2137 in
1475 2107 1535 2139 Jo-

837 2173 922 2195 vem.
940 2163 1021 2194 Dae.

879 2219 894 2234 ¹¹
919 2214 1037 2250 Quibus
1059 2223 1115 2254 per
1139 2212 1237 2243 omnis
1264 2212 1330 2242 (lies
1355 2210 1536 2249 ubicumque

836 2265 975 2305 manent]
1015 2265 1100 2296 Haec
1132 2263 1327 2304 praeclaram
1360 2261 1537 2292 continent

838 2317 1049 2357 antiquitatis
1059 2314 1294 2354 cognitionem.
1328 2313 1424 2352 Quae,
1437 2315 1473 2342 ut
1487 2311 1536 2341 in-

837 2367 1046 2406 telligantur,
1062 2364 1236 2396 sciendum
1261 2368 1311 2395 est
1331 2364 1408 2394 olim
1427 2372 1469 2393 ex
1486 2362 1536 2392 in·

838 2420 959 2451 stituto
983 2419 1102 2450 Numae
1131 2417 1252 2448 ancilia
1276 2416 1414 2455 singulis
1441 2415 1536 2446 annis

837 2479 952 2501 mense
976 2469 1103 2499 Martio
1121 2477 1138 2497 e
1154 2467 1300 2498 sacrario
1325 2466 1447 2497 Martis
1465 2476 1535 2496 mo-

838 2521 908 2551 veri
926 2521 1035 2559 solita,
1051 2528 1179 2560 perque
1195 2518 1267 2548 dies
1292 2516 1452 2557 plurimos
1469 2517 1535 2547 cir-

838 2570 1020 2603 cumferr12
1044 2570 1186 2609 ideoque
1203 2577 1264 2608 per
1288 2567 1400 2598 urbem
1419 2566 1533 2606 dispo·

837 2622 901 2652 sita
927 2620 1083 2660 sacraria,
1106 2628 1172 2660 quo
1198 2627 1234 2648 se
1258 2617 1337 2648 Salii
1364 2616 1406 2646 de
1430 2620 1532 2646 nocte

835 2671 1041 2711 reciperent,
1067 2669 1176 2699 donec
1202 2667 1285 2698 urbe
1311 2664 1468 2697 confecta
1497 2665 1531 2695 in

835 2721 1018 2754 sacrarium
1032 2720 1154 2752 Martis
1172 2718 1335 2755 redirent,
1347 2717 1458 2758 ibique
1474 2725 1533 2747 ane
