1876 3025
256 140 339 182 884

709 150 857 181 SEXTl
891 149 1092 180 POMPEll
1129 150 1265 181 FESTI

259 245 505 296 Sonticum‚
531 246 720 300 justum.
745 245 965 286 Naevius:
998 244 1227 286 Sonticam
1248 257 1345 286 esse
1368 257 1496 298 opor·
1529 244 1707 298 [PAUL.

315 317 380 354 tet
411 327 605 364 causam,
628 314 910 368 quamobrem
931 312 1091 366 perdas
1113 313 1354 353 mulierem.

265 379 431 421 sontica
452 394 581 422 causa
603 381 761 422 dicitur
791 394 819 421 a
840 381 996 421 morbo
1017 380 1168 420 sontico
1194 387 1366 434 propter
1395 393 1511 434 quem
1547 380 1715 432 [Fss'r.

317 448 426 503 qnod
445 456 502 489 est
520 449 757 503 gerendum
779 461 906 501 agere
937 447 1176 488 desistimus.
1209 446 1275 487 M.
1297 446 1473 488 Porcius
1504 447 1620 489 Cato
1657 446 1711 486 de

317 530 363 557 re
384 516 441 558 A.
461 516 597 558 Atili:
623 514 737 558 Quid
755 515 885 555 dicam
917 529 1045 556 causae
1081 515 1288 566 extitisse,
1315 516 1549 557 timidusne
1576 514 1627 555 sis
1658 528 1712 554 an

318 584 599 639 impedimento
621 583 701 624 tibi
723 597 902 625 causam
925 585 1143 625 sonticam
1153 582 1289 639 sitisse
1310 581 1331 623 {2

265 653 476 694 Soracum
488 658 520 683 ¹9
534 655 613 703 est,
627 665 714 705 quo
729 655 1220 705 ornamentaportantur
1235 652 1521 693 scenicorum.
1537 651 1664 705 [PAu
1676 662 1715 690 ι,.

268 719 464 760 Soracum
481 725 497 750 Ρ
516 718 681 767 dicitur,
704 732 792 773 quo
819 726 1071 760 ornamenta
1086 726 1312 773 portantur
1332 719 1510 759 scenico·
1549 719 1607 772 [F
1617 729 1718 758 EST.

320 800 431 827 rum.
491 787 674 827 Plautus
695 786 735 826 in
759 785 918 826 Persa:
952 784 1180 828 Librorum
1201 787 1365 828 icillum
1394 786 1562 840 plenum
1583 800 1718 826 sorra-

322 869 411 894 cum
432 853 572 894 haheo.

267 922 494 964 Sororiare
509 920 570 946 20i
591 935 795 964 mammae
812 923 1019 964 dicuntur
1041 923 1302 975 puellarum,
1325 937 1424 965 cum
1447 924 1631 978 primum
1653 927 1719 962 tu-

872 1043 1011 1055 eeeeeee

312 1124 351 1151 19
376 1120 455 1151 Vet.
472 1120 529 1152 lib.
543 1120 683 1161 Sacrum,
701 1122 753 1152 vel
771 1121 948 1153 Sorracum.

1016 1043 1115 1056 00000

996 1122 1062 1153 Alii
1077 1122 1326 1153 Sm·‹1cmn.—20
1349 1122 1429 1152 Vct.
1448 1119 1523 1152 cod.
1539 1119 1722 1151 Sororarz‘oe.

928 1231 1070 1263 NOTAE

313 1311 327 1332 ⁴¹
355 1312 517 1352 Soracwn]
543 1312 717 1353 Refertur,
745 1319 780 1344 ut
804 1314 936 1354 opinor,
957 1324 974 1344 a

273 1365 375 1394 Fe>10
402 1374 518 1394 versus
547 1365 662 1395 Plauti
688 1365 721 1394 in
739 1364 870 1395 Persa:
898 1365 973 1395 ‘Li-

273 1413 409 1444 brorum
427 1414 514 1444 enim
542 1424 623 1445 ecce
645 1414 735 1445 illum
754 1416 889 1454 plenum
906 1425 974 1445 sor·

274 1473 388 1493 racum
427 1463 558 1494 habeo!
603 1464 671 1495 Sed
704 1465 859 1504 verbum,
881 1466 974 1500 enim,

273 1524 338 1544 nou
357 1516 513 1555 agnoscit
528 1517 660 1551 Festus,
675 1521 709 1547 et
728 1527 788 1557 pro
801 1527 867 1548 ecce
877 1518 977 1553 illum,

272 1565 342 1596 sive
360 1566 509 1606 eccillum,
521 1567 637 1597 icillum
651 1568 785 1608 scripsit
802 1569 955 1599 librarius
970 1580 979 1607 ;

274 1616 361 1657 quod
381 1616 412 1646 iu
440 1617 591 1655 margine
619 1622 772 1648 notatum
789 1627 862 1649 esse
882 1618 979 1649 video

274 1667 374 1697 litera
390 1667 428 1697 R.
475 1668 578 1698 Varie
596 1668 659 1698 hoc
673 1679 795 1700 nomeu
813 1670 979 1710 scriptum

276 1719 402 1758 reperi.
464 1718 550 1749 Nam
576 1720 777 1751 Quintilian.
809 1721 868 1752 lib.
899 1730 980 1751 vul.

277 1778 307 1798 c.
336 1771 366 1799 3.
398 1767 507 1799 refert
535 1769 733 1800 Ciceronem
762 1770 793 1800 in
822 1771 981 1800 Pisonem

277 1818 478 1858 scripsisse:
503 1820 600 1849 ‘cum
631 1819 694 1850 tibi
728 1824 800 1850 lota
824 1820 982 1858 cognatio

277 1870 311 1899 in
339 1878 474 1900 serraco
506 1869 718 1901 advehatur!
771 1871 817 1901 Et
849 1871 983 1901 vitruv.

278 1919 337 1950 lib.
356 1928 393 1950 x.
410 1930 438 1951 c.
460 1923 486 1950 l.
512 1920 753 1952 ‘Portationes
777 1931 892 1952 eorum
916 1931 981 1952 non

279 1974 405 2010 essent,
434 1971 495 2000 nisi
523 1971 763 2010 plaustrorum,
792 1977 849 2002 aut
876 1982 982 2001 sarra-

280 2030 394 2050 con-um
423 2030 483 2059 per
508 2024 645 2055 terram,
665 2021 895 2052 navicularum
923 2031 983 2061 per

280 2080 402 2111 aquam
431 2071 579 2101 inventae
611 2076 726 2102 essent
764 2072 984 2102 machinatio-

282 2120 368 2152 nes.'
392 2121 517 2153 Juven.
536 2122 649 2162 Satyr.
668 2124 699 2152 3.
723 2123 731 2139 ‘
744 2123 858 2162 Longa
874 2132 985 2153 corus·

281 2175 338 2201 cat
354 2171 496 2201 Sari-aco
516 2172 673 2202 veniente
700 2171 808 2210 abies,
822 2176 921 2213 atque
939 2173 983 2202 al-

283 2226 356 2252 tera
396 2222 511 2261 pinum
552 2222 710 2253 Plaustra
751 2222 877 2253 vehunt
894 2221 914 2252 τ’
949 2227 986 2253 et

280 2272 393 2311 Satyr.
409 2275 439 2302 5.
463 2276 470 2288 ‘
486 2272 622 2311 Frigida
643 2274 881 2313 circumagunt
899 2273 985 2313 pigri

282 2321 427 2352 Sarraca
444 2322 592 2354 Bootae.y
638 2324 777 2363 Ulpian.
805 2323 866 2354 sub
885 2324 984 2354 titulo

284 2371 326 2401 ad
345 2373 378 2401 L.
396 2372 510 2412 Aquil.
525 2382 554 2403 c.
570 2376 622 2403 29.
645 2374 654 2390 ‘
671 2374 758 2405 Quia
773 2374 867 2414 parvi
882 2372 988 2404 refert

283 2432 402 2452 navem
434 2423 663 2463 immittendo,
693 2429 752 2455 aut
783 2425 987 2455 serraculum

289 2473 331 2503 ad
368 2482 489 2503 navem
523 2473 692 2509 ducendo,
726 2484 766 2505 an
799 2480 857 2505 tua
887 2485 988 2506 mauu

286 2523 443 2553 damnum
463 2523 621 2555 de‹.leris.'
668 2526 777 2556 Quem
795 2526 903 2556 locum
922 2536 988 2556 nou

284 2573 527 2612 intelligentes,
538 2583 599 2613 pro
611 2576 776 2613 serraculo,
790 2577 990 2614 serraculum,

286 2624 339 2654 vel
355 2623 552 2663 verriculum,
584 2624 635 2654 vel
655 2625 907 2665 gubernaculum,
931 2626 983 2656 vel

277 2674 453 2711 scrut-ulum
471 2673 666 2705 ediderunt.
689 2674 766 2706 Ant.
784 2676 870 2713 Aug.

330 2724 493 2765 Soractem]
519 2724 587 2757 Alii
607 2725 765 2757 Sarae-um(
814 2727 981 2759 Glossari-

1030 1317 1083 1337 um
1099 1319 1105 1337 ;
1130 1309 1138 1323 ⁴
1153 1308 1306 1341 Sarraca,
1323 1304 1446 1344 ἅμαξα.’
1468 1306 1536 1335 Jos.
1554 1304 1637 1335 Scnl.

1072 1358 1234 1398 Summum]
1257 1357 1286 1388 Λ
1304 1357 1428 1388 Grarco
1446 1355 1593 1395 σώρακος,
1606 1355 1647 1385 ‹le
1660 1364 1725 1395 quo

1031 1411 1078 1442 sic
1097 1410 1242 1440 Pollux:
1267 1408 1404 1448 σώρακος
1426 1407 1458 1437 δὲ
1481 1407 1563 1447 παρὰ
1581 1408 1647 1437 τοῖς
1669 1418 1726 1436 κω-

1029 1461 1207 1498 μωδοποιοΐς
1236 1459 1331 1490 οὕτως
1357 1457 1519 1496 ὠνομάσθη
1539 1457 1576 1488 τὸ
1597 1457 1728 1497 ἀγγεῖον

1030 1512 1063 1541 ἐν
1078 1508 1103 1550 ᾧ
1124 1511 1166 1541 τὰ
1187 1509 1283 1548 σκεύη
1298 1511 1359 1540 τῶν
1375 1510 1552 1548 ὑποκριτῶν.
1598 1508 1637 1539 Id
1663 1515 1729 1543 est,

1027 1562 1203 1592 ‘Soracum
1216 1567 1327 1591 autem
1341 1560 1430 1600 apud
1445 1558 1613 1590 comoedos
1624 1559 1671 1589 ita
1682 1559 1730 1588 di-

1031 1612 1120 1643 citur
1139 1622 1194 1643 vas
1212 1613 1244 1643 in
1261 1622 1326 1653 quo
1341 1615 1517 1652 portantur
1531 1610 1728 1640 histrionum

1031 1662 1251 1694 ornamenta!
1297 1662 1393 1693 Idem
1411 1667 1461 1692 est
1474 1670 1612 1692 soracum
1627 1670 1664 1690 ac
1681 1670 1729 1691 sa-

1032 1724 1147 1753 ravum,
1170 1713 1256 1754 quod
1280 1713 1312 1743 iu
1331 1713 1443 1743 Gloss.
1467 1711 1650 1751 exponitur
1676 1721 1730 1742 ve-

1033 1765 1200 1794 luculum:
1227 1773 1330 1803 quare
1347 1762 1527 1793 dicendum
1543 1767 1611 1800 est,
1624 1763 1730 1802 primo

1035 1825 1186 1845 soracum
1215 1814 1343 1844 dictum
1376 1813 1564 1843 vehiculum
1600 1813 1634 1842 in
1665 1822 1731 1852 quo

1035 1866 1145 1896 corbis
1171 1870 1256 1900 erat,
1282 1863 1439 1894 velaliud
1468 1873 1525 1894 vas
1552 1863 1593 1893 ad
1618 1873 1732 1893 omnes

1036 1928 1087 1948 res
1107 1917 1331 1957 recipiendas,
1348 1920 1464 1955 postea
1490 1924 1571 1945 vero
1592 1915 1733 1955 quodvis

1036 1967 1224 1998 vehiculum
1250 1976 1316 2006 quo
1332 1974 1435 1995 onera
1452 1969 1642 2005 portantur.
1672 1965 1732 1996 Ju-

1037 2017 1147 2048 venal.
1164 2017 1236 2047 Sat.
1250 2018 1280 2046 3.
1304 2016 1313 2030 ‘
1333 2015 1446 2054 Longa
1461 2019 1617 2045 coruscat
1633 2015 1731 2044 Sara-

1036 2077 1077 2099 co
1104 2067 1259 2098 veniente
1285 2065 1401 2096 ahies?
1450 2066 1570 2106 Neque
1595 2066 1733 2096 audien-

1037 2118 1098 2149 dus
1114 2118 1256 2148 Salmas-⁷
1275 2117 1330 2157 qui
1347 2116 1519 2147 diversum
1536 2114 1630 2148 facit.
1666 2117 1733 2147 Va-

1039 2169 1088 2199 rie
1119 2174 1233 2198 autem
1263 2168 1426 2207 scriptum
1455 2167 1625 2198 invenitur
1652 2168 1734 2198 illud

1038 2229 1173 2258 nomen,
1186 2229 1335 2257 soracum,
1349 2229 1503 2254 soracum,
1519 2228 1688 2254 surrucum,
1705 2224 1733 2249 et

1037 2280 1204 2301 serrucum.
1248 2270 1314 2301 Sed
1333 2269 1535 2309 ubicumque
1563 2268 1615 2298 vel
1631 2278 1734 2299 sarra—

1038 2331 1106 2351 cum
1130 2322 1253 2360 legitur
1280 2322 1333 2351 vel
1357 2329 1522 2354 serracum,
1552 2319 1735 2349 rescriben-

1040 2371 1118 2401 dum
1135 2374 1216 2411 puto
1231 2379 1384 2408 soracum,
1401 2369 1451 2399 vel
1468 2378 1618 2399 soracum.
1648 2370 1734 2401 Nam

1040 2433 1056 2452 ο
1073 2431 1165 2461 saepe
1182 2426 1332 2451 mutatur
1348 2421 1379 2450 in
1396 2431 1424 2450 (ι.
1451 2421 1533 2450 Dae.

1082 2471 1088 2491 ἰ
1113 2470 1288 2509 Sororiare]
1304 2471 1388 2501 Sunt
1405 2470 1460 2510 qui
1476 2470 1590 2501 Plauti
1605 2478 1735 2500 versum

1041 2524 1089 2554 ita
1106 2523 1237 2561 legant:
1267 2522 1350 2551 Tunc
1371 2521 1494 2561 papillae
1507 2521 1639 2560 primum
1654 2530 1736 2550 soro-

1041 2573 1184 2604 riabant:
1215 2572 1290 2603 illud
1317 2573 1398 2602 volui
1423 2572 1523 2602 dicere
1543 2572 1736 2609 fratercula-

1042 2624 1113 2654 bant
1126 2635 1135 2653 .·
1157 2623 1224 2662 alii,
1242 2627 1277 2653 ut
1296 2622 1458 2662 Faernus,
1474 2622 1603 2662 legunt,
1620 2621 1733 2659 primu-

1039 2676 1111 2709 lum„
1130 2678 1268 2714 propter
1286 2683 1414 2703 versum
1435 2673 1614 2709 senarium,
1628 2673 1680 2712 qui
1701 2672 1733 2700 in

1039 2735 1079 2757 eo
1104 2725 1207 2756 verbo
1238 2725 1373 2755 desiuit.
1419 2723 1504 2754 vide
1532 2720 1734 2753 ‘ru-auare!
