1876 3025
640 184 1006 215 FRAGMENTUM.
1430 174 1540 215 1161

99 280 363 323 sacrificium
397 280 443 321 fit
477 279 616 333 capite
655 285 808 332 aperto.
871 275 976 331 Ejus
1014 281 1149 317 autem
1183 290 1296 316 sacro
1333 276 1546 318 Metellus

97 347 359 390 Pont.Max.
380 362 468 387 cam
489 345 712 387 Claudium
734 345 1157 401 Auguremjassisset
1173 345 1359 393 adesset,
1382 350 1432 385 ut
1448 358 1545 385 eum

98 422 191 457 tuuc
209 415 417 457 adhiberet
441 415 531 455 Ser.
552 414 722 469 Sulpici
744 416 837 456 Ser.
872 414 922 454 F.
945 412 1264 467 inaugurationi
1278 426 1290 450 .-
1325 411 1393 452 ille
1414 419 1547 452 autem

97 489 305 527 excusaret
336 498 398 535 se,
431 496 559 525 sacra
589 484 674 524 sibi
704 481 940 524 familiaria
970 481 1143 531 obstare,
1170 479 1278 536 quib.
1300 480 1547 534 supplican-

95 555 199 596 dum
219 559 337 594 esset
357 554 503 606 capite
533 558 670 606 operto
689 568 701 592 .·
736 550 918 591 Saturno
949 557 1081 591 autem
1112 554 1228 591 esset
1262 550 1467 597 futurum,
1498 552 1548 589 ut

96 635 196 664 cum
229 627 374 674 aperto
402 620 531 674 capite
562 634 623 660 res
649 633 764 659 sacra
786 619 992 660 facienda
1017 623 1162 660 esset:
1196 616 1401 673 Pontifex
1428 615 1547 657 illam

94 688 286 730 multavit
306 704 318 729 .·
349 687 563 729 Claudius
584 687 869 742 provocavit:
891 685 958 727 sed
975 701 1061 726 cam
1084 685 1367 726 reconciliatus
1395 684 1548 725 Ponti-

94 757 169 798 fici
204 763 326 798 esset
367 756 583 797 Claudius
620 754 787 797 familiae
827 755 951 795 sacris
976 754 1170 808 peractis,
1201 754 1386 794 Saturno
1420 765 1548 794 sacra

94 824 199 865 fecit
228 825 425 879 religione
455 823 621 865 solutus.
685 823 849 864 Saxum
882 823 1115 876 Tarpeium
1146 821 1408 875 appellatam
1430 822 1547 861 aimzt

85 899 249 946 partem
272 895 436 943 montis,
467 894 542 947 qui
574 894 631 933 ob
659 893 876 946 sepultam
905 891 1127 944 Tarpeiam
1149 889 1206 930 ibi
1226 889 1438 944 virginem,
1460 902 1547 942 (luce

93 973 190 1000 eum
213 965 402 1001 montem
425 961 606 1001 Sabinis
625 959 796 1013 prodere
817 965 944 1013 pacta
961 965 1065 1008 erat,
1090 958 1148 998 ita
1175 958 1429 999 nominatus
1451 962 1545 997 est:

92 1028 165 1068 vel
202 1027 254 1067 ab
290 1043 349 1078 eo,
382 1028 492 1083 quod
522 1027 689 1083 quidam
718 1028 878 1067 nomine
908 1027 960 1068 L.
990 1026 1211 1079 Tarpeius
1244 1025 1439 1066 Romulo
1460 1024 1548 1079 regi

93 1109 180 1134 cum
209 1102 379 1149 propter
409 1100 555 1150 raptas
586 1096 775 1149 virgines
805 1095 1122 1144 adversaretur,
1155 1093 1195 1133 in
1227 1107 1273 1133 ea
1299 1099 1435 1146 parte,
1465 1106 1545 1147 qua

91 1176 241 1203 saxum
264 1169 348 1213 est,
364 1164 417 1204 de
436 1164 571 1205 noxio
594 1177 728 1217 poena
749 1171 926 1218 sumpta,
945 1161 1165 1216 Tarpeiam
1181 1160 1349 1209 dictum,
1365 1161 1544 1200 noluere

90 1231 309 1271 funestum
333 1232 588 1272 locum'cnm
610 1231 740 1272 altera
770 1239 892 1286 parte
921 1231 1113 1284 Capitoli
1135 1228 1353 1282 conjungi.
1419 1225 1546 1279 Scap-

92 1297 178 1337 tiaf
210 1298 341 1339 tribas
368 1314 392 1338 a
421 1300 588 1340 nomine
611 1299 746 1340 Urbis
770 1300 968 1353 Scaptiae
992 1296 1215 1351 appellata,
1236 1309 1360 1350 quam
1384 1293 1547 1338 Pedani

90 1366 349 1408 incolebant.
409 1367 634 1408 Stellatina
650 1373 665 1395 g
698 1366 826 1407 tribus
855 1366 979 1414 dicta,
1008 1379 1087 1405 ¹non
1108 1378 1132 1403 a
1155 1377 1293 1416 campo
1314 1376 1382 1412 eo,
1405 1363 1481 1416 qui
1502 1363 1544 1401 in

91 1433 336 1488 Campania
357 1441 438 1486 est,
462 1436 539 1476 sed
562 1449 629 1486 eo,
651 1437 728 1489 qui
752 1450 906 1489 parum
935 1433 1047 1475 abest
1076 1432 1128 1473 ab
1150 1431 1248 1472 urhe
1273 1430 1465 1484 Capena,
1488 1443 1545 1471 ex

91 1515 179 1555 quo
210 1502 346 1558 Tusci
378 1503 579 1556 profecti.
641 1503 907 1544 Stellatinam
934 1516 1023 1542 eam
1054 1514 1257 1553 campum
1286 1499 1546 1554 appellave-

89 1574 200 1610 runt.
261 1570 469 1610 Sabatina
491 1585 515 1610 a
538 1569 629 1609 laea
653 1569 828 1610 Sabate.
889 1569 1042 1610 Sabini
1058 1566 1073 1589 '¹
1103 1568 1225 1616 dicti,
1252 1572 1298 1608 ut
1318 1567 1381 1607 ait
1400 1565 1544 1607 Varro

96 1635 319 1686 Terentius,
353 1638 472 1690 quod
511 1651 564 1678 ea
584 1652 688 1690 gens
726 1638 837 1678 PP.2
873 1636 1104 1690 praecipue
1139 1636 1258 1676 colat
1291 1635 1432 1674 Deos:
1462 1632 1544 1672 sive

90 1701 244 1743 ἀπὸτοῦ
262 1703 452 1755 σέβεσθαι.
513 1704 751 1758 Sanqualis
773 1708 900 1758 porta
926 1702 1133 1757 appellata.
1164 1708 1218 1742 est
1251 1701 1372 1755 [151]
1404 1700 1455 1740 ab
1476 1700 1545 1740 avi

90 1772 295 1826 sanquali,
328 1771 469 1825 ideoq.
499 1773 651 1812 eodem
674 1777 743 1813 est
764 1773 952 1821 nomine,
974 1786 1052 1826 qao
1075 1770 1160 1810 avis
1181 1770 1269 1823 ipsa
1293 1767 1542 1822 appellatur.

92 1839 246 1890 Silere,
269 1844 463 1893 tangere3
497 1838 832 1895 sigiefficat,ficto
853 1839 974 1880 verbo
997 1853 1023 1880 a
1045 1853 1065 1880 s
1085 1839 1225 1888 litera,
1256 1850 1359 1892 quae
1380 1834 1541 1876 initiam

715 1970 832 1983 ‘eveo‘
838 1970 936 1982 eene·

133 2017 153 2045 2
176 2013 199 2045 f.
222 2015 434 2047 Penates.—3
460 2015 482 2048 f.
498 2020 610 2048 tacere.

749 2116 891 2148 NOTAE

89 2179 175 2210 lutio
193 2180 298 2210 omnis
316 2183 502 2211 contractae
521 2181 694 2220 religionis
711 2181 789 2214 est.'

90 2231 246 2262 Macrob.
268 2230 325 2261 lib.
345 2240 367 2262 1.
393 2241 469 2271 cap.
488 2234 538 2262 16.
572 2232 581 2248 ‘
599 2232 685 2262 Sunt
702 2242 787 2272 prae-

89 2287 185 2312 terea
212 2280 305 2311 fen-ia>
335 2282 480 2321 propriae
510 2280 723 2321 familiarum,
751 2288 787 2313 nt

92 2332 386 2372 Claucliaefamilioe,
403 2336 437 2362 et
453 2333 479 2362 si
495 2342 577 2373 quas
594 2332 695 2364 ferias
715 2344 788 2374 pro-

90 2383 179 2421 prias
195 2392 337 2423 quaeque
362 2381 488 2412 familia
511 2392 552 2412 ex
577 2393 638 2413 usn
654 2383 786 2414 domes-

90 2433 168 2464 ticae
184 2432 394 2463 celebritatis
410 2432 594 2464 observat!

133 2481 146 2501 f
163 2483 305 2523 Scaptia]
339 2476 510 2522 scaptiam
549 2483 710 2523 oppidum
752 2484 785 2514 in

91 2534 189 2564 Latio
204 2543 278 2564 cum
297 2533 368 2563 aliis
384 2537 540 2563 numerat
558 2534 708 2565 Plinius:
727 2535 786 2565 ad-

90 2583 233 2614 didimus
251 2588 362 2613 autem
380 2583 411 2613 in
426 2582 614 2623 fragmento
627 2586 785 2625 suppleu-

91 2633 134 2664 do
151 2634 306 2670 Pedanos,
322 2642 363 2663 ex
381 2633 476 2664 Livio
500 2634 556 2674 qui
580 2634 628 2664 ait
652 2634 693 2665 ob
721 2636 786 2666 Pe·

90 2684 196 2714 danos
212 2684 352 2714 civitate
368 2689 537 2725 receptos,
551 2685 674 2717 tribum
692 2686 785 2717 addi-2

90 2739 159 2766 tam
176 2734 360 2775 Scaptiam.

884 2188 900 2209 g
923 2180 1108 2221 Stellatina]
1139 2180 1191 2211 De
1217 2179 1355 2219 Capena
1383 2177 1479 2216 urbe,
1508 2182 1543 2208 et

842 2232 1068 2272 Capenatibus
1087 2230 1220 2271 populis
1243 2230 1276 2260 in
1293 2228 1415 2260 Tuscia
1432 2229 1474 2259 ad
1493 2229 1541 2259 lu-

842 2293 918 2314 cum
936 2282 1102 2318 Feroniae,
1127 2280 1292 2310 videndus
1320 2279 1453 2310 Plinius
1482 2279 1540 2308 lib.

841 2342 898 2363 111.
917 2342 935 2362 a
951 2342 1016 2372 quo
1028 2331 1190 2362 Stellates
1208 2339 1340 2370 quoque
1356 2330 1444 2359 inter
1457 2329 1541 2358 Tus-

841 2383 902 2414 ciae
934 2382 1077 2422 populos
1104 2385 1335 2411 numerantur.
1375 2379 1443 2409 Pro
1467 2377 1542 2409 urbe

844 2434 982 2472 Capena,
1012 2431 1157 2461 fortasse
1197 2431 1315 2461 melius
1344 2429 1541 2463 adderetur,

840 2484 966 2522 regione
985 2484 1120 2522 Capena.

883 2534 897 2554 ¹¹
914 2533 1040 2572 Sabini]
1058 2533 1097 2563 In
1115 2531 1284 2572 argenteis
1301 2530 1448 2561 denariis
1464 2529 1538 2560 Sul-

841 2585 938 2625 piciae
961 2584 1072 2624 gentis
1090 2584 1135 2614 D.
1154 2582 1196 2612 P.
1215 2583 1254 2612 P.
1281 2582 1373 2612 Deos
1392 2581 1540 2610 Penates

841 2634 1023 2674 significat.
1069 2634 1121 2664 De
1147 2632 1280 2664 Sabinis
1308 2637 1432 2669 tamen,
1451 2631 1538 2670 quod

842 2686 990 2716 Penates
1002 2684 1094 2714 Deos
1110 2682 1282 2722 praecipue
1296 2681 1460 2719 colerent,
1473 2689 1538 2710 non

843 2734 977 2766 memini
994 2743 1046 2765 me
1062 2733 1197 2774 legisse³
