1876 3025
277 114 361 156 792

720 126 867 156 SEX'I'I
904 125 1107 156 POMPEI!
1144 126 1279 156 FESTI

278 217 466 259 Rustica
485 219 647 259 vinalia
667 218 976 272 appellantur,¹¹
1007 231 1155 259 mense
1176 218 1373 271 Augusto
1395 231 1522 271 quar·
1553 216 1717 270 [Fns'r.

333 286 553 327 todeeimo
578 285 807 327 Kalendas
835 285 1105 337 Septembris
1134 285 1265 326 Jovis
1296 285 1388 325 dies
1424 285 1573 334 festus,
1610 285 1718 337 quia

335 352 480 393 Latini
494 359 509 375 Χ
529 353 690 393 bellum
705 356 901 404 gerentes
919 351 1130 392 adversus
1156 352 1440 401 Mezentium,
1463 351 1603 391 omnis
1624 351 1713 391 vini

332 419 587 460 libationem
603 419 644 459 ei
667 419 765 459 Deo
786 418 1114 460 dedicaverunt:
1139 419 1292 459 eodem
1314 424 1461 460 autem
1478 418 1545 458 die
1557 416 1717 458 Veneri

333 487 498 539 templa
534 489 633 526 sunt
670 492 948 536 consecrata,
981 486 1166 526 alterum
1190 486 1246 527 ad
1270 489 1435 527 circum
1456 485 1714 533 maximum,

334 552 513 592 alterum
535 553 578 592 in
600 553 700 593 luco
722 552 1003 601 libitinensi,¹⁵
1020 554 1123 605 quia
1146 554 1188 593 in
1209 552 1394 606 ipsius¹⁶
1416 553 1527 593 Deae
1542 557 1557 578 y
1581 552 1718 592 tutela

335 623 432 659 sunt
452 620 576 659 horti.

277 685 472 726 Rustum
489 699 544 727 ex
565 688 735 728 rubus.²
784 719 792 727 .

277 820 396 861 Ruta
421 833 537 862 caesa
552 826 568 842 ²²
598 820 808 868 dicuntur,
840 834 940 874 quae
974 822 1173 862 venditor
1193 821 1498 875 possessionis,
1520 820 1587 861 sui
1610 831 1717 860 usus

332 888 485 940 gratia,
507 887 710 937 concidit,
732 888 986 941 ruendoque
1008 889 1279 930 contraxit.¹⁷

877 1018 995 1031 eeeeee

999 1019 1116 1031 ‘‘‘‘‘‘

322 1119 360 1146 15
386 1117 460 1147 Vet.
477 1117 551 1148 cod.
567 1117 627 1148 luci
647 1118 730 1148 libili
745 1118 949 1150 adensi.—1o
972 1118 1026 1150 Id.
1048 1118 1081 1149 in
1100 1118 1265 1159 pins.—17
1286 1117 1365 1148 Vet-
1382 1116 1439 1147 lib.
1456 1116 1608 1147 extraxit.

925 1258 1065 1290 NOTAE

274 1339 421 1371 Vidend.
439 1342 548 1373 Varro
574 1342 630 1373 lib.
659 1353 691 1374 v.
716 1343 758 1374 de
780 1344 876 1385 Ling.
894 1345 970 1377 Lat.

274 1395 308 1420 et
329 1391 464 1430 Festus,
479 1394 488 1408 ⁴
503 1392 639 1424 Roscii.y
662 1393 738 1424 Ant.
757 1396 841 1434 Aug.

318 1445 331 1459 ¹¹
359 1441 489 1472 Rustica
504 1442 620 1472 vinalia
636 1444 846 1484 appellmztur]
882 1445 969 1477 Vide

275 1500 376 1530 supra
394 1496 467 1529 post
484 1493 493 1508 ‘
508 1492 640 1522 Roscii.’
664 1493 745 1525 Duc.

316 1544 331 1558 Χ
357 1540 439 1575 Quia
456 1540 580 1581 Latini]
617 1541 714 1573 Hanc
738 1543 908 1575 historiam
926 1554 968 1575 ex

273 1589 400 1620 Pisone
430 1590 477 1621 sic
502 1589 608 1622 refert
625 1598 744 1623 auctor
767 1593 810 1624 de
837 1595 968 1633 origine

273 1640 382 1679 gentis
415 1639 588 1678 Romam,
615 1642 671 1682 qui
692 1643 842 1674 Victoris
871 1645 968 1676 titulo

272 1688 522 1720 circumfertur.
547 1695 554 1707 ‘
570 1691 706 1734 Igitur,'
722 1693 844 1733 inquit,
860 1699 868 1712 ⁸
881 1705 968 1726 sum-

271 1749 358 1769 niam
369 1740 498 1780 imperii
509 1741 702 1773 Latinorum
715 1744 859 1784 adeptus
870 1745 970 1777 Asca·

271 1791 442 1828 nius‚cmn
452 1791 752 1832 continuispraeliis
762 1795 968 1828 Mezentium

272 1840 428 1880 persequi
441 1841 751 1882 instituisset‚filius
760 1845 832 1885 ejus
843 1847 969 1878 Lausus

273 1890 392 1920 collem
408 1891 553 1922 Laviniae
568 1893 654 1923 arcis
668 1896 864 1934 occupavi13
877 1907 968 1928 cum-

272 1948 339 1979 que
355 1940 387 1969 id
404 1940 565 1980 oppidum
583 1942 794 1975 circumfusis
817 1946 968 1977 omnibus

271 1989 378 2029 copiis
396 1991 484 2029 regis
500 1995 685 2031 teneretur,
702 1994 814 2025 Latini
838 1996 967 2036 legatos

273 2038 314 2068 ad
341 2039 550 2070 Mezentium
573 2041 737 2073 miseruut
759 2045 966 2078 sciscitatum

271 2099 338 2129 qua
355 2090 548 2120 conditione
565 2091 597 2121 in
616 2092 821 2125 deditionem
839 2104 895 2125 eos
913 2106 967 2127 ac-

271 2139 384 2178 cipere
405 2140 527 2179 vellet;
548 2150 691 2181 cumque
717 2143 771 2173 ine.
790 2144 877 2175 inter
901 2146 968 2177 alia

271 2199 414 2220 onerosa
445 2191 526 2221 illud
559 2201 692 2232 quoque
723 2194 900 2234 adjiceret,
930 2201 967 2227 ut

271 2249 368 2270 omne
386 2241 496 2271 vinum
514 2242 582 2281 agri
599 2242 710 2273 Latini
729 2245 856 2285 aliquot
872 2247 967 2277 annis

270 2290 333 2320 sibi
352 2290 546 2329 inferretur,
561 2293 701 2324 consilio
725 2300 828 2335 atque
852 2303 967 2328 aucto-

271 2341 372 2371 ritate
391 2340 528 2372 Ascanii
556 2344 681 2382 placuit
705 2345 747 2375 ob
772 2347 966 2378 libertatem

270 2390 354 2420 mori
372 2391 485 2430 potius
504 2401 600 2431 quam
617 2393 675 2424 illo
702 2395 801 2426 modo
823 2397 967 2428 servitu—

270 2446 339 2470 tem
371 2440 494 2472 subire.
540 2442 663 2482 Itaque
694 2445 772 2475 vino
803 2456 846 2476 ex
879 2448 967 2477 omni

270 2491 439 2521 vindemia
454 2492 532 2523 Jovi
551 2493 682 2532 publice
697 2500 776 2525 voto
792 2506 966 2527 consecra-

269 2545 386 2580 toque‚
403 2541 513 2572 Latini
526 2542 606 2572 urbe
618 2551 815 2583 eruperunt,
829 2545 966 2586 fusoque

272 2590 443 2629 praesidio,
471 2591 725 2634 interfectoque
755 2596 863 2627 Lauso
893 2597 966 2627 Me-

274 2640 421 2671 zentium
460 2640 573 2683 fugam
611 2642 726 2677 facere
760 2645 968 2687 c0i³ger1111t.’

1020 1345 1099 1376 Vid.
1124 1342 1298 1375 Plutarch.
1326 1341 1454 1374 Qnaest.
1481 1341 1577 1371 Rom.
1600 1344 1718 1381 quaest.

1021 1404 1104 1427 xnv.
1131 1396 1228 1426 Idem.

1062 1452 1074 1472 y
1101 1446 1182 1482 Quia
1199 1446 1229 1476 in
1252 1444 1348 1484 ipsius
1365 1442 1459 1482 Deoe]
1496 1442 1581 1473 Haec
1608 1441 1717 1472 aliena

1020 1501 1112 1536 sunt,
1134 1501 1169 1527 et
1192 1496 1280 1526 male
1304 1494 1368 1524 huc
1390 1493 1598 1533 irrepserunt
1614 1500 1632 1522 e
1648 1490 1716 1521 fine

1019 1547 1143 1587 capitis
1160 1545 1248 1586 quod
1265 1550 1342 1585 post
1358 1544 1367 1561 ‘
1385 1541 1519 1574 Roscii:
1542 1542 1640 1572 Idem.

1061 1604 1073 1619 ἰ
1098 1598 1231 1628 Rustum
1256 1606 1295 1626 ex
1320 1594 1429 1634 νιώιιε]
1466 1591 1556 1625 Quid
1573 1592 1617 1622 sit
1635 1592 1718 1622 Rus·

1020 1653 1085 1680 tum
1112 1648 1239 1679 nescio.
1285 1647 1411 1677 Forsan
1438 1654 1457 1675 a
1479 1643 1572 1674 rubus
1595 1647 1646 1673 est
1665 1653 1718 1673 ru—

1019 1700 1170 1738 busetum,
1210 1698 1382 1735 rubustum,
1413 1698 1543 1725 rustum.
1589 1693 1644 1724 Ita
1681 1697 1719 1723 ut

1022 1752 1156 1782 Rustum
1176 1749 1307 1780 dicatur
1328 1748 1420 1777 locus
1444 1744 1536 1775 rubis
1553 1743 1717 1773 consitus.

1020 1800 1051 1832 A
1068 1805 1159 1832 rusto
1175 1800 1276 1831 etiam
1291 1798 1390 1829 dictae
1405 1799 1413 1814 ‘
1429 1795 1532 1827 falces
1543 1793 1715 1824 rustariae'

1021 1851 1138 1892 quibus
1157 1852 1355 1880 resecantur
1372 1846 1466 1877 rusti.
1491 1845 1588 1875 Idem.

1064 1906 1078 1921 ³
1103 1901 1187 1932 Ruta
1202 1899 1298 1939 coesa]
1339 1897 1448 1928 Nimis
1478 1894 1610 1926 concisa
1637 1897 1717 1924 sunt

1020 1950 1124 1981 verba
1141 1950 1246 1987 Festi,
1264 1954 1298 1979 et
1314 1947 1469 1977 mendum
1486 1954 1561 1975 esse
1585 1944 1717 1974 videtur

1020 2000 1053 2030 in
1072 2000 1174 2031 verbo
1192 1998 1373 2029 Contraxit.
1406 1997 1489 2027 Cum
1507 1994 1718 2025 vendebatur

1020 2050 1198 2090 possessio,
1213 2049 1282 2079 sive
1299 2046 1435 2085 fundus,
1451 2045 1606 2076 venditor
1625 2044 1716 2075 exci-

1019 2100 1137 2140 piebat
1152 2105 1229 2130 ruta
1243 2108 1329 2129 caesa
1342 2108 1351 2135 3
1384 2098 1446 2127 hoc
1472 2100 1537 2135 est,
1551 2094 1714 2134 quicquid

1020 2160 1142 2181 caesum
1161 2155 1247 2187 erat,
1265 2154 1322 2179 aut
1335 2152 1482 2178 erutum.
1516 2146 1638 2176 Cicero
1658 2145 1715 2174 lib.

1020 2210 1062 2232 ιι.
1088 2202 1130 2231 de
1150 2202 1320 2232 Oratore:
1345 2200 1354 2215 ‘
1368 2203 1415 2235 te,
1437 2207 1512 2228 cum
1531 2195 1622 2226 aedes
1637 2204 1715 2224 veu-

1020 2250 1118 2281 deres
1146 2260 1187 2281 ne
1214 2251 1247 2281 in
1272 2249 1356 2279 rutis
1385 2247 1533 2288 quidem,
1550 2250 1585 2276 et
1611 2246 1717 2279 cursim

1020 2302 1138 2332 solium
1164 2301 1224 2331 tibi
1250 2305 1427 2340 paternum
1453 2296 1619 2336 recepisse
1636 2294 1657 2325 :'
1681 2300 1717 2325 et

1020 2350 1053 2380 in
1068 2350 1133 2380 fine
1150 2350 1309 2389 Topicor.
1334 2349 1343 2364 ‘
1356 2347 1503 2385 Fecique
1516 2343 1604 2385 quod
1622 2353 1716 2384 soepe

1019 2399 1174 2430 liberales
1201 2397 1395 2428 venditores
1422 2395 1544 2429 solent,
1575 2399 1612 2424 ut
1640 2403 1717 2424 cum

1024 2448 1114 2479 mdes
1123 2446 1306 2478 fundumve
1319 2443 1547 2481 vendiderint,
1557 2443 1640 2473 rutis
1651 2452 1719 2473 cae-

1021 2498 1067 2528 sis
1083 2497 1243 2537 receptis,
1257 2495 1447 2526 concedant
1465 2499 1575 2524 tamen
1591 2492 1716 2533 aliquid

1022 2547 1153 2582 emtori,
1188 2546 1275 2586 <prod
1294 2544 1435 2576 ornandi
1458 2553 1558 2574 causa
1583 2548 1662 2583 apte
1683 2547 1717 2573 et

1021 2598 1096 2627 loco
1128 2596 1271 2637 positum
1302 2604 1377 2626 esse
1421 2593 1597 2625 videatur-¹
1639 2594 1715 2624 Ant.

1021 2646 1106 2686 Aug.
