1876 3025
262 145 372 185 1010

704 153 852 183 SEXTI
892 151 1094 181 POMPEII
1132 150 1268 180 FESTI

261 248 500 290 victimam
526 249 670 289 AElius
704 249 815 289 Stilo
846 247 908 288 ait
939 258 1039 286 esse
1071 245 1258 285 vitulum
1272 250 1284 265 ¹*
1315 244 1371 284 ob
1399 243 1493 297 ejus
1543 241 1707 295 [Fsss'r.

318 317 538 369 vigorem:
571 316 645 357 alii
681 318 821 356 autem
854 327 953 368 quae
990 314 1138 353 vincta
1178 311 1422 352 adducatur
1454 309 1511 350 ad
1547 310 1707 350 altare:

319 389 398 425 aut
421 398 519 438 quae
542 384 595 424 ad
617 383 759 423 hostis
781 383 922 423 victos
938 388 971 405 ¹0
994 380 1258 421 immoletur.

259 450 390 492 VieeS
421 455 567 491 sunt¹¹
601 455 642 490 et
663 450 856 503 publicae
878 461 957 503 per

580 546 588 556 .
632 531 656 557 e
679 517 880 558 omnibus
902 517 1019 557 licet.
1044 515 1228 569 privatae
1252 515 1415 568 quibus
1435 513 1623 554 vetitum
1646 511 1710 550 uti

319 666 501 706 quorum
524 656 627 693 sunt
650 652 834 704 privatae

964 718 1058 759 vias
1085 718 1323 758 muniunto.

1402 584 1710 634 praetereorum

1385 714 1618 756 Dionisam
1651 713 1715 753 la-

318 788 447 841 pides
469 793 584 838 sunt,
617 801 701 841 qua
721 787 1051 841 voletjumenta
1072 787 1201 838 agito.

262 855 528 897 Viduertas*
559 856 791 897 calamitas
813 856 946 904 dicta,
972 855 1092 908 quod
1116 854 1268 894 viduet
1288 852 1429 893 bonis.

261 923 427 974 Viere‚¹¹
457 924 650 976 alligare,
673 924 787 964 unde
809 925 988 973 vimina,
1009 927 1052 964 et
1074 935 1184 964 vasa
1203 921 1407 963 viminea.

867 1042 1005 1054 ooooooo

1535 917 1622 967 [ΡΑ
1635 927 1714 957 UL.

1009 1041 1106 1053 eeeee

304 1102 345 1130 10
368 1098 421 1130 Id.
439 1099 522 1131 ibid.
539 1099 676 1130 hostibus
689 1098 792 1130 victis.
827 1097 1053 1129 Scribendum
1068 1101 1183 1127 monet
1198 1095 1352 1127 Gifauius
1366 1094 1401 1125 ob
1414 1092 1607 1124 hostis.—11
1635 1090 1712 1122 Hoc

262 1146 369 1182 caput
385 1143 417 1173 in
435 1143 489 1174 ed.
505 1143 596 1173 Scal.
614 1141 843 1172 desideratur.

916 1211 1057 1243 NOTAE

264 1280 321 1307 tua
335 1286 388 1307 me
405 1277 458 1307 vel
478 1276 660 1312 vicinitas,’
677 1278 741 1308 Sec.
767 1276 864 1307 Idem.

306 1333 318 1348 ¹·
345 1327 511 1358 Victimam
535 1328 641 1357 AElz'us
665 1328 746 1358 Stilo
768 1328 814 1358 ait
839 1337 903 1358 esse
919 1327 964 1357 vi-

261 1378 375 1417 tulum]
406 1377 492 1407 Inde
520 1377 753 1408 Glossarium:
789 1377 963 1408 ‘victima-

262 1429 345 1466 rins‚
374 1427 585 1466 μοσχοθύτης,
615 1426 841 1467 μοσχοτόμος,’
873 1428 882 1444 ‘
896 1427 963 1459 Qui

802 1478 868 1509 Sed
896 1483 963 1509 ter-

264 1529 347 1559 tium
366 1534 502 1569 etymon
520 1538 634 1559 verum
653 1533 717 1562 est,
735 1529 872 1559 victima
889 1538 964 1569 quae

263 1579 299 1609 ob
314 1579 417 1609 hostes
433 1579 550 1609 victos:
574 1579 640 1619 (sic
667 1579 755 1609 euim
773 1578 966 1619 legendum,

264 1630 351 1660 utin
370 1628 542 1669 Schedia.)
572 1628 675 1660 Ovid.
693 1633 701 1645 ‘
716 1629 876 1666 Victima,
891 1637 965 1669 quae

264 1681 391 1711 cecidit
432 1680 557 1711 dextra
607 1679 760 1719 victrice,

264 1731 354 1761 Vide
391 1730 546 1769 ‘liostia‚'
574 1735 609 1760 et
637 1730 805 1760 ‘maxima
835 1729 967 1760 liostia.'

263 1780 332 1810 Pro
348 1781 453 1811 tincta
470 1780 502 1810 in
520 1780 662 1811 Scliedis
681 1785 733 1810 est
749 1780 841 1811 victa.
863 1781 872 1796 ‘
887 1780 967 1810 For-

264 1835 353 1861 tasse
371 1841 431 1871 pro
448 1830 551 1871 vittn‚'
570 1831 679 1871 inquit
694 1831 848 1861 Ursinus.
874 1831 963 1861 Nam

266 1880 370 1910 boves
398 1881 524 1911 auratis
541 1880 710 1916 cornibus,
734 1880 831 1911 vittis
853 1880 963 1910 ornati

264 1935 298 1959 et
313 1930 412 1960 sertis
430 1930 470 1960 ad
488 1939 578 1960 aram
596 1929 823 1960 ducebantur.
870 1929 964 1959 1³1·ae-

266 1984 359 2009 terea
388 1981 485 2010 Serv.
504 1989 528 2011 1.
546 1979 621 2010 AEu.
651 1980 791 2010 scribit:
816 1979 964 2010 ‘Solutae

265 2034 342 2059 suut
359 2029 491 2066 hostiae,
504 2039 579 2059 nam
599 2029 768 2068 piaculum
793 2034 845 2060 est
864 2030 895 2059 in
913 2039 965 2059 sa-

263 2077 392 2108 crificio
410 2079 534 2119 aliquid
553 2088 626 2109 csse
654 2078 856 2117 religatum!
903 2079 963 2109 Ni-

264 2127 309 2157 hil
327 2133 437 2158 tamen
457 2128 668 2158 innuendum.
694 2128 792 2158 Idem.

307 2181 318 2195 ⁸
347 2177 430 2216 Vise]
462 2177 692 2208 Desideratur
717 2177 779 2207 hoe
805 2180 909 2216 caput
931 2175 964 2207 in

265 2226 337 2256 aliis
355 2226 586 2257 editionibus:
613 2227 645 2256 in
671 2236 710 2257 eo
732 2236 814 2257 vero
842 2227 963 2257 Festus

265 2276 402 2315 agebat,
419 2281 455 2306 ut
473 2286 514 2306 ex
533 2276 684 2317 reliquiis
709 2277 784 2316 ejus
807 2282 964 2316 apparet,

265 2326 307 2356 de
323 2327 382 2356 viis
400 2326 544 2366 publicis
573 2332 607 2357 et
632 2327 787 2366 privatis,
813 2331 848 2357 et
881 2327 965 2357 anti-

265 2386 363 2416 quam
390 2377 499 2416 legem
528 2376 700 2407 referebat
728 2376 770 2407 de
802 2377 864 2407 viis
895 2387 966 2407 mu-

267 2426 414 2465 niendis,
431 2427 617 2468 iisdemque
634 2428 747 2468 lapide
761 2427 967 2467 sternendis,

268 2481 305 2506 ut
315 2486 388 2516 quae
398 2481 513 2508 stratae
524 2477 695 2517 lapidibus
708 2482 833 2518 essent,
843 2487 967 2518 pereas

261 2529 418 2567 jumenta
431 2538 532 2568 agere
549 2529 680 2560 liceret.
707 2530 812 2560 Extat
825 2529 965 2569 inscrip-

270 2579 317 2609 tio
334 2580 365 2609 in
377 2580 520 2620 quodam
533 2579 674 2611 denario
688 2579 851 2620 Augusti:
868 2589 967 2614 ouon

271 2638 341 2658 vif,
379 2638 532 2660 MUNlTAE
569 2638 667 2661 SUNT.
730 2631 819 2661 Fulv.
858 2631 966 2662 Ursin.

268 2678 419 2719 Suppleo
436 2690 441 2709 ι
473 2679 538 2711 Viae
554 2683 623 2709 sunt
642 2683 669 2710 et
683 2680 814 2721 publicae
827 2690 883 2721 per
894 2691 969 2722 quas

263 1480 404 1509 vitulum
433 1479 597 1515 immolat,
632 1479 757 1509 candit:

803 1678 970 1709 vocatur?

1018 1275 1065 1305 ire
1080 1274 1217 1304 omnibus
1234 1273 1303 1303 licet
1330 1276 1359 1303 et
1374 1272 1506 1311 privatae
1533 1268 1642 1309 quibus
1667 1277 1717 1298 ve-

1019 1325 1111 1356 titum
1125 1325 1173 1355 uti
1187 1324 1328 1354 omnibus
1340 1325 1457 1362 praeter
1472 1329 1576 1351 eorum
1591 1327 1717 1359 quorum

1018 1379 1090 1406 sunt
1103 1375 1238 1415 privutoe
1255 1395 1365 1404 .....
1383 1372 1450 1403 vias
1475 1370 1648 1409 muniunto,
1665 1370 1719 1399 do-

1018 1426 1120 1456 nicum
1137 1425 1253 1464 lapides
1269 1426 1370 1461 esunt,
1394 1432 1452 1462 qna
1474 1421 1554 1450 volet
1572 1420 1718 1458 jumenta

1018 1476 1115 1515 agito.
1160 1474 1311 1505 Publieae
1337 1474 1398 1503 viae
1425 1476 1504 1502 sunt
1533 1480 1615 1510 quas
1644 1469 1718 1500 ‘re-

1019 1526 1102 1567 gias’
1127 1526 1241 1558 Graeci
1269 1525 1401 1563 dicunt,
1429 1522 1570 1553 Romani
1594 1523 1602 1538 ‘
1624 1521 1718 1551 Prae-

1020 1576 1135 1608 torias'
1149 1581 1184 1607 et
1199 1577 1207 1592 ‘
1223 1573 1441 1606 consulares?
1473 1573 1623 1603 Privata:
1639 1575 1717 1601 suut

1021 1627 1162 1667 agrariae
1178 1636 1255 1666 qnae
1272 1625 1455 1664 dupliciter
1477 1622 1621 1662 intelligi
1641 1631 1718 1662 pos-

1020 1683 1108 1708 sunt.
1153 1677 1239 1707 Sunt
1268 1676 1357 1706 enim
1384 1674 1539 1716 quaedam
1575 1673 1718 1713 agrariae

1020 1728 1143 1769 quibus
1161 1728 1209 1759 uti
1228 1727 1382 1758 omnibus
1400 1727 1494 1764 licet,
1512 1732 1546 1756 et
1563 1723 1718 1766 quamam

1020 1788 1096 1819 quae
1116 1778 1155 1808 ad
1168 1777 1378 1808 dominorum
1396 1776 1579 1807 utilitatem
1592 1774 1719 1805 ducun-

1020 1834 1086 1867 tur,
1101 1828 1289 1869 quibusque
1310 1827 1384 1858 aliis
1410 1825 1629 1857 interdictum
1655 1827 1719 1858 est,

1019 1879 1083 1909 nisi
1101 1878 1134 1909 id
1151 1889 1170 1909 a
1185 1878 1340 1909 Dominis
1355 1875 1575 1907 coucedatur.
1602 1873 1719 1904 Deliis

1020 1929 1170 1968 loquitur
1187 1928 1319 1958 Festus·
1357 1926 1473 1957 Verba
1490 1925 1574 1964 legis
1598 1923 1640 1954 ab
1662 1923 1719 1953 illo

1021 1979 1139 2009 relatae
1159 1976 1309 2008 'fortasse
1334 1976 1374 2007 ad
1405 1979 1459 2009 12„
1488 1974 1618 2006 tabulas
1643 1982 1718 2013 per·

1020 2028 1142 2065 tinent,
1173 2033 1208 2058 et
1238 2027 1383 2058 sortasse
1415 2025 1458 2056 ad
1497 2025 1585 2055 idem
1616 2027 1719 2063 caput

1019 2077 1075 2108 ubi
1094 2079 1283 2117 scriptum:
1306 2083 1313 2094 ¹
1328 2076 1532 2116 Amsegetes
1550 2075 1634 2105 viam
1653 2083 1723 2104 mu-

1019 2129 1150 2167 niunto,
1177 2128 1203 2158 si
1232 2128 1286 2158 via
1318 2126 1495 2158 immunita
1525 2124 1622 2160 escit,
1654 2133 1720 2165 qua

1019 2179 1111 2209 volet
1137 2179 1332 2218 jumentum
1363 2176 1478 2217 agito.’
1523 2176 1588 2206 Illa
1617 2174 1719 2211 enim,

1017 2228 1160 2259 donicum
1175 2228 1291 2267 lapides
1308 2230 1408 2262 esunt,
1422 2226 1511 2256 idcin
1526 2222 1721 2263 significant

1019 2278 1110 2319 quod
1139 2279 1216 2313 ista,
1250 2278 1296 2308 ‘si
1326 2278 1379 2307 via
1406 2274 1582 2306 immunita
1610 2273 1720 2305 escit.‘

1020 2329 1119 2359 Idem.

1063 2380 1072 2399 ῑ
1100 2379 1284 2419 Viduertas]
1311 2378 1340 2409 A
1363 2383 1370 2394 ¹
1385 2375 1545 2416 viduare‚'
1562 2376 1570 2391 ‘
1585 2374 1717 2405 viduet—

1021 2430 1095 2466 tas,’
1108 2434 1143 2459 ut
1161 2429 1203 2459 ab
1216 2430 1224 2445 ‘
1242 2429 1407 2466 nberare‚’
1422 2428 1430 2443 ‘
1443 2425 1603 2457 ul›ertas.’
1621 2426 1718 2455 Idem.

1063 2484 1077 2499 ¹¹
1106 2479 1213 2518 Viere]
1231 2478 1432 2519 Ampliusin
1444 2475 1605 2507 Scliedis:
1629 2474 1719 2505 Viere

1020 2529 1152 2567 alligare
1168 2528 1327 2567 significat
1342 2531 1376 2558 ut
1399 2527 1448 2557 hic
1464 2534 1569 2556 versus
1596 2524 1716 2554 demon-

1021 2582 1125 2609 strat:
1150 2578 1242 2608 Ibant
1260 2578 1378 2608 Mulaci
1394 2578 1477 2607 viere
1496 2575 1650 2606 veneriam
1669 2583 1718 2603 co-

1022 2630 1140 2659 rollam.
1191 2629 1279 2659 Unde
1295 2628 1410 2658 vimina
1427 2630 1455 2657 et
1476 2635 1550 2656 rasa
1572 2624 1718 2661 viminea,

1023 2680 1101 2720 quod
1118 2679 1295 2709 vinciuntur
1312 2679 1421 2717 ligata.
1467 2675 1570 2707 Hunc
1585 2682 1717 2705 versum
