1876 3025
301 213 364 242 im
398 209 671 242 VERBORUM
706 204 1121 239 SIGNIFIGATIONE
1158 203 1253 233 ΜΒ.
1287 203 1416 232 xvii.
1500 189 1586 232 819

129 308 365 362 Sanqualis
388 308 485 349 avis
507 304 743 360 appellatur
763 319 850 360 quae
870 303 912 343 in
933 299 1245 343 commentariis
1265 312 1398 352 augu-
1419 298 1584 352 [FES'r.

186 375 342 419 ralz'bus
364 374 570 431 ossifraga
590 374 766 419 dicitur,
791 373 896 427 quia
916 373 960 413 in
987 369 1118 425 Sangi
1142 367 1226 409 Dei
1245 368 1384 408 tutela
1404 371 1488 408 est.

129 446 367 500 Sanqualis
404 449 533 499 porta
560 449 586 465 ¹¹²
631 441 839 497 appellata
867 447 925 482 est
957 439 1009 480 ab
1047 438 1115 479 avi
1157 434 1365 492 sanquali,
1399 434 1588 488 ideoque

186 514 337 557 eodem
355 517 423 555 est
439 512 631 563 nomine,
653 525 732 567 quo
752 509 840 550 avis
862 509 952 563 ipsa
974 505 1224 562 appellatur.

129 583 364 639 Sanqualis
385 587 510 637 porta
530 581 779 635 appellatur
799 578 1005 632 proxima
1026 575 1202 617 aedibus
1224 572 1380 614 Aucta*
1408 571 1588 626 [PAUL.

131 651 345 706 Saperda,
368 663 508 704 genus
530 648 718 703 pessimi
747 647 902 702 piscis.

134 718 319 773 Superda
341 730 477 771 genus
498 716 679 770 pessimi
697 713 852 769 pisci3‚n
874 713 1097 767 sapientem
1120 710 1221 751 tiam
1247 709 1384 762 signi·
1424 707 1590 761 [FEST-

189 787 310 836 ficat,
346 801 434 826 cum
463 784 523 826 ait
553 783 721 834 Varr0,⁰
746 781 860 824 Belli
890 779 1043 838 festivi
1074 779 1293 833 saperdae,
1335 790 1431 818 cum
1471 774 1591 813 simus

190 868 335 895 omnes.

133 923 306 963 Sarcito
347 922 390 962 in
443 920 674 962 duodecim
692 924 709 948 Ρ
749 917 930 959 Servius
973 915 1204 969 Sulpicius
1248 914 1309 955 ait
1346 911 1592 966 significare

190 991 396 1031 damnum
417 987 576 1030 solvito
600 990 829 1041 praestato.

178 1227 197 1254 4
216 1222 278 1253 Vir
293 1221 383 1252 doct.
408 1220 440 1250 in
458 1228 563 1259 marg.
580 1216 731 1258 ejusdem
748 1216 802 1248 ed.
821 1216 961 1257 conjicit
976 1217 1037 1247 aedi
1054 1215 1167 1253 sangi.

792 1337 932 1370 NOTAE

136 1425 232 1447 avem
248 1420 350 1457 atque
364 1415 595 1446 immussulum
611 1423 754 1454 augures
772 1413 839 1444 Ro-

138 1467 228 1498 mani
258 1467 290 1497 in
324 1476 445 1507 magna
480 1465 664 1507 quaestione
700 1465 839 1494 habent.

895 1412 1014 1444 tarichi
1030 1420 1154 1452 genus;
1177 1409 1232 1441 alii
1255 1408 1445 1441 coracinum
1469 1406 1598 1448 piscem

896 1463 985 1504 apud
1003 1461 1189 1494 Ponticos.'
1222 1460 1404 1491 Ponticum
1421 1458 1598 1490 obsonium

138 1518 374 1549 Immussulum
403 1517 505 1558 al'tqui
538 1516 679 1547 vulturis
711 1516 839 1556 puilum

139 1569 349 1600 arbitrantur
375 1577 464 1607 esse,
489 1572 524 1598 et
548 1567 743 1608 sangualem
761 1566 840 1597 ossi-

138 1620 257 1660 fragae.
292 1619 481 1650 Massurius
495 1619 689 1658 sangualem
706 1615 841 1648 ossifra-

141 1680 216 1711 gam
243 1680 317 1702 esse
345 1671 440 1706 dicit,
466 1669 698 1701 immussuium
728 1674 841 1699 autem

140 1723 268 1762 pullum
304 1722 436 1761 aquilae,
480 1721 672 1760 priusquam
718 1719 843 1749 albicet

141 1772 263 1803 cauda.
302 1771 446 1804 Quidam
475 1775 551 1811 post
568 1770 719 1800 Mucium
742 1779 843 1809 augu-

144 1832 212 1853 rem
230 1823 318 1853 visos
338 1831 403 1852 non
427 1831 499 1851 esse
527 1821 644 1852 Romae
667 1818 842 1850 coufirma-

144 1882 240 1904 vere:
267 1882 343 1914 eg0‚
370 1872 460 1913 quod
485 1871 699 1902 verisimilius
725 1875 790 1909 est,
811 1871 844 1900 in

143 1923 274 1955 desidia
297 1933 406 1954 rerum
436 1923 581 1954 omnium
607 1932 674 1953 non
699 1921 845 1952 arbitror

144 1973 300 2015 agnitos-⁹
323 1974 413 2004 Vide
429 1974 438 1990 ⁶
456 1972 590 2004 Aures?
612 1972 691 2003 Ant.
705 1972 792 2011 Aug.

187 2023 371 2065 Sanqualis]
396 2024 573 2065 Sanqualis
591 2023 661 2054 avis
677 2023 844 2063 aquibus-

143 2076 219 2106 dam
234 2075 414 2116 ossifraga
427 2075 629 2116 appellatur.
666 2073 794 2105 Eadem
812 2074 844 2104 in

143 2126 394 2158 commentariis
408 2125 624 2166 auguralibus
640 2125 749 2164 Sauga
765 2124 846 2154 dici-

146 2184 223 2209 tur:
256 2178 335 2219 quia
360 2178 393 2208 in
420 2177 485 2208 Dei
514 2176 617 2217 Sangi
647 2177 756 2208 tutela
784 2180 847 2207 est.

145 2229 217 2259 Jos.
234 2229 316 2259 Scal.

205 2277 387 2320 Sanqualis]
432 2278 523 2310 Vide

148 2331 230 2362 Dae.

192 2387 213 2402 ¹¹³
239 2381 404 2422 Sanqualis
427 2382 533 2422 porta]
566 2380 686 2411 Potius
710 2379 752 2410 ab
776 2378 850 2409 aede

150 2432 249 2463 Sanci
267 2433 337 2463 sive
351 2432 455 2472 Sangi
472 2432 565 2462 dicta
585 2430 755 2470 sanqualis,
769 2439 851 2470 quo-

152 2482 251 2514 modo
268 2483 308 2513 ab
322 2483 473 2523 ejusdem
488 2483 551 2512 Dei
568 2481 674 2512 tutela
686 2479 852 2520 ossifraga

154 2535 224 2565 avis
252 2533 372 2564 eodem
404 2534 537 2564 nomine
565 2532 656 2563 dicta
683 2537 749 2562 est.
795 2532 852 2562 De

151 2586 265 2623 Sango
283 2583 359 2614 vide
373 2583 407 2614 in
424 2584 432 2600 ‘
449 2580 705 2624 propterviam.'
730 2582 830 2612 Idem.

198 2641 211 2655 ¹1
236 2634 376 2674 Saperda
410 2643 507 2672 genus
542 2633 650 2673 piscis]
699 2632 851 2673 Hesych.

155 2684 313 2725 Σαπέρδης
346 2683 440 2722 ὄνομα
466 2682 582 2722 ἰχθύος,
607 2683 636 2714 οἱ
666 2682 698 2714 δὲ
722 2682 854 2722 ταρίχου

155 2735 248 2775 efflas,
260 2735 353 2766 ἄλλοι
371 2734 428 2765 ὑπὸ
443 2735 599 2765 Ποντικῶν
612 2734 668 2764 τὸν
687 2735 855 2775 Κυρακῖνον

155 2786 256 2825 ἰχθύν.
273 2787 293 2817 i.
317 2789 326 2804 ‘
343 2786 494 2827 Saperda
510 2794 630 2816 nomeu
649 2784 763 2825 piscis.
789 2784 855 2815 Alii

571 2279 580 2294 ‘
609 2276 848 2308 immuscutus!

896 1521 931 1546 et
954 1515 1019 1545 vile
1047 1518 1150 1545 vocat
1175 1512 1419 1544 Archestratus
1444 1509 1535 1550 apud
1554 1509 1599 1539 A·

896 1567 1081 1606 thenceum,
1105 1574 1204 1606 quem
1228 1563 1316 1595 vide.
1350 1561 1436 1593 inde
1461 1560 1600 1592 Persius

896 1618 905 1633 ‘
922 1617 1100 1658 saperdam
1117 1615 1245 1646 advehe
1261 1613 1390 1655 pouto.'
1418 1612 1484 1644 Alii
1498 1621 1599 1651 aquas

897 1669 1014 1700 dicunt
1045 1668 1162 1698 salsas·
1198 1665 1266 1697 Alii
1297 1664 1441 1695 frustum
1468 1668 1599 1694 tantum

898 1719 1061 1759 cujusque
1080 1717 1182 1758 piscis
1201 1716 1289 1747 salsi.
1314 1716 1412 1746 Idem.

941 1775 955 1789 ⁰
984 1767 1100 1807 Varro]
1134 1767 1296 1798 Varronis
1331 1766 1424 1796 locus
1453 1763 1602 1795 mutilus.

899 1821 1093 1852 Pleniorem
1118 1823 1153 1849 et
1172 1818 1293 1848 leviter
1317 1816 1531 1847 immutatum
1553 1814 1601 1844 sic

899 1871 1046 1903 Nonius:
1063 1872 1072 1887 ⁴
1086 1867 1276 1909 Saperdae‚’
1289 1867 1411 1908 iuquit,
1426 1870 1434 1883 ‘
1447 1864 1540 1906 quasi
1554 1874 1604 1895 sa-

900 1922 1033 1961 pientes
1050 1925 1086 1951 et
1103 1920 1289 1959 elegantes.
1324 1917 1446 1957 Varro,
1463 1915 1602 1946 Modio:

900 1982 1016 2004 omues
1032 1970 1187 2001 videmur
1211 1968 1307 2000 nobis
1330 1976 1404 1999 esse
1427 1965 1521 2004 betti,
1538 1963 1604 1994 fes·

901 2023 974 2058 tivi,
990 2020 1157 2062 saperdae,
1173 2029 1247 2051 cum
1268 2018 1370 2049 simus
1387 2014 1522 2057 aanpoiss
1545 2015 1604 2046 Sa-

901 2074 1006 2115 perda
1035 2078 1148 2104 tamen
1178 2080 1243 2102 non
1276 2080 1336 2110 pro
1369 2068 1539 2108 sapiente,
1567 2071 1605 2097 ut

902 2126 1026 2156 Festus
1039 2123 1241 2162 Noniusque
1251 2121 1536 2161 interpretantur,
1546 2117 1605 2148 sed

903 2185 964 2216 pro
978 2173 1092 2205 faceto
1105 2176 1139 2203 et
1155 2174 1254 2210 salso,
1272 2176 1307 2202 ut
1324 2171 1452 2211 optime
1475 2168 1606 2199 monuit

902 2225 1042 2256 doctiss.
1062 2223 1244 2254 Mem-sius.
1270 2222 1519 2263 Itaquesensus
1532 2227 1606 2249 ver-

903 2276 1022 2307 borum
1048 2275 1143 2316 ejus:
1171 2274 1300 2304 Omnes
1330 2271 1425 2302 nobis
1454 2270 1606 2301 videmur

904 2336 980 2357 esse
1001 2325 1093 2361 betti,
1120 2323 1248 2362 festivi,
1271 2322 1368 2361 salsi3
1392 2331 1468 2352 cum
1494 2326 1607 2351 tamen
1652 2342 1654 2345 .

906 2378 1007 2408 simus
1023 2375 1148 2416 saproi,
1161 2373 1328 2416 (captavit
1342 2370 1522 2403 manifesto
1536 2369 1607 2400 alli-

907 2424 1144 2466 terationem‚)
1176 2425 1209 2455 id
1235 2429 1298 2464 est,
1321 2422 1450 2461 insulsi,
1480 2431 1541 2452 nec
1574 2420 1606 2451 in

906 2484 980 2510 toto
993 2486 1133 2518 corpore
1155 2475 1337 2506 habeamus
1353 2473 1406 2504 vei
1421 2472 1539 2503 micam
1557 2481 1608 2502 sa-

907 2530 959 2561 tis.
984 2530 1069 2560 Nam
1087 2538 1178 2568 supra
1196 2531 1273 2557 sunt
1288 2535 1362 2566 quae
1376 2524 1452 2555 salis
1468 2522 1608 2554 defectu

909 2583 1123 2621 putruerunt.
1149 2577 1247 2608 Idem-

950 2634 965 2655 Ρ
989 2629 1113 2660 Sarcilo
1144 2628 1177 2658 in
1203 2626 1378 2666 duodecim]
1410 2624 1523 2655 Verba
1556 2625 1607 2653 12.

908 2681 917 2697 ‘
935 2680 969 2711 Si
992 2679 1184 2720 quadrupes
1209 2676 1407 2718 pauperiem
1434 2674 1534 2711 faxit,
1551 2673 1609 2702 do·

909 2731 1016 2762 minus
1033 2730 1169 2763 sarcito,
1194 2736 1335 2758 noxaeve
1359 2725 1485 2756 dedito.
1518 2723 1608 2754 Item

911 2805 919 2813 .
939 2805 946 2814 .
963 2805 970 2813 .
986 2804 993 2811 .
1013 2780 1153 2821 rupitias
1170 2803 1178 2811 .
1196 2800 1204 2808 .
1222 2802 1229 2810 .
1249 2801 1256 2809 .
1273 2774 1420 2809 sarcito.'
1457 2774 1525 2806 Ubi
1542 2783 1609 2805 sar-
