1876 3025
649 159 1015 189 FRAGMENTUM.
1447 152 1556 194 1075

108 252 249 294 labori
280 265 364 292 non
399 252 533 304 parsi.
595 251 885 292 Praedonulos
920 252 1034 293 Cato
1066 252 1411 306 hypocoristicos
1441 256 1556 298 dixit

108 320 150 360 in
192 319 508 373 epistularum:
561 317 679 369 Quia
722 333 842 373 saepe
884 321 1012 361 utiles
1054 321 1252 362 videntur
1294 323 1556 375 praedonuli.

109 387 351 428 Praecem¹¹
386 387 661 439 singulariter
691 388 807 428 idem
841 389 884 429 in
916 402 981 435 ea,
1023 403 1124 443 quae
1156 393 1221 430 est
1261 389 1313 431 de
1354 391 1556 444 conjura-

109 455 238 496 tione.
300 455 607 497 Pulchralibus
630 462 765 510 atque
795 458 983 511 cupidus
1001 463 1033 481 ¹²
1066 458 1178 499 idem
1210 459 1252 500 in
1283 473 1347 507 ea,
1372 473 1470 513 quae
1492 463 1557 500 est

108 523 162 563 de
194 523 328 563 fundo
366 523 543 564 oleario.
604 523 964 566 Punctatoriolas
1005 526 1116 567 levis
1152 540 1323 580 pugnas
1357 527 1556 580 appellat

109 590 219 631 Cato
236 591 278 630 in
297 604 363 641 ea,
382 604 510 644 quam
531 591 646 632 dixit
667 591 720 632 de
743 605 785 632 re
808 592 995 634 Histriae
1014 595 1211 635 militari.
1272 594 1556 636 Proaedifica-

104 664 200 699 tum
217 658 391 709 dicitur,
414 660 531 713 quod
555 673 611 700 ex
626 660 799 713 privato
813 661 911 701 loco
926 662 1146 714 processit
1166 663 1209 702 in
1229 663 1460 716 publicum
1481 676 1555 704 so-

105 727 210 767 lum.
271 727 614 768 Percunctatum
631 729 770 781 patris
792 728 974 771 familiae
998 743 1173 780 nornen,
1196 732 1351 784 nequis
1379 744 1554 772 servum

106 795 314 846 mitteret,
346 797 440 849 lege
463 801 663 837 sanctum
695 797 835 838 fuisse
866 799 929 839 ait
962 798 1075 839 Cato
1105 799 1150 838 in
1186 812 1255 849 ea,
1292 812 1382 852 qua
1415 800 1554 852 legem

108 862 314 903 Orchiam
344 863 583 905 dissuadet.
644 864 903 905 Prodidisse
923 879 1011 906 non
1037 866 1177 906 solum
1199 867 1242 906 in
1264 867 1355 907 illis
1377 867 1553 917 dicitur,

106 930 181 982 qui
204 932 389 984 patriam
407 931 608 972 hostibus
632 932 933 985 prodiderunt,
952 933 1027 974 sed
1046 934 1177 974 etiam
1200 940 1372 988 tempus
1387 934 1554 987 longius

103 997 291 1040 fecisse:
323 1003 369 1039 ut
389 998 523 1040 Cato:
554 1000 632 1050 Te,
655 1000 704 1041 C.
729 1000 902 1051 Caecili,
927 1001 1040 1042 diem
1063 1001 1266 1054 prodisse
1285 1007 1315 1031 ¹³
1340 1003 1554 1043 militibus

104 1065 289 1117 legionis
314 1078 388 1106 111.
418 1080 518 1108 cum
549 1068 843 1122 proditionem
879 1082 968 1109 non
1007 1070 1231 1110 haberent.
1292 1069 1555 1111 Pavimenta

104 1133 293 1175 Poenica
314 1148 524 1177 marmore
548 1136 784 1177 Numidico
806 1142 1033 1178 constrata
1062 1137 1279 1190 significat
1300 1136 1430 1187 Cato,
1454 1150 1553 1178 cum

104 1201 168 1241 ait
189 1201 232 1240 in
254 1215 323 1252 ea,
342 1216 473 1256 quam
495 1204 646 1245 habuit
667 1205 825 1257 nequis
858 1218 948 1246 cos.
971 1206 1039 1246 bis
1070 1205 1222 1246 fieret:
1257 1205 1415 1246 Dicere
1446 1217 1554 1257 pos-

104 1282 218 1318 sum,
260 1271 382 1325 quib.
422 1272 540 1312 villae
581 1275 667 1324 atq.
710 1271 831 1312 aedes
873 1272 1122 1318 aedificatae,
1165 1278 1301 1327 atque
1343 1273 1554 1325 expolitae

103 1337 296 1378 maximo
330 1352 473 1392 opere,
496 1339 618 1389 citro,
650 1344 738 1392 atq.
773 1340 921 1389 ebore,
941 1344 1030 1393 atq.
1054 1340 1324 1393 pavimentis
1358 1340 1554 1381 Poenicis

104 1408 233 1446 stent.
295 1405 478 1447 Prolato
502 1419 587 1447 aere
609 1407 766 1452 astitit,
790 1407 959 1448 Ennius
982 1407 1169 1449 Achillae
1200 1409 1244 1448 in
1266 1407 1506 1448 Aristarchi
1523 1411 1556 1436 ¹4

103 1484 202 1512 cuni
240 1474 315 1523 ait,
337 1475 556 1527 significat
586 1475 746 1528 clypeo
785 1480 885 1516 ante
924 1489 970 1516 se
1007 1480 1221 1528 protento.
1283 1476 1554 1515 Poenitam¹5

102 1538 232 1580 offam
253 1541 439 1582 Naevius
455 1542 654 1595 appellat
668 1543 900 1595 absegmen
925 1544 1069 1583 carnis
1091 1556 1188 1583 cum
1214 1543 1353 1584 coda:
1385 1542 1553 1595 antiqui

103 1613 248 1649 autem
272 1608 402 1649 offam
425 1611 646 1650 vocabant
668 1611 894 1651 abscisum
920 1611 1039 1663 globi
1060 1611 1213 1659 forma,
1241 1616 1290 1650 ut
1311 1623 1438 1650 manu
1460 1610 1555 1662 glo-

102 1680 310 1716 meratam
336 1677 521 1729 pultem.
581 1677 771 1720 Privatae
805 1678 925 1719 feriae
961 1684 1173 1719 vocantur
1207 1691 1429 1718 sacrorum
1454 1690 1554 1731 pro-

102 1745 312 1796 priorum,
334 1745 453 1785 velut
473 1744 565 1785 dies
586 1746 764 1795 natales,
785 1746 1071 1799 operationis,
1093 1745 1340 1786 denecales.
1384 1744 1554 1785 Pronu-

102 1811 173 1852 bae
188 1817 204 1842 Ρ
226 1812 482 1852 adhibentur
495 1813 660 1866 nuptiis
676 1827 774 1866 quae
792 1815 927 1854 semel
941 1816 1190 1866 nupserunt,
1208 1818 1255 1853 ut
1277 1813 1554 1853 matrimonia

102 1884 410 1933 paupertatem
429 1879 461 1904 ¹⁶
501 1880 804 1933 auspicantes.
884 1880 1123 1921 Pudicitiae
1163 1880 1330 1933 signum
1372 1881 1414 1920 in
1456 1881 1551 1920 foro

104 1945 298 1987 Bovario
319 1952 402 1996 est,
418 1949 492 1988 ubi
507 1947 729 1988 familiana
750 1948 932 1989 aedisset
946 1953 977 1978 ¹⁷
995 1947 1203 1988 Herculis
1223 1961 1232 1987 :
1256 1961 1353 1988 eam
1372 1947 1552 2001 quidam

103 2012 311 2054 Fortunae
344 2027 440 2054 esse
476 2015 743 2055 existimant.
805 2016 913 2056 Item
950 2016 1023 2055 via
1046 2015 1203 2055 Latina
1240 2015 1293 2055 ad
1318 2015 1551 2055 miliarium

102 2079 214 2120 illi¹⁸
249 2081 455 2122 Fortunae
486 2080 734 2131 Muliebris,
766 2083 887 2122 nefas
921 2082 1015 2135 [53]
1050 2088 1117 2123 est
1139 2083 1279 2134 attigi,
1301 2084 1385 2123 nisi
1409 2083 1465 2123 ab
1487 2095 1553 2130 ea,

103 2160 204 2200 quae
237 2149 371 2189 semel
402 2149 564 2201 nupsit.
628 2149 812 2190 Patrimi
844 2154 888 2190 et
921 2149 1106 2190 matrimi
1142 2150 1267 2202 pueri
1300 2150 1552 2203 praetextati

706 2277 943 2290 eeeeeeeeeeee

147 2367 185 2395 ll
211 2363 235 2395 f.
251 2368 468 2404 precem—12
493 2364 517 2395 f.
540 2365 772 2404 cupidum—13
796 2364 820 2394 f.
836 2365 1105 2404 prodidissem—14
1130 2363 1154 2393 f.
1175 2365 1206 2394 in
1225 2365 1345 2396 Achille
1361 2365 1550 2396 Aristarchi.

103 2410 185 2438 -15
212 2407 235 2437 f.
248 2409 485 2446 penitam—16
508 2406 531 2438 f.
549 2408 739 2438 matrimonii
753 2409 1091 2448 perpetuitatem—17
1120 2406 1143 2436 f.
1162 2408 1238 2438 acris
1253 2411 1399 2440 θεὴ-48
1422 2407 1444 2438 f.
1464 2408 1554 2437 IIII.

754 2526 895 2558 NOTAE

147 2615 163 2635 Ρ
187 2611 358 2652 Pronubce]
380 2611 609 2642 Tertullianus
626 2613 659 2643 in
679 2613 799 2644 exhor·
856 2618 894 2643 nt
913 2619 946 2642 et
967 2612 1148 2653 virginibus
1173 2612 1323 2653 legitime
1348 2611 1552 2642 nubentibus

106 2661 236 2692 tatione
259 2662 299 2692 ad
323 2663 537 2693 castitatem:
562 2663 800 2704 ‘Monogamia
856 2663 987 2695 univira
1019 2664 1172 2704 pronuba
1194 2663 1406 2701 adhibeatur,
1434 2666 1467 2693 et
1503 2661 1550 2692 sic

107 2710 196 2751 apud
214 2711 376 2743 Ethnicos
403 2712 435 2742 in
452 2722 578 2744 summo
597 2713 721 2744 honore
739 2719 802 2753 est,
856 2714 997 2755 auspicii
1015 2714 1146 2745 initium
1162 2713 1228 2745 sit!
