1876 3025
254 210 316 239 DE
350 209 621 239 VERBORUM
656 207 1062 239 SlGNlFlCATIONE
1095 207 1193 237 ΜΒ,
1224 206 1374 237 Xv111.

1464 198 1547 240 961

155 312 238 346 tar.
291 305 533 359 Tarquinio
556 310 762 358 regnante
784 319 884 346 cnm
906 318 1054 359 magna
1076 302 1279 343 incidisset
1298 303 1549 357 pestilentia

154 374 197 414 in
219 373 421 414 mulieres
448 371 644 428 gravidas
673 387 815 412 earum
843 373 960 414 fetus
980 370 1123 426 irffectz'
1141 375 1241 412 sunt
1263 384 1319 411 ex
1342 383 1467 411 carne
1487 370 1549 410 de·-

155 440 318 480 vendita
334 439 489 494 populo
510 445 730 481 taurorum
753 442 1099 481 immolatorum:
1122 440 1177 480 ob
1198 438 1269 478 hoc
1292 437 1379 478 ludi
1406 437 1551 478 Taurii

157 509 367 562 appellati
402 513 520 558 sunt,
542 513 587 548 et
607 509 715 549 fiunt
745 508 788 547 in
819 507 923 548 circo
940 506 1147 560 flaminio,
1180 519 1228 546 ue
1258 507 1368 546 intra
1399 519 1549 546 muros

154 581 392 618 evocentur
417 577 492 616 Dii
514 576 652 629 iry'ere'.
702 575 784 616 Sed
808 575 978 616 Taurios
997 575 1125 616 ludos
1142 574 1283 616 Varro
1305 574 1365 614 ait
1385 574 1550 623 vocari,

157 644 274 698 qnod
295 643 349 684 eis
374 643 479 684 ludis
499 643 727 697 discipulus
751 645 947 698 pendens
969 658 995 685 a
1027 644 1209 684 doctore
1233 643 1275 682 in
1298 640 1422 681 crudo
1443 640 1550 681 corio

163 710 291 751 Tauri
312 712 470 752 solitus
493 713 549 752 sit
567 712 747 764 impelli,
766 717 897 765 atque
915 724 1056 764 usque
1081 724 1123 749 eo
1139 708 1239 749 inibi
1260 709 1347 762 cogi
1378 708 1550 758 docere,

157 779 303 833 quoad
324 780 596 826 consisteret,
612 784 649 818 et
669 777 755 818 sola
772 779 926 819 virtute
944 779 1131 819 talorum
1152 780 1372 818 constaret
1392 776 1551 829 pedum

144 846 345 899 firmitas.

100 914 309 955 Taurium
333 927 396 954 aes
418 914 585 963 dicunt,
610 913 729 966 quod
753 913 795 953 in
817 912 947 953 ludos
970 913 1201 954 tauricos¹⁷
1224 911 1503 952 consumitur.

100 982 343 1023 Taurorum
368 981 544 1034 specie⁰
569 981 802 1022 simulacra
835 980 1080 1030 fluminum,
1112 981 1157 1021 id
1187 984 1265 1030 est,
1296 993 1394 1020 cum
1416 981 1554 1020 corni-

158 1050 266 1100 bus3
299 1048 414 1101 qnod
439 1051 541 1088 sunt
562 1048 745 1098 atrocia,
766 1053 816 1088 ut
838 1049 965 1088 tauri.

701 1156 839 1168 ‘‘‘‘‘‘‘

843 1156 939 1168 eeeee

147 1234 184 1261 17
200 1232 261 1262 Vir
278 1231 369 1263 doct.
387 1232 419 1263 in
437 1243 541 1274 marg.
553 1233 704 1273 ejusdem
723 1233 777 1266 ed.
790 1235 930 1275 conjicit
946 1236 1074 1266 taurios.

760 1349 900 1380 NOTAE

102 1409 183 1439 circo
205 1409 372 1449 Flaminio,
388 1421 425 1442 ne
441 1412 525 1442 intra
553 1423 655 1443 mztros
679 1423 802 1443 evocen-

104 1464 155 1491 tur
172 1461 217 1492 Di
234 1471 355 1492 manes:
376 1467 496 1503 contra,
522 1474 571 1494 eos
597 1465 684 1495 ludos
704 1465 803 1496 Varro

104 1513 149 1541 ait
180 1512 295 1551 vocari,
322 1513 400 1552 quod
426 1514 597 1553 discipulus
621 1515 757 1554 pendens
786 1525 805 1545 a

103 1563 226 1591 doctore
240 1562 308 1591 inei·
320 1583 328 1591 .
344 1585 351 1592 .
368 1586 375 1593 .
388 1564 495 1594 solitus
508 1565 552 1594 sit
567 1564 693 1604 impelli,
712 1567 805 1604 atque

104 1621 198 1652 usque
213 1622 246 1642 eo
270 1613 340 1651 cogi
355 1614 472 1649 docere,
497 1616 595 1654 quoad
611 1615 803 1649 consisteret,

104 1666 133 1693 et
151 1663 265 1693 virtute
282 1664 415 1694 talorum
441 1669 595 1695 constaret
618 1667 729 1705 pedum
741 1665 804 1705 fir-

104 1713 209 1744 milas.
265 1714 364 1746 Quod
399 1716 465 1745 ludi
496 1716 611 1746 Taurii
639 1716 671 1746 in
705 1717 806 1747 Circo

106 1765 270 1795 Flaminio
294 1764 428 1803 fierent,
456 1766 510 1805 qni
536 1766 598 1796 fuit
616 1772 714 1797 extra
733 1776 805 1806 por-

107 1820 175 1845 tam
205 1815 468 1855 Carmentalem,
497 1817 594 1847 testis
619 1823 670 1847 est
698 1817 807 1846 Varro

106 1873 156 1895 lv.
173 1865 214 1895 de
232 1865 356 1894 Latino
370 1875 542 1896 sermone:
572 1867 714 1907 reliqua,
731 1876 803 1907 quae

107 1926 148 1946 ex
163 1916 319 1956 opinione
332 1916 496 1946 Varronis
512 1915 713 1955 afferuntur,
727 1918 806 1958 quin

107 1967 156 1996 ita
171 1967 346 2006 scripserit
375 1967 508 2005 Festus,
536 1967 650 2007 negari
668 1977 732 1997 non
751 1978 808 2008 po-

108 2022 186 2048 test.
235 2016 335 2057 Apud
357 2018 483 2048 nullum
517 2022 629 2048 antem
657 2022 807 2048 veterem

108 2067 310 2108 scriptorem
328 2067 361 2098 id
381 2072 509 2098 temere
526 2068 689 2098 invenias.
737 2069 808 2109 Ap-

107 2123 207 2159 paret
220 2123 332 2149 tamen
345 2118 546 2158 Varronem,
561 2119 655 2149 ludos
670 2119 809 2150 Taurios

110 2170 150 2200 ab
168 2179 207 2201 eo
225 2169 348 2205 dictos,
370 2170 529 2209 sensisse,
548 2170 636 2210 quod
665 2170 697 2200 in
715 2171 809 2201 corio

111 2221 197 2250 tauri
213 2220 316 2251 etiam
334 2219 367 2250 id
385 2230 490 2260 genus
508 2220 576 2250 ludi
595 2220 694 2251 fieret
719 2231 738 2251 a
760 2221 809 2251 ln-

110 2270 313 2310 dimagistris
336 2280 375 2300 eo
402 2269 469 2305 die,
486 2280 550 2311 qno
578 2271 647 2301 ludi
673 2271 809 2302 Circen-

112 2331 177 2359 ses,
204 2321 258 2360 qui
285 2320 368 2351 dicti
396 2327 474 2350 sunt
496 2321 624 2360 Taurii,
654 2321 686 2351 in
719 2321 810 2352 circo

112 2372 277 2402 Flaminio
307 2371 442 2409 fierent,
470 2376 528 2401 aut
558 2370 647 2411 quod
679 2371 809 2402 scutica

113 2423 220 2452 tanria
237 2422 417 2461 discipulus
430 2421 682 2461 impelleretur:
708 2422 811 2462 idque

113 2471 317 2512 explendum
332 2471 432 2502 fuisse
449 2473 481 2502 in
495 2482 531 2502 ea
551 2473 683 2511 lacuna,
695 2473 728 2502 in
747 2482 812 2513 qua

114 2532 215 2552 cansa
253 2522 394 2552 nominis
439 2521 628 2553 desiderari
669 2523 812 2554 videtur.

115 2572 295 2612 Scriptura
311 2571 401 2601 Festi
420 2571 599 2603 manifesta
613 2578 687 2604 est:
725 2573 812 2604 ratio

116 2622 212 2652 nobis
238 2622 461 2660 incomperta.
507 2622 667 2654 Fortasse
694 2634 755 2664 pro
782 2625 815 2655 in

115 2682 149 2704 er
163 2696 170 2704 .
188 2696 195 2703 .
212 2693 220 2702 .
239 2695 246 2703 .
264 2672 502 2712 supplendum,
539 2673 570 2704 in
598 2675 690 2705 crudo
720 2675 815 2706 corio.

122 2722 194 2753 Jns.
211 2722 301 2753 Scal.

166 2771 288 2811 Taurii]
315 2772 451 2802 Servius
475 2782 514 2803 ιι.
541 2773 671 2805 AEneid.
703 2775 711 2791 ⁴
730 2774 815 2807 Quae

204 2826 319 2865 Delph.
336 2830 364 2857 et
387 2827 461 2858 Vnr.
479 2828 564 2857 Clas.

761 2829 869 2868 Pomp.
887 2828 971 2859 Fest.

855 1414 980 1444 sterilis
998 1419 1110 1444 autem
1137 1417 1187 1444 est
1212 1417 1326 1443 taurea
1352 1410 1556 1451 appellatur,

855 1465 943 1495 unde
961 1464 1030 1495 ludi
1049 1465 1172 1495 Taurei
1200 1463 1293 1498 dicti,
1317 1463 1372 1503 qui
1398 1472 1439 1492 ex
1464 1461 1556 1491 libris

854 1513 1012 1545 fatalibus
1038 1524 1056 1544 a
1089 1523 1168 1553 rege
1192 1512 1379 1552 Tarquinio
1407 1511 1557 1551 superbo

855 1565 1003 1596 instituti
1020 1570 1111 1602 suut,
1129 1569 1311 1604 propterea
1337 1561 1426 1602 quod
1449 1560 1558 1591 omnis

857 1621 973 1655 partus
992 1616 1169 1646 mulierum
1189 1615 1275 1644 male
1294 1612 1453 1643 cedebat.
1493 1610 1557 1641 Alii

856 1666 953 1696 ludos
969 1666 1115 1696 Taureos
1140 1675 1158 1695 a
1174 1664 1308 1695 Sabinis
1326 1668 1465 1702 propter
1484 1671 1557 1700 pes-

857 1717 1021 1746 tilentiam
1055 1716 1227 1746 institutos
1257 1713 1387 1751 dicunt,
1419 1718 1455 1742 ut
1486 1712 1558 1742 lues

858 1767 994 1806 publica
1026 1767 1056 1796 in
1089 1766 1147 1795 lias
1183 1765 1311 1795 hostias
1343 1762 1558 1793 verteretur!

858 1817 956 1849 Quod
976 1817 1045 1847 ludi
1068 1816 1184 1846 Taurii
1210 1816 1241 1845 in
1271 1815 1370 1846 Circo
1396 1813 1559 1844 Flaminio

858 1867 991 1903 fierent,
1014 1867 1070 1908 qui
1098 1866 1163 1897 fuit
1193 1871 1290 1896 extra
1317 1869 1450 1905 portam
1479 1863 1558 1894 Car-

858 1917 1053 1952 mentalem,
1068 1917 1166 1947 testis
1184 1915 1296 1946 Varro
1313 1914 1371 1944 lib.
1391 1922 1438 1943 iv.
1463 1913 1505 1943 de
1523 1913 1560 1943 L.

859 1969 898 2000 L.
923 1969 932 1984 ‘
947 1968 1034 2000 Item
1054 1967 1153 1998 simili
1171 1967 1212 1997 de
1235 1975 1337 1997 causa
1354 1965 1466 1996 circus
1484 1964 1560 1994 Fla·

860 2019 982 2050 minius
997 2018 1123 2048 dicitnr
1140 2018 1196 2058 qni
1215 2015 1405 2047 aedificatus
1425 2019 1479 2046 est
1495 2014 1558 2045 cir-

859 2079 933 2100 cum
966 2069 1165 2100 Flaminium
1194 2077 1373 2107 campum;
1409 2070 1443 2096 et
1469 2064 1560 2106 quod

861 2119 903 2150 ibi
923 2129 1056 2161 quoque
1074 2119 1161 2149 ludis
1186 2119 1335 2149 Tauricis
1352 2118 1477 2148 circum
1496 2126 1562 2147 me-

862 2175 911 2200 tas
941 2169 1108 2200 currunt!
1151 2168 1225 2199 Viri
1256 2168 1348 2199 docti
1378 2168 1471 2198 aiunt
1501 2167 1562 2197 lios

860 2219 957 2251 ludos
972 2220 1114 2250 Taurios
1126 2219 1304 2250 Circenses
1321 2218 1424 2249 etiam
1442 2218 1563 2253 dictos,

861 2270 949 2312 quod
965 2279 1064 2300 nemo
1082 2270 1290 2310 probaverit.
1314 2270 1471 2310 Reliqua,
1486 2278 1561 2309 quae

862 2331 904 2352 ex
949 2321 1106 2361 opinione
1146 2321 1310 2351 Varronis
1361 2318 1562 2358 afferuntur,

864 2371 954 2411 apud
978 2371 1106 2401 nullum
1139 2371 1240 2401 alium
1268 2376 1441 2402 auctorem
1471 2370 1563 2400 inve-

863 2422 948 2453 nias.
993 2422 1037 2452 Et
1053 2422 1176 2452 diversi
1194 2426 1271 2452 sunt
1287 2421 1319 2451 1ιί
1336 2421 1404 2451 ludi
1432 2431 1449 2450 a
1465 2429 1562 2459 supe-

864 2472 1019 2502 rioribus.
1065 2472 1182 2502 Taurii
1201 2478 1313 2502 autem
1337 2472 1419 2502 dicti
1436 2471 1523 2512 qnod
1546 2481 1564 2501 a

865 2523 933 2553 ludi
952 2523 1111 2561 magistro
1128 2523 1311 2562 discipulus
1328 2523 1360 2553 in
1383 2522 1488 2552 crudo
1507 2521 1565 2551 bo-

866 2574 914 2603 vis
932 2573 1023 2603 corio
1049 2573 1285 2612 impelleretur
1306 2573 1414 2603 donec
1440 2572 1564 2601 virtute

867 2624 1012 2654 talorum
1030 2623 1244 2654 consisteret.
1289 2623 1353 2653 Sed
1373 2632 1433 2662 pro
1445 2622 1564 2659 docere,

865 2674 968 2705 doceri
984 2673 1162 2712 legendum
1181 2673 1349 2704 existimo.
1398 2673 1434 2702 ln
1453 2682 1491 2702 eo
1509 2681 1565 2702 co—

868 2726 917 2755 rio
934 2734 1038 2764 usque
1056 2733 1096 2754 eo
1114 2724 1226 2755 doceri
1250 2724 1436 2765 cogebatur
1452 2721 1562 2763 quoad

870 2774 1084 2809 consisteret,
1101 2776 1161 2805 &a
1191 2774 1270 2804 Duc.

1410 2825 1480 2855 aP
