1876 3025
259 149 344 192 682

259 257 464 299 Purime⁰
485 255 684 305 tetinero,
704 254 942 308 purissime
965 255 1155 293 tenuero.

696 158 845 190 SEXTI
879 157 1082 187 POMPEII
1117 157 1252 188 FES'I'l

1523 253 1697 302 [PAUL.

261 322 433 363 Purime
454 321 620 362 tetinero
630 321 805 376 positum
823 326 878 360 est
892 333 972 373 pro
988 319 1222 372 purissime
1245 323 1474 361 tenuero.¹⁵
1533 320 1698 370 [FEST.

259 389 455 432 Publicus
476 403 574 444 ager
589 395 606 420 P
627 388 756 429 dictus
777 387 874 442 quia
894 400 1097 441 augurum
1117 387 1320 440 publicus
1343 391 1424 437 est,
1446 390 1494 427 ut
1514 400 1624 427 oscus
1655 387 1699 427 in

322 455 478 498 Veienti
498 473 511 497 .·
543 456 576 496 is
592 456 697 496 enim
717 469 792 495 usu
814 459 858 495 et
871 454 971 508 jure
993 466 1203 506 augurum
1221 460 1288 494 est.

257 522 504 564 Prodit-eres
539 521 644 562 diem
674 528 729 562 est
759 519 947 575 prodere,
978 520 1196 574 prodictio
1228 510 1416 575 namque
1437 518 1623 574 proditio
1644 527 1699 560 est

314 603 415 645 quae,
436 596 482 631 ut
503 590 561 630 ait
589 587 771 635 Verrius,
793 588 837 628 in
856 600 1044 641 praesens
1065 587 1192 628 valet.

862 706 980 718 ”0000

982 706 1100 719 eeeeee

299 799 337 826 15
362 795 433 828 Jos.
455 794 544 826 Scal.
564 795 598 824 in
623 802 725 834 marg.
741 802 810 824 suae
826 792 881 824 ed.
898 793 1044 833 notavit,
1068 792 1141 824 haec
1166 792 1300 834 quidem
1322 802 1397 825 esse
1419 793 1526 833 Festi,
1551 793 1610 824 sed
1634 803 1699 825 non

256 849 298 870 ex
315 845 384 870 vet.
401 837 459 869 lib.
476 842 596 868 sumta.

907 909 1052 941 NOTAE

255 999 363 1040 patris
381 1002 555 1039 potestate
571 996 722 1028 exibant.
770 997 892 1038 Neque
913 996 951 1028 li-

253 1052 314 1082 bet
329 1049 522 1089 intelligere
546 1047 588 1078 de
612 1056 664 1086 e0,
681 1055 780 1087 quem
804 1051 903 1087 pater
919 1047 952 1077 in

254 1102 398 1132 alienam
414 1099 574 1130 familiam
599 1097 709 1136 daret,
726 1102 762 1128 ut
785 1106 861 1128 curn
878 1107 953 1129 enm

255 1162 297 1184 ex
313 1156 487 1193 potestate
504 1150 684 1188 emisisset,
701 1154 819 1189 postea
839 1158 952 1180 sacro-

255 1213 328 1234 rum
346 1211 447 1234 cansa
464 1200 682 1232 manumissio
699 1199 950 1231 celebraretur:

256 1253 312 1293 qui
330 1253 419 1284 enim
436 1251 538 1283 tertia
554 1249 808 1289 mancipatione
825 1249 858 1279 in
872 1249 952 1289 jure

254 1304 340 1334 cessi
356 1306 455 1334 erant
471 1311 490 1332 a
506 1304 660 1342 parente,
677 1299 710 1330 in
727 1298 823 1339 cujus
840 1304 953 1339 potes-

256 1357 328 1384 tate
348 1356 456 1391 erant,
474 1350 593 1382 eodem
612 1353 783 1380 momento
800 1349 832 1379 in
849 1349 954 1389 patris

256 1403 408 1444 adoptivi
434 1412 529 1433 sacra
552 1400 756 1439 transibant,
772 1409 838 1440 quo
861 1409 879 1430 e
896 1409 954 1440 pa-

255 1454 317 1485 tris
335 1452 498 1484 naturalis
521 1451 624 1482 sacris
642 1450 793 1481 exibant.
838 1449 956 1490 Appa-

256 1510 310 1536 ret
339 1509 465 1541 autem‚
489 1503 548 1543 qui
579 1500 684 1532 sacris
714 1499 955 1531 exsolvebatur

255 1555 327 1586 auri
340 1554 429 1595 puri,
443 1553 550 1593 probi,
562 1551 649 1592 puti,
664 1551 713 1581 sui
726 1551 843 1581 nescio
854 1560 956 1591 quan-

256 1610 327 1636 tum
350 1613 438 1634 arcae
462 1601 666 1633 Pontificum
689 1598 816 1631 inferre
835 1601 956 1631 solere.

255 1656 324 1686 Jos.
337 1653 420 1685 8οαί.

299 1703 398 1743 Puri]
433 1703 533 1741 Quae,
548 1702 625 1743 quia
648 1700 846 1741 praeclaram
869 1701 955 1731 solu·

256 1753 356 1784 tionis
380 1761 553 1783 sacrorum
577 1756 612 1782 et
629 1750 883 1789 detestationis,
899 1760 955 1781 ne-

257 1813 322 1843 que
339 1802 446 1834 cuivis
470 1802 604 1833 obviam
627 1801 860 1840 cognitionem
877 1811 956 1832 con-

257 1853 380 1888 tinent,
397 1852 547 1893 prudens
573 1851 752 1891 praeterire
769 1851 874 1888 nolui,
890 1850 956 1881 etsi

257 1913 297 1934 ea
325 1903 436 1934 minus
470 1901 511 1932 ad
543 1902 630 1932 hanc
660 1900 958 1931 manumissionem

258 1962 327 1993 qua.
349 1952 393 1982 de
415 1951 536 1982 Festus
556 1949 721 1990 loquitur.
768 1950 857 1980 Nam
881 1959 957 1989 pro-

258 2002 332 2042 prie
357 2006 393 2032 et
409 2010 488 2031 vere
511 1999 637 2031 dictam
662 1999 958 2031 manumissionem

258 2052 379 2083 Festus
401 2050 573 2090 intelligit,
594 2059 670 2080 cum
693 2049 823 2080 scilicet
846 2059 958 2081 sacro-

259 2111 333 2132 rum
355 2110 458 2131 causa
479 2109 596 2130 servus
620 2098 925 2130 manumittebatur
940 2109 959 2130 a

260 2151 409 2182 domino.
441 2149 550 2191 quue
565 2148 646 2180 satis
662 2157 830 2189 superque
846 2153 958 2179 osten-

261 2203 347 2233 dunt
363 2212 437 2243 quae
457 2210 560 2241 supra
576 2201 664 2231 idem
681 2200 804 2230 Festus
821 2199 957 2239 posuit:

261 2252 479 2283 ‘Manumitti
505 2250 682 2282 dicebatur
707 2259 824 2281 servus
850 2259 961 2280 sacro-

262 2312 334 2333 rum
349 2300 472 2340 causa,'
486 2302 550 2331 δες.
574 2301 700 2330 Locum
714 2298 780 2330 adi.
807 2299 959 2339 Conjicio

261 2358 375 2384 autem
397 2360 568 2382 sacrorum
596 2359 698 2381 causa
721 2349 959 2380 manumissum

262 2413 396 2434 servum
413 2402 579 2440 dici‚cum
598 2410 617 2431 a
632 2399 767 2431 domino
784 2399 960 2430 manumit-

263 2454 415 2492 tebatur‚
429 2458 465 2482 ut
481 2452 513 2482 in
527 2450 663 2482 familiae
677 2459 774 2481 sacra
787 2450 961 2488 transiret,

263 2513 375 2544 neque
391 2503 480 2533 enim
496 2501 528 2532 id
551 2501 646 2531 nobis
668 2510 687 2530 a
702 2499 886 2531 Veteribus
903 2509 961 2530 ex-

265 2554 447 2593 plicatum:
482 2561 543 2592 pro
564 2559 604 2581 eo
626 2554 737 2581 autem
757 2550 840 2590 puri,
861 2551 962 2589 probi,

263 2602 399 2642 profani,
422 2602 469 2632 sui
484 2601 555 2632 auri
574 2602 627 2632 20.
674 2601 838 2632 Dominus
854 2601 961 2632 solve-

266 2655 338 2684 bat.
364 2653 445 2684 Dac.

308 2706 322 2721 ⁰
339 2701 484 2743 Purime]
500 2700 606 2733 Infra.
631 2702 706 2733 Duo
722 2700 871 2733 membra
883 2705 962 2733 sunt

1007 997 1039 1027 in
1053 997 1102 1028 his
1120 997 1287 1039 reliquiis:
1305 996 1339 1028 in
1355 996 1461 1037 primo
1472 995 1551 1038 quid
1563 996 1607 1028 sit
1622 1006 1703 1037 ager

1008 1047 1162 1087 publicus
1193 1046 1422 1078 disserebatur
1438 1057 1446 1077 ι
1484 1056 1606 1088 nempe
1637 1057 1703 1088 quo

1008 1101 1042 1127 et
1057 1106 1201 1138 augures
1217 1096 1347 1138 publici
1361 1095 1576 1135 fruebantur,
1594 1097 1703 1138 qualis

1008 1152 1082 1178 erat
1098 1147 1156 1189 qui
1173 1147 1207 1178 in
1224 1156 1306 1188 agro
1319 1146 1458 1178 Veienti
1470 1151 1555 1187 erat,
1568 1146 1702 1178 nomine

1008 1195 1134 1229 Oscus.
1178 1197 1324 1228 Videtur
1339 1202 1452 1227 autem
1472 1196 1561 1227 velle
1582 1197 1702 1229 Festus

1009 1246 1188 1277 Publicum
1198 1255 1316 1286 agrum
1324 1245 1451 1276 dictum
1462 1255 1535 1276 esse
1545 1245 1588 1276 ab
1601 1255 1704 1286 augu-

1009 1296 1101 1327 ribus
1139 1296 1293 1337 publiciS.
1336 1296 1389 1327 De
1421 1296 1542 1337 quibus
1570 1297 1702 1327 Varro:

1010 1352 1016 1362 ¹
1033 1347 1080 1377 Ut
1093 1346 1200 1377 nostri
1213 1355 1356 1386 augures
1373 1345 1500 1385 publici
1514 1345 1708 1376 disserunt-⁹

1010 1396 1153 1426 Cicero:
1186 1398 1194 1412 ‘
1211 1395 1337 1436 publici
1365 1404 1509 1434 augures
1537 1395 1642 1435 signis
1671 1400 1706 1426 et

1010 1447 1168 1486 auspiciis
1184 1451 1304 1487 postea
1320 1445 1478 1476 vidento.'
1498 1446 1568 1477 Jos.
1586 1445 1670 1476 Scal.

1055 1497 1183 1527 Purime
1214 1494 1360 1534 tetinero]
1400 1495 1471 1526 Pro
1502 1498 1587 1526 teneo
1616 1494 1706 1526 dice-

1010 1546 1094 1577 bant
1119 1549 1211 1583 teno;
1243 1545 1332 1576 unde
1362 1546 1577 1586 praeteritum
1605 1545 1706 1577 tetini.

1009 1596 1096 1627 Vide
1114 1595 1216 1627 infra.
1259 1597 1268 1612 ‘
1281 1595 1407 1634 Tetini‚
1423 1595 1537 1626 tenni.'
1561 1595 1641 1626 Dae.

1051 1650 1068 1671 1>
1093 1644 1242 1676 Publicus
1252 1643 1343 1683 ager]
1366 1643 1455 1674 Vide
1471 1643 1480 1660 ‘
1495 1643 1633 1675 oscum.'
1657 1643 1708 1675 ld.

1051 1701 1067 1723 q
1092 1694 1274 1734 Prodicere]
1307 1693 1361 1724 lta
1380 1702 1478 1733 paene
1500 1692 1705 1733 scripserat:

1012 1747 1179 1778 Prodicere
1203 1746 1286 1776 diem
1308 1748 1353 1776 est
1375 1745 1516 1785 prodere,
1538 1743 1708 1784 prodictio

1010 1806 1155 1838 namque
1182 1796 1330 1837 proditio
1355 1799 1415 1834 est,
1434 1805 1502 1835 quoe
1519 1795 1552 1826 in
1575 1804 1709 1836 praesens

1010 1849 1092 1879 valet
1103 1858 1113 1878 :
1134 1852 1141 1864 ‘
1157 1846 1334 1887 prodicere
1354 1845 1443 1876 diem
1456 1845 1464 1856 ’
1489 1850 1524 1877 et
1539 1847 1548 1863 ‘
1563 1846 1708 1886 prodere

1011 1896 1120 1929 diem'
1152 1896 1242 1927 idem
1272 1904 1347 1926 esse
1376 1904 1480 1935 supra
1508 1895 1710 1927 notavimus.

1012 1946 1252 1988 Gellius-libro
1277 1954 1346 1976 xn-
1371 1954 1446 1985 cap.
1473 1946 1524 1975 13.
1557 1946 1565 1962 ‘
1582 1945 1708 1976 Kalen-

1012 1995 1141 2036 dasque
1157 1995 1236 2026 mihi
1253 1994 1440 2035 prodictas,
1463 1994 1512 2025 uti
1528 1994 1615 2026 intra
1632 2005 1708 2027 eum

1014 2045 1102 2078 diem
1138 2044 1419 2086 pronunciarem.'
1468 2045 1562 2076 Male
1597 2046 1709 2082 hodie,

1011 2098 1189 2137 productas.
1211 2096 1283 2128 Jos.
1295 2096 1383 2127 Scal.

1058 2147 1224 2178 Prodicere
1238 2147 1320 2177 diem
1340 2149 1385 2177 est
1406 2145 1553 2186 prodere]
1577 2146 1642 2176 Vel
1659 2156 1710 2177 re-

1015 2197 1230 2228 scribendum
1261 2202 1315 2227 est
1348 2197 1516 2227 Prodioere
1552 2196 1634 2227 diem
1664 2199 1710 2227 est

1011 2248 1191 2289 proedz'cere,
1204 2246 1356 2287 prodictio
1373 2255 1501 2286 namque
1515 2249 1560 2277 est
1580 2247 1711 2286 pro-:dic-

1013 2299 1080 2329 tio.-
1118 2298 1171 2328 vel
1201 2297 1320 2328 mirum
1353 2297 1386 2327 in
1415 2297 1550 2326 modum
1589 2297 1709 2327 Festus

1014 2347 1155 2386 fallitur,
1179 2353 1214 2379 et
1233 2357 1309 2379 cum
1333 2357 1373 2378 eo
1395 2346 1571 2387 Scaliger:
1598 2356 1707 2387 neque

1015 2399 1103 2430 enim
1130 2397 1333 2438 ‘prodicere
1361 2395 1472 2427 diem'
1502 2395 1590 2427 idem
1619 2396 1710 2437 quod

1013 2449 1021 2465 ⁴
1038 2446 1205 2488 prodere!
1230 2450 1238 2464 ‘
1249 2446 1402 2477 Prodere
1414 2445 1422 2459 '
1438 2450 1491 2477 est
1507 2445 1709 2486 producere,

1014 2497 1218 2539 ‘prodicere
1230 2496 1238 2510 '
1256 2506 1335 2527 vero
1345 2501 1398 2527 est
1412 2496 1613 2536 praedicere,
1626 2506 1710 2537 prae-

1016 2549 1187 2579 nunciare.
1212 2551 1220 2565 ‘
1233 2547 1313 2577 Dies
1332 2546 1469 2587 prodita
1481 2546 1488 2559 '
1506 2552 1620 2587 potest
1635 2556 1709 2578 esse

1016 2604 1024 2616 ‘
1040 2596 1220 2638 prodicta‚'
1244 2602 1279 2628 et
1297 2602 1416 2628 eontra
1430 2599 1439 2614 ‘
1453 2596 1607 2637 prodicta
1620 2596 1627 2609 '
1651 2606 1707 2637 po-

1018 2655 1085 2681 test
1102 2659 1175 2680 esse
1191 2651 1200 2666 ⁴
1214 2659 1280 2681 non
1297 2647 1451 2691 prodita-⁸
1473 2648 1560 2680 Vide
1575 2649 1583 2666 ‘
1599 2647 1707 2688 prodi<

1016 2699 1127 2732 disse.'
1151 2701 1230 2732 Dae.
