1876 3025
292 161 356 192 DE
388 157 661 191 VERBORUM
695 155 1103 189 SIGNlFlCATIONE
1141 155 1238 187 LIB.
1272 154 1381 186 XVI.

1480 145 1565 186 737

121 255 394 312 Regifugium
415 254 496 295 dies
516 259 684 294 notatur
703 252 746 292 in
748 251 882 308 fastis
905 262 972 292 v1.
992 248 1095 291 Kal.
1118 247 1317 295 Martias,
1339 255 1384 289 ut
1400 248 1564 303 [FEST.

176 324 235 364 αἱί
262 323 440 372 Verrius,
456 323 514 363 ita
532 321 682 371 dictus,
705 321 812 374 quia
834 333 877 360 eo
892 319 956 360 die
976 332 1046 358 rex
1070 315 1319 372 Tarquinius
1342 315 1561 371 Romafu-

169 381 292 446 gerit,
312 391 429 445 quod
451 390 598 431 falsum
619 401 696 429 esse
716 387 855 442 arguit
877 385 1041 427 Cincius
1074 384 1117 425 in
1146 384 1250 424 libro
1269 382 1485 439 fastorum
1515 387 1558 424 et

173 457 342 500 Tullius
362 457 410 498 de
425 456 553 513 feriis
574 456 645 511 qui
677 454 857 495 Saliares
884 451 1070 508 Virgines
1092 457 1132 492 et
1154 451 1305 493 Salios
1336 450 1471 491 adesse
1503 449 1563 490 di-

173 532 268 566 cunt
300 525 387 581 regi
416 538 622 565 sacrorum
655 537 744 563 cum
766 521 882 577 facit
901 519 1158 562 sacrificium
1180 518 1225 559 in
1262 517 1450 567 Comitio,
1483 531 1562 572 quo

159 593 283 649 facto
314 593 451 633 statim
471 591 612 648 fugit,
643 591 752 646 quod
777 603 919 630 verum
939 587 1186 643 cognoverit
1213 600 1306 635 esse,
1328 585 1399 640 qui
1421 583 1563 639 legerit

158 661 291 717 fastis
310 659 392 701 dies
421 659 536 708 tales,
570 660 720 714 quales
750 661 954 699 notantur
982 657 1036 696 sic
1059 670 1070 695 :
1115 652 1168 697 Q.
1193 652 1341 694 REX.
1376 651 1426 694 C.
1450 651 1499 692 F.
1521 651 1566 692 id

172 737 244 780 est,
272 729 440 785 quando
461 728 564 769 Rex
596 726 834 775 comitiavit,
853 724 957 780 fas:
991 723 1036 764 id
1055 729 1125 772 est,
1157 721 1215 762 ud
1232 720 1436 762 comitium
1454 719 1535 760 itat
1553 734 1565 758 .·

170 797 238 837 his
269 796 372 837 enim
400 801 558 836 tautum
574 794 704 849 feriis
728 791 837 848 Regi
863 806 1069 833 sacrorum
1099 790 1142 830 in
1167 788 1400 838 Comitium,
1419 788 1563 828 necin

171 862 279 914 aliis,
300 863 358 903 ire
379 862 482 908 licet,
499 861 570 917 qui
588 876 669 902 mos
689 861 853 901 videtur
879 860 1027 901 ascitus
1058 873 1105 900 ex
1134 857 1323 898 Etruria.

1384 853 1565 909 Regffu-

168 930 299 985 glum,
322 930 416 971 item
449 929 531 970 dies
551 935 720 970 notatur
740 927 922 984 infastis
946 926 1053 967 Kal.
1075 924 1238 974 Juniis,
1256 922 1326 978 qui
1345 921 1444 972 dies,
1465 920 1562 976 quia

169 1002 301 1046 totus,
332 995 515 1052 nefastus
549 1010 629 1053 nou
661 1001 732 1045 est,
754 995 839 1046 legi
871 994 999 1035 debet
1031 1005 1131 1033 cum
1159 997 1257 1032 uota
1279 988 1382 1041 NP,
1404 1004 1481 1030 uon
1506 986 1564 1039 N,

169 1064 279 1120 quod
297 1063 366 1104 ille
383 1063 465 1104 dies
485 1063 537 1103 sit
558 1077 577 1104 e
596 1062 768 1104 nefasto
789 1061 947 1102 fastus.

115 1130 252 1187 Regia
287 1131 428 1181 dicta,0
466 1130 532 1171 vel
559 1128 668 1185 quod
697 1142 904 1170 sacrorum
927 1140 1049 1167 causa
1072 1132 1269 1179 tanquam
1290 1124 1333 1164 in
1367 1123 1514 1164 fanum
1537 1135 1565 1163 a

171 1198 375 1253 Pontffice
412 1197 616 1238 convocati
656 1197 697 1237 in
732 1210 819 1236 eam
858 1193 1109 1236 convenirent
1126 1208 1138 1232 .·
1169 1196 1248 1233 aut
1279 1190 1398 1246 quod
1428 1190 1474 1230 in
1513 1202 1565 1230 ea

171 1279 292 1307 Sacra
313 1281 337 1305 a
360 1280 450 1320 rege
470 1263 696 1317 sucrfficulo
720 1269 838 1305 erant
859 1261 980 1303 solita
1000 1260 1220 1313 usurpari.

121 1331 422 1389 Regiaeferiaep
442 1331 556 1373 dictae
573 1330 779 1382 videntur,
801 1343 896 1386 quae
913 1329 1024 1370 fiunt
1045 1327 1127 1369 sori
1150 1332 1388 1375 conventus,
1402 1332 1440 1365 et
1461 1338 1564 1364 uun—

766 1463 907 1498 NOTAE

112 1553 335 1575 marmoreum
354 1544 399 1574 ita
414 1543 517 1574 habet
531 1552 593 1583 per
605 1542 650 1578 N,
666 1551 731 1572 non
749 1550 811 1581 per

113 1594 192 1626 NP.
231 1594 338 1625 Porro
353 1593 511 1624 mendose
528 1593 653 1623 citatur
669 1591 721 1622 hic
737 1591 810 1622 Tul-

110 1645 171 1676 lius
196 1646 232 1676 de
249 1645 355 1676 Feriis
374 1655 434 1685 pro
449 1645 556 1675 Julius
570 1645 606 1674 de
623 1643 737 1678 Feriis,
754 1642 810 1682 qni

111 1696 238 1726 citatur
259 1705 279 1726 a
301 1695 479 1726 Macrobio
503 1695 538 1725 in
564 1693 811 1725 Saturnalibus.

113 1745 194 1775 Dae.

154 1801 168 1815 ⁰
186 1796 287 1834 Regia
296 1794 396 1835 dicta]
414 1794 521 1834 Regia
531 1792 811 1833 sacrorum,qnod

111 1844 145 1875 in
161 1843 276 1876 fanum
302 1855 320 1876 a
347 1843 515 1875 Pontifice
539 1843 715 1874 convocati
733 1852 810 1873 con-

111 1896 248 1926 veniant
265 1907 272 1926 :
308 1894 395 1936 quod
424 1895 456 1925 in
484 1904 524 1925 ea
548 1903 644 1925 sacra
670 1903 689 1923 a
716 1894 809 1932 Rege

111 1950 192 1976 sunt
216 1945 313 1976 solita
337 1944 505 1985 usurpari.
549 1944 677 1983 Regem
695 1948 808 1974 autem

110 1995 264 2036 intellige
295 1995 421 2035 Regem
452 2001 636 2025 sacrorum·
688 1993 808 2023 Prima

111 2045 216 2076 verba
242 2045 496 2085 interpretanda
523 2049 613 2084 sunt,
630 2053 668 2074 ac
685 2043 711 2073 si
730 2044 808 2073 Fes-

100 2100 165 2139 >tus
182 2095 343 2126 dixisset:
369 2095 476 2135 Regia
500 2103 670 2125 sacrorum
691 2098 743 2124 est
759 2092 808 2123 fa-

110 2154 203 2183 num,
228 2145 262 2175 in
286 2145 375 2185 quod
401 2154 420 2175 a
444 2143 613 2175 Pontifice
629 2142 808 2174 convocati

74 2236 81 2241 ,
111 2196 324 2226 conveniant.
354 2195 411 2225 Ita
424 2204 516 2235 saepe
528 2193 808 2234 loquiturVarro.

111 2245 169 2277 Sic
184 2255 306 2286 supra:
331 2246 340 2262 ⁴
357 2244 468 2275 Navia
485 2253 526 2274 ex
544 2254 610 2274 uno
637 2243 727 2283 ligno
751 2251 808 2272 ex-

111 2295 240 2334 culpto,
255 2299 292 2325 ut
308 2294 415 2333 navis,
428 2302 493 2333 quo
505 2297 645 2323 utuntur
661 2292 757 2322 alveo
774 2291 808 2321 in

112 2345 306 2377 vindemia.'
364 2344 556 2377 Dicendum
587 2344 675 2374 enim
707 2347 803 2374 erat:

114 2396 231 2431 Navia,
243 2397 345 2427 alveus
355 2405 394 2426 ex
408 2405 468 2426 uno
481 2396 567 2434 ligno
581 2395 735 2434 exculpto,
751 2403 808 2434 quo

112 2447 243 2475 utuntur
256 2445 290 2475 in
304 2445 469 2476 vindemia.
514 2444 599 2476 Qnae
611 2450 808 2485 sequuntur,

114 2494 273 2525 videntur
288 2494 381 2526 dieta
396 2495 439 2526 de
451 2495 558 2534 Regio
574 2494 709 2534 Lepidi,
720 2493 808 2535 quod

113 2543 288 2585 nundinae,
314 2544 436 2585 forum,
456 2550 644 2576 conventus
667 2553 808 2584 ageren-

115 2599 170 2625 tur
181 2594 213 2625 in
231 2604 269 2624 ea
281 2594 433 2630 civitate,
449 2595 557 2625 videri
568 2595 693 2626 dictum
709 2605 726 2625 a
740 2604 807 2625 ma-

108 2645 247 2685 jestate.
291 2645 390 2677 Quod
418 2649 454 2676 et
477 2644 652 2676 confirmat
673 2644 809 2679 Strabo,

115 2696 170 2737 qui
188 2705 252 2725 non
270 2694 313 2725 de
327 2695 390 2725 lioc
408 2695 514 2734 Regio
532 2694 652 2726 Galliae
669 2695 810 2734 Cisalpi-

200 2747 313 2786 Delph.
330 2751 357 2777 et
377 2747 450 2778 Var.
466 2748 549 2779 Clas.

732 2747 840 2785 Pomp.
859 2746 945 2775 Fosi,

865 1549 930 1577 nae,
957 1536 1014 1568 sed
1041 1535 1084 1567 de
1112 1534 1219 1575 Regio
1246 1531 1398 1564 Fretensi
1425 1531 1564 1570 loquens

864 1589 913 1620 ita
929 1587 1049 1619 scribit
1063 1597 1070 1617 :
1091 1585 1175 1622 πλὴν
1189 1584 1252 1615 εἴτε
1267 1582 1315 1613 διὰ
1329 1580 1448 1618 ταύτην
1463 1578 1565 1610 αἰτίαν

863 1639 928 1679 (διὰ
941 1638 980 1669 τὸ
995 1636 1140 1678 ῥαγῆναι)
1160 1635 1296 1672 τοῦνομα
1310 1634 1351 1674 τῇ
1364 1631 1456 1662 πόλει
1470 1630 1564 1670 γέγο-

864 1700 927 1727 νεν,
955 1689 1017 1719 εἴτε
1032 1686 1081 1717 διὰ
1094 1685 1153 1723 τὴν
1169 1682 1348 1723 ἐπιφάνειαν
1362 1683 1419 1718 τῆς
1433 1680 1564 1719 πόλεως,

863 1739 902 1770 ὡς
924 1739 962 1769 ἂν
985 1737 1150 1773 βασίλειον
1162 1736 1204 1776 τῇ
1215 1733 1327 1774 Λατίνῃ
1344 1733 1435 1772 φωνῇ
1448 1741 1564 1771 προσα-

863 1786 1078 1828 Ὑορευσάντων
1092 1787 1155 1816 τῶν
1169 1784 1336 1821 Σαυνιτῶν,
1353 1784 1417 1813 &c.
1447 1781 1477 1812 A
1494 1790 1563 1811 ma-

858 1840 989 1880 jestate
1012 1847 1092 1877 ergo
1117 1837 1239 1867 Festus
1264 1833 1406 1873 Regium
1429 1831 1564 1871 Lepidi,

864 1895 900 1921 nt
927 1888 975 1920 διὰ
996 1888 1054 1925 τὴν
1079 1884 1256 1926 ἐπιφάνειαν
1279 1884 1401 1915 Strabo
1420 1882 1563 1922 Regium

862 1939 1065 1977 Samnitum,
1081 1947 1140 1969 seu
1156 1935 1364 1967 Brutiorum.
1409 1933 1495 1965 Quae
1510 1941 1563 1961 su-

863 1995 1016 2032 persunt,
1029 1999 1090 2028 ego
1107 1996 1172 2018 non
1200 1984 1365 2024 intelligo,
1387 1991 1498 2023 neque
1517 1982 1565 2011 vi-

862 2040 986 2071 dentur
1001 2040 1066 2070 huc
1082 2036 1300 2079 pertinuisse.
1322 2035 1389 2065 Jos.
1405 2032 1490 2063 Scal.

906 2091 1009 2130 Regz'a
1025 2088 1124 2128 clieta]
1151 2087 1210 2120 Ait
1226 2086 1349 2116 Festus
1360 2083 1480 2122 regiam
1493 2081 1564 2112 dic-

863 2146 944 2179 tam,
972 2141 1022 2171 vel
1053 2138 1142 2180 quod
1170 2137 1203 2168 in
1230 2145 1303 2168 eam
1322 2133 1467 2175 populus
1485 2141 1559 2163 con-

862 2192 994 2224 veniret
1025 2199 1044 2221 a
1067 2187 1237 2221 Pontifice
1262 2189 1482 2219 convocatus,
1507 2182 1564 2223 qui

862 2242 1026 2275 Pontifex
1060 2240 1152 2281 regia
1176 2244 1251 2270 erat
1274 2236 1479 2276 majestate;
1509 2234 1561 2264 vel

863 2294 989 2325 dictam
1004 2292 1123 2331 regiam
1139 2299 1157 2320 a
1174 2290 1269 2329 Rege
1290 2285 1492 2319 sacrificulo,
1506 2284 1563 2324 qui

863 2344 910 2374 ibi
937 2352 1035 2374 sacra
1060 2339 1225 2372 faciebat.
1273 2335 1373 2368 Quod
1399 2340 1434 2366 et
1458 2334 1563 2365 sentit

863 2394 973 2425 Varro
991 2391 1048 2423 lib.
1064 2399 1098 2421 v.
1114 2395 1121 2407 ‘
1133 2389 1217 2420 Dies
1227 2384 1425 2427 Agonales‚’
1441 2385 1563 2425 inquit,

863 2443 872 2459 ‘
888 2452 950 2483 per
966 2451 1048 2482 quos
1073 2441 1147 2471 Rex
1168 2439 1202 2470 in
1219 2438 1328 2478 Regia
1343 2436 1485 2467 arietem
1503 2435 1564 2464 im-

863 2493 991 2532 molat,¹
1007 2493 1072 2522 διο.
1094 2489 1176 2520 Dae.

904 2547 921 2568 Ρ
946 2538 1175 2580 Regioeferz'ae]
1201 2537 1291 2577 Lege
1306 2534 1413 2566 infra:
1431 2534 1492 2565 Sed
1505 2544 1565 2563 non

862 2602 980 2632 semper
1007 2591 1043 2621 ob
1068 2590 1147 2620 hanc
1172 2597 1266 2618 unam
1294 2595 1415 2616 causum
1444 2588 1564 2615 tuntum

864 2643 935 2683 quia
958 2641 1074 2672 homiui
1096 2639 1169 2670 talis
1184 2636 1355 2674 majestatis
1370 2644 1445 2665 curu
1460 2636 1564 2674 (lazur,

864 2695 914 2723 sed
932 2693 1026 2723 etium
1042 2701 1121 2728 cum,
1137 2690 1187 2727 ὅγε.
1226 2686 1284 2716 Ait
1302 2685 1420 2715 Festus
1436 2684 1563 2723 Regias

1404 2740 1422 2767 3
1446 2736 1476 2767 A
