1876 3025
349 180 412 209 DE
444 176 715 207 VERBORUM
748 171 1152 204 SlGNlFch'rmNE
1187 171 1282 201 [AB.
1315 169 1420 198 Xtv.

1518 157 1602 201 669

154 284 374 327 Protelare
393 284 554 325 dicitur
573 284 701 335 longe
720 280 962 336 propellere,
984 292 1029 319 ex
1050 276 1088 318 G
1096 291 1192 318 raeco
1209 274 1408 325 videlicet,
1439 274 1605 327 [FEST.

211 352 321 408 quod
340 357 411 394 est
431 354 534 400 τῆλε,
553 355 599 391 et
621 348 830 403 significat
849 347 978 402 longe.

154 422 415 469 Protinam,g
436 419 653 473 protinus.

213 489 329 529 ciam
349 502 417 529 me
439 489 480 529 in
501 487 656 540 pedes.

711 416 945 458 Terentius
967 428 976 456 :
1010 413 1233 454 Protinam
1257 410 1394 464 conji-
1424 409 1606 462 [PAUL.

156 556 405 597 Provinciae
437 554 730 608 appellantur,
753 551 872 605 quod
893 550 1086 605 populus
1116 548 1347 589 Romanus
1363 558 1438 586 eas
1458 544 1607 598 provi-

214 623 291 673 cit,
314 623 358 664 id
380 626 458 672 est,
477 628 578 662 ante
602 621 724 662 vicit.

158 691 424 732 Provorsum
460 687 638 742 fulgurh
690 687 951 741 appellatur,
988 684 1109 739 quod
1162 683 1386 736 ignoratur
1444 678 1609 730 [FEST-

215 761 351 800 noctu
388 771 443 798 an
472 755 656 797 interdiu
690 756 747 795 sit
779 754 956 802 facturn,
987 754 1134 806 itaque
1162 751 1190 792 J
1197 751 1271 791 ovi
1316 746 1532 800 Fulguri,⁵
1566 751 1610 786 et

217 826 454 866 Summano
473 824 536 872 fit,
559 823 679 877 quod
701 822 853 863 diurna
875 821 1017 870 Jovis,
1042 823 1255 861 nocturna
1277 815 1503 859 Summani
1524 813 1609 854 ful-

219 905 330 947 gura
349 892 579 933 habentur.

765 997 884 1011 eeeeee

205 1083 223 1110 5
249 1079 309 1110 Vir
322 1078 412 1110 doct.
430 1077 571 1118 conjicit
589 1077 804 1116 Fulguratori.

888 997 1005 1012 eeeeee

817 1195 958 1228 NOTAE

164 1274 255 1304 telum
273 1281 345 1303 esse
371 1272 492 1311 lorum,
514 1270 602 1312 quod
631 1271 696 1302 alio
727 1270 862 1302 nomine

164 1324 273 1354 cohum
297 1322 431 1353 dicitur.
477 1323 653 1361 Protelum,
674 1326 709 1352 et
732 1322 863 1361 protelo,

164 1373 245 1404 nihil
271 1373 361 1403 aliud
390 1377 486 1403 notat
514 1382 612 1413 quani
638 1372 864 1403 continuatio-

166 1434 254 1465 nem,
279 1428 443 1462 tenorem,
459 1428 493 1454 et
519 1428 572 1454 est
604 1433 623 1454 a
648 1424 740 1461 τῆλε,
764 1423 863 1463 longe,

165 1475 235 1505 sive
247 1474 358 1514 potius
370 1484 388 1504 a
401 1475 470 1512 telo,
482 1477 516 1504 et
528 1474 632 1512 telum,
645 1483 664 1503 a
676 1473 862 1513 &Aequod

167 1532 304 1567 etymon
334 1536 375 1557 ex
393 1526 532 1557 aliorum
560 1526 729 1556 sententia
756 1524 865 1555 refert

168 1579 333 1609 Donatus.
380 1577 488 1607 Notat
519 1575 623 1616 igitur
651 1575 798 1616 proprie,
829 1580 865 1606 ut

168 1627 296 1667 optime
324 1628 420 1658 Voss.
437 1627 669 1657 continuatam
699 1626 757 1656 teli
775 1635 793 1656 e
809 1625 867 1656 ba-

168 1677 249 1707 lista
275 1676 522 1716 impulsionem,
548 1676 618 1706 sive
635 1685 711 1706 cum
729 1684 867 1715 prorsus

170 1726 297 1766 aliquid
325 1726 424 1764 longe
453 1725 615 1763 truditur,
643 1726 737 1755 velut
764 1725 868 1755 telum

170 1776 293 1806 balista
328 1776 497 1806 emissum.
551 1774 651 1805 Unde
690 1775 870 1814 protelare,

172 1825 272 1865 longe
311 1824 514 1864 propellere,
562 1824 704 1863 ejicere,
737 1824 870 1864 fugare.

170 1875 342 1915 Turpilius
362 1873 530 1905 Lemniis:
556 1875 564 1890 ‘
581 1874 733 1914 Propter
752 1883 872 1913 pecca-

172 1930 243 1956 tum
274 1924 457 1965 pauxillum
489 1923 722 1964 indignissime
752 1923 872 1955 Patria

175 1974 378 2014 protelatum
403 1983 477 2004 esse
499 1973 631 2004 saevitia
654 1973 783 2013 patris.’
827 1974 873 2005 Et

171 2024 308 2054 Terent.
323 2024 461 2054 Plrorm.
479 2032 501 2054 1.
526 2025 557 2053 4.
604 2022 681 2053 ‘Ne
710 2028 742 2053 te
769 2023 873 2054 iratus

174 2074 241 2104 suis
259 2073 427 2104 saevidicis
443 2072 544 2103 dictis
560 2071 731 2112 protelet)
756 2073 853 2102 Idem.

217 2129 232 2151 g
255 2122 438 2162 Protinam]
460 2122 600 2152 Terent.
616 2122 756 2152 Pliorm.
780 2122 788 2138 ‘
803 2121 876 2152 Ali-

177 2173 258 2214 quid
275 2182 519 2211 convasassem,
532 2176 634 2212 atque
646 2171 722 2202 hinc
737 2181 788 2201 me
802 2181 877 2202 con-

171 2224 314 2264 jicerem
333 2223 501 2263 protinam
520 2224 552 2253 in
569 2221 698 2261 pedes?
742 2222 798 2252 Sic
819 2222 877 2252 Ni-

182 2273 292 2313 gidius
304 2279 338 2305 et
353 2274 504 2304 Donatus
518 2283 527 2311 3
544 2282 608 2303 non
620 2273 775 2312 protinus.
794 2272 875 2303 Ant.

180 2323 271 2364 Aug.

223 2373 403 2413 Protinam]
428 2373 527 2404 Varr.
544 2372 601 2403 lib.
619 2381 667 2402 Vt.
704 2372 712 2388 ‘
725 2372 764 2402 In
782 2372 879 2402 Lam-

184 2422 327 2462 padione
344 2422 521 2464 (Naevius)
547 2423 717 2462 protinam
733 2432 750 2452 a
774 2422 880 2462 proti-

183 2483 244 2503 nus
268 2475 526 2504 continuitatem
552 2473 769 2513 siguificans.’
793 2474 879 2503 Vide

183 2522 343 2554 Nonium.
385 2524 493 2554 Locus
509 2524 649 2554 Terent.
685 2532 783 2564 quern
813 2524 881 2553 lau-

184 2571 242 2601 dat
259 2571 377 2602 Festus
395 2577 447 2603 est
463 2573 599 2603 Phorm.
615 2582 639 2604 1.
653 2575 684 2603 4.
710 2573 726 2607 ,ί
740 2572 881 2612 Aliquid

187 2631 437 2661 convasassem,
453 2627 553 2663 atque
571 2627 650 2653 tunc
663 2632 715 2652 me
733 2623 882 2662 conjice-

187 2683 256 2703 rem
275 2674 438 2713 protinam
457 2674 491 2703 in
519 2673 648 2714 pedes.’
695 2673 747 2704 Ibi
773 2678 882 2704 tamen

188 2725 287 2765 vulgo
301 2726 454 2766 protinus,
471 2725 529 2756 sed
557 2730 685 2757 rectum
702 2734 773 2756 esse
787 2725 884 2765 proti·

917 1280 989 1300 rnam
1013 1268 1163 1300 ostendit
1188 1268 1241 1298 hic
1270 1266 1363 1298 Festi
1384 1266 1477 1296 locus
1505 1268 1540 1296 et
1557 1264 1615 1295 do·

918 1325 973 1352 cet
988 1326 1085 1351 vetus
1102 1320 1285 1359 interpres,
1304 1317 1360 1357 qui
1385 1317 1538 1346 Donatus
1567 1315 1615 1345 di·

919 1371 1021 1402 citur.
1045 1375 1053 1387 ‘
1069 1369 1249 1400 Protinam
1264 1366 1353 1406 fuit‚'
1367 1366 1508 1406 inquit,‘
1522 1365 1616 1396 etsie

920 1422 1082 1461 Nigidius
1101 1419 1212 1461 legit.'
1238 1419 1318 1450 Dae.

960 1471 975 1491 ¹¹
1000 1468 1328 1508 Provorsumfulgur]
1355 1468 1432 1499 Non
1450 1470 1502 1497 sat
1520 1466 1618 1496 video

918 1533 978 1554 cur
994 1523 1164 1553 incertum
1192 1520 1303 1559 fulgur
1331 1527 1511 1558 provorsum
1528 1516 1619 1547 dica-

918 1577 987 1611 tur,
1019 1582 1095 1603 cum
1133 1580 1326 1611 provorsum,
1372 1568 1444 1598 sive
1483 1576 1623 1607 prorsus,

919 1622 999 1652 nillil
1017 1620 1110 1652 aliud
1127 1621 1171 1651 sit
1187 1629 1286 1661 quam
1303 1618 1466 1649 ἀντώπιον.
1511 1617 1621 1648 Unice

921 1672 1110 1712 amplector
1138 1670 1280 1701 Meursii
1299 1669 1541 1708 conjecturam,
1565 1666 1622 1707 qui

921 1726 1021 1761 putat
1050 1721 1189 1750 Festum
1219 1718 1415 1757 depravatis
1444 1715 1622 1747 codicibus

922 1780 1030 1804 usum,
1048 1771 1099 1800 vel
1129 1769 1214 1799 adeo
1236 1768 1344 1807 ipsum
1363 1767 1508 1796 Paulum
1536 1766 1622 1796 male

923 1829 1014 1849 suan)
1033 1820 1215 1858 epitomem
1243 1817 1440 1847 instituisse.
1484 1816 1623 1854 Quippe

925 1875 1100 1901 contracte
1123 1868 1286 1907 scripturn
1308 1866 1419 1897 fuerat
1437 1867 1625 1896 Controvor-

923 1919 1122 1958 sum-fulgur,
1139 1919 1160 1948 i.
1176 1921 1417 1956 controversum,
1431 1915 1519 1956 quod
1537 1915 1625 1945 male

925 1970 958 2000 in
993 1978 1174 2009 provorsum
1213 1972 1330 2008 postea
1370 1970 1626 1998 commutatum.

926 2020 1050 2061 Neque
1075 2019 1213 2049 dubium
1236 2022 1286 2048 est
1308 2017 1387 2058 quin
1408 2021 1627 2046 controversa

926 2070 1062 2110 fulgura
1093 2076 1186 2100 recte
1212 2068 1304 2098 dicta
1331 2067 1410 2104 siut,
1436 2066 1478 2096 de
1506 2066 1626 2106 quibus

928 2121 1162 2152 controversia
1179 2124 1270 2150 esset
1287 2128 1353 2159 quo
1370 2122 1524 2156 tempore
1539 2116 1626 2147 ceci-

928 2172 1068 2211 dissent,
1101 2171 1170 2200 sive
1202 2168 1363 2207 diluculo,
1393 2167 1464 2197 sive
1493 2176 1629 2206 crepus-

929 2223 1017 2257 culo,
1045 2230 1120 2261 quae
1144 2226 1298 2259 tempora
1327 2218 1437 2248 dieine
1466 2227 1507 2247 an
1533 2217 1629 2248 nocti

930 2270 1141 2302 annumerari
1174 2269 1323 2300 debeant
1350 2267 1382 2298 iu
1414 2267 1545 2298 incerto
1567 2272 1629 2299 est.

932 2323 1026 2362 Lege
1044 2320 1131 2352 infra
1149 2321 1253 2359 itaque
1276 2317 1562 2356 Jovifzdguritmi,
1577 2321 1606 2347 et
1620 2328 1629 2346 :

931 2374 1009 2404 ideo
1036 2376 1147 2402 autem
1165 2370 1242 2403 Jovi
1266 2374 1301 2400 et
1323 2369 1506 2399 Summano
1529 2367 1630 2398 sacri-

931 2423 1090 2456 ficabant,
1108 2432 1148 2452 ne
1175 2422 1306 2452 scilicet
1326 2429 1385 2458 per
1407 2419 1631 2459 ignorantiam

933 2477 1128 2513 peccarent,
1145 2475 1179 2502 et
1201 2471 1248 2500 ita
1276 2469 1471 2509 religionem
1499 2472 1632 2498 contra-

933 2524 1053 2553 herent
1067 2533 1073 2552 :
1087 2522 1133 2552 sic
1145 2530 1220 2551 cum
1231 2520 1322 2549 Deos
1334 2519 1469 2549 Deasne
1482 2518 1632 2557 alloque-

936 2569 1631 2611 banturetignorabant,neeorumnumen

938 2619 1358 2662 imprudenteslaederent,
1377 2617 1482 2657 primo
1501 2615 1633 2645 dubita-

938 2673 1033 2713 bant,
1048 2671 1170 2702 deinde
1190 2670 1361 2700 addebant
1373 2668 1564 2706 quicumque,
1582 2666 1634 2695 vel

939 2732 1144 2763 quoecumque.
1168 2721 1262 2760 Virg.
1279 2727 1301 2748 1.
1318 2716 1447 2748 AEueid.
1474 2721 1481 2733 ‘
1494 2716 1633 2757 Oquani
