1876 3025
279 156 364 198 938

724 165 870 196 SEXTI
906 165 1107 195 POMPElI
1143 164 1277 196 FESTI

338 260 496 302 modum
512 259 727 301 suillarum
744 273 984 314 pernarum.
1017 257 1175 300 Ennius
1195 260 1238 300 in
1261 258 1492 299 Annalibus
1507 273 1519 297 .·
1551 258 1597 299 Is
1619 272 1715 312 per-

337 343 417 370 nas
437 327 613 370 succidit
635 328 774 382 iniqua
797 327 987 381 superbia
1017 327 1171 369 Poeni:
1201 333 1245 368 et
1274 326 1474 369 Catulusr
1507 325 1562 365 ad
1598 324 1717 366 Colo-

336 396 447 436 niam
464 411 476 434 .·
508 394 559 434 In
576 396 700 435 fossa
723 394 871 446 Liguri
885 400 897 418 ¹
914 395 1026 447 jacet
1046 401 1291 448 suppernata
1307 395 1455 434 securi.

283 464 514 519 Supplicia
531 462 716 504 Veteres
730 462 934 516 quaedam
949 462 1164 503 sacrificia
1180 475 1207 503 a
1229 460 1521 516 supplicando
1542 460 1719 512 [PAUL.

339 531 570 573 vocabant.

283 597 512 652 Supplicia
527 601 539 618 ⁵
559 603 665 644 sunt,
681 611 767 652 quse
787 595 1071 637 caduceatores
1092 600 1265 650 portent
1282 609 1292 637 z
1326 609 1372 635 ea
1393 609 1520 635 sume·
1555 595 1720 648 [FEST.

341 666 490 705 bantur
512 678 557 704 ex
578 666 768 706 verbena
790 663 927 705 felicis
948 663 1106 705 arboris
1120 680 1134 708 ,·
1164 679 1232 705 nec
1254 663 1357 703 enim
1379 677 1425 703 ex
1446 662 1534 703 alia
1555 661 1721 713 suppli-

340 731 494 786 ciafas
515 739 616 781 erat,
639 746 760 787 quam
787 730 834 771 de
860 732 1068 775 verbenis,
1095 731 1222 772 sumi.

1282 729 1454 771 Sinnius
1478 726 1625 781 Capito
1647 726 1722 775 ait,

339 814 428 840 cum
446 799 545 841 civis
564 803 809 849 necaretur,
829 798 1062 839 institutum
1069 796 1203 853 fuisse
1223 804 1268 838 ut
1290 795 1507 839 Semoniae
1529 807 1592 835 res
1608 806 1722 834 sacra

889 938 1123 951 emm

330 1031 344 1059 1
371 1027 454 1058 Ead.
472 1026 526 1058 ed.
544 1027 673 1064 infossa
688 1026 796 1065 ligari.

938 1134 1082 1166 NOTAE

285 1200 462 1240 opinamur
484 1199 622 1230 Festum
642 1198 830 1239 scripsisse,
847 1198 983 1229 tradere

286 1250 439 1281 contenti
457 1259 568 1279 sumus
584 1260 591 1279 :
618 1249 854 1280 contentiones
875 1258 983 1289 gram·

286 1300 419 1331 maticis
438 1299 667 1340 relinquimus,
693 1300 753 1330 Est
768 1300 868 1330 etiam
885 1301 894 1316 ‘
907 1299 984 1330 ada-

287 1360 357 1380 mas
388 1348 564 1390 supernas'
596 1349 759 1389 scriptum
782 1349 814 1380 in
840 1349 985 1389 Augusti

289 1400 329 1430 ad
361 1400 588 1431 Maecenatem
619 1400 763 1439 epistula
791 1400 881 1439 apud
911 1399 985 1430 Ma-

287 1451 380 1483 crob.
400 1451 456 1481 lib.
473 1459 511 1481 η.
529 1451 665 1481 Saturn.
687 1450 766 1481 Ant.
781 1450 868 1489 Aug.

334 1501 541 1541 Supperrmti]
563 1501 737 1531 Catullus:
764 1501 773 1517 ‘
787 1501 877 1531 velut
891 1499 985 1530 alnus

288 1553 329 1584 In
347 1551 436 1582 fossa
452 1551 568 1591 Liguri
587 1552 683 1591 jacet
703 1554 913 1591 suppernata
935 1559 986 1580 se-

289 1601 386 1633 curi.'
433 1601 518 1632 Cum
544 1600 576 1631 id
594 1601 844 1639 elegantissime
861 1600 903 1630 ab
920 1599 986 1630 ele-

291 1651 486 1691 gantissimo
512 1651 614 1691 poeta
637 1643 764 1681 dictum
791 1650 845 1685 sit,
875 1649 988 1688 miror,

292 1710 394 1741 quare
418 1701 654 1741 superstitiose
683 1701 767 1732 adeo
784 1701 989 1740 rejecerunt,

291 1757 330 1782 nt
353 1761 417 1782 non
442 1752 512 1782 ausi
538 1752 604 1783 sint
622 1752 789 1790 vulgatam
806 1751 989 1781 lectionem

292 1802 537 1842 ineptissimam
555 1805 865 1841 mutare...sepuratu
880 1800 991 1831 securi.

295 1852 360 1886 An,
376 1852 518 1882 obsecro
531 1862 600 1890 vos,
611 1852 675 1883 hoc
688 1852 806 1882 Latine
820 1856 871 1882 est
883 1850 994 1891 loqui?

291 1902 419 1932 Saltem
437 1902 464 1932 si
481 1902 522 1932 ‹le
539 1902 745 1933 barbarismo
760 1911 826 1932 non
842 1902 992 1941 suspica-

296 1952 434 1990 bantur,
451 1953 537 1983 tanti
554 1952 703 1983 debebat
722 1952 811 1992 apud
835 1961 890 1982 eos
916 1961 991 1982 esse

295 2002 483 2032 auctoritas
509 2002 614 2040 Festi,
638 2007 677 2032 ut
703 2001 790 2042 quod
816 2001 888 2041 ipse
905 2001 936 2030 in
954 2000 992 2030 li-

297 2051 376 2081 bros
393 2060 468 2081 suos
486 2051 670 2085 retulisset,
697 2050 730 2080 id
748 2050 867 2080 melius
895 2054 992 2089 puta·

296 2105 385 2137 rent,
403 2111 499 2141 quam
518 2101 606 2140 quod
625 2101 656 2130 in
685 2099 879 2140 depravatis
900 2098 990 2129 codi-

296 2150 391 2180 cibus
419 2151 540 2180 nostris
566 2149 721 2180 habetur.
765 2149 908 2179 Versum
927 2149 993 2178 En-

298 2199 358 2239 nii,
378 2198 440 2229 His
453 2209 565 2239 pernas
587 2199 717 2230 succidit
735 2198 841 2238 iniqua
854 2198 994 2238 superbia

298 2249 405 2286 Poeni,
423 2249 668 2289 interpretatur
690 2249 802 2279 Livius
829 2248 872 2278 de
897 2248 994 2278 clade

298 2299 465 2331 Cannensi
482 2299 634 2339 loquens,
646 2308 721 2329 cum
736 2298 796 2338 ait,
810 2299 819 2314 ‘
832 2297 994 2338 quosdam

297 2350 455 2390 jacentes
486 2349 579 2379 vivos
617 2353 625 2366 ‘
642 2348 780 2379 succisis
815 2347 995 2378 feminibus

298 2398 552 2440 poplitibusque
582 2399 737 2429 inventos
767 2398 894 2429 fuisse)
927 2399 995 2429 Jos.

302 2449 388 2479 Scal-

343 2497 544 2539 Suppernati]
578 2498 795 2538 Suppernare
824 2503 875 2529 est
896 2499 997 2529 ἐκνευ-

302 2547 404 2589 ρίζειν.
451 2548 582 2579 Gallice
597 2558 708 2588 couper
727 2549 910 2587 Iesjarrets.
957 2549 996 2578 In

303 2607 402 2628 versu
420 2598 517 2628 Ennii
530 2598 557 2628 is
579 2607 639 2639 pro
653 2599 714 2634 his,
731 2603 879 2638 utsupra
895 2608 996 2638 saepe.

304 2648 356 2677 De
374 2647 479 2677 Clade
505 2647 673 2678 Cannensi
701 2647 858 2687 loquitur.
875 2648 915 2678 ‹le
933 2657 999 2687 qua

304 2698 417 2729 Livius
434 2698 492 2728 lib.
512 2705 601 2727 xxu.
617 2701 699 2728 sect.
716 2700 766 2727 51.
801 2697 809 2713 ‘
825 2697 997 2729 Quosdam

1034 1204 1068 1229 et
1088 1198 1246 1239 jacentes
1273 1197 1365 1228 vivos
1395 1196 1530 1228 succisis
1551 1195 1729 1226 femiuibus

1034 1249 1284 1290 poplitibusque
1301 1246 1525 1278 invenerunt.’
1550 1247 1630 1277 Duc.

1076 1304 1089 1321 ¹·
1115 1300 1156 1330 Et
1174 1299 1319 1338 Catulus]
1342 1299 1466 1328 Versus
1484 1297 1630 1328 Catulli:
1658 1295 1667 1312 ‘
1685 1295 1731 1326 Et

1036 1349 1127 1380 velut
1144 1349 1239 1379 alnus
1257 1348 1296 1379 In
1313 1347 1403 1378 fossa
1422 1347 1640 1387 Ligurijacet
1654 1354 1732 1384 sup-

1037 1404 1180 1440 pernata
1204 1397 1336 1430 securi?
1382 1398 1422 1428 In
1446 1397 1590 1438 antiquis
1607 1394 1733 1427 Catulli

1036 1449 1242 1479 editionibus
1254 1452 1395 1488 separata
1408 1448 1571 1487 scriptum
1585 1457 1593 1478 ε
1608 1446 1734 1487 primus

1037 1498 1225 1529 Pontianus
1255 1501 1424 1538 expernatu
1453 1502 1594 1527 conatus
1621 1501 1673 1527 est
1700 1496 1732 1526 in

1037 1549 1269 1579 Miscellaneis
1286 1558 1362 1587 cap.
1378 1550 1431 1578 73.
1457 1547 1553 1578 Idem.

1080 1603 1090 1618 ⁸
1115 1599 1291 1639 Supplicia]
1317 1597 1456 1638 Optime
1471 1597 1621 1636 supplicia
1637 1601 1736 1627 vocat

1041 1650 1163 1680 Festus
1193 1659 1268 1690 quae
1298 1648 1458 1687 gerebant
1479 1647 1735 1684 caduceatores,

1040 1699 1073 1730 id
1091 1704 1156 1735 est,
1173 1704 1327 1730 oratores
1354 1699 1394 1728 ad
1414 1707 1529 1737 pacem
1555 1696 1735 1738 petendam

1040 1750 1144 1781 missi,
1172 1749 1307 1780 Sallust.
1339 1749 1371 1779 in
1398 1747 1555 1788 Jugurth.
1581 1747 1735 1786 ‘legatos

1041 1808 1118 1830 cum
1163 1798 1340 1839 suppliciis
1384 1795 1515 1828 mittit!
1574 1795 1737 1826 Similiter

1042 1850 1176 1881 Graecis
1193 1847 1331 1889 ἱκετηρία
1346 1848 1449 1879 dicta.
1500 1848 1544 1877 Et
1561 1856 1603 1877 ex
1620 1845 1738 1876 verbe·

1041 1900 1090 1930 nis
1106 1899 1245 1934 fiebant,
1262 1900 1324 1929 hoc
1341 1902 1406 1935 est,
1428 1907 1469 1928 ex
1495 1897 1595 1928 ramis
1611 1895 1740 1927 frondi-

1041 1950 1170 1989 busque
1197 1949 1343 1979 omnium
1372 1957 1544 1978 sacrarum
1569 1947 1741 1985 arborum,

1042 2004 1079 2030 ut
1104 1999 1217 2032 Lauri,
1244 1999 1369 2036 Olivae,
1394 1998 1514 2037 Myrti,
1538 1999 1601 2028 δερ.
1647 1997 1738 2028 Qua-

1042 2054 1182 2088 propter
1196 2048 1328 2079 Graecis
1343 2046 1487 2086 ἵκετήριοι
1503 2045 1621 2081 κλάδοι,
1637 2048 1646 2063 ‘
1661 2055 1739 2085 sup-

1043 2098 1166 2137 plicum
1184 2096 1289 2134 rami,’
1310 2102 1346 2127 ut
1363 2097 1517 2136 Sophocl.
1533 2097 1647 2137 OEdip.
1661 2097 1739 2136 Tyr.

1044 2146 1198 2187 ἱκετηρίας
1228 2146 1361 2178 θαλλοὺς
1389 2147 1525 2177 vocavit
1553 2145 1740 2176 Herodian.

1043 2199 1102 2228 lib.
1119 2207 1187 2228 vn.
1219 2199 1227 2214 ‘
1244 2196 1512 2237 Supplicationis
1529 2195 1661 2227 ramos.’
1693 2196 1740 2225 Ea

1045 2248 1211 2287 supplicia
1226 2246 1343 2277 infulis
1367 2246 1644 2277 obvolvebantur.
1668 2246 1740 2276 Liv-

1048 2297 1105 2326 lib.
1122 2306 1226 2327 xxrv.
1240 2302 1325 2327 sect.
1341 2299 1392 2327 30.
1418 2298 1426 2313 ‘
1441 2296 1534 2328 Quos
1547 2296 1601 2326 ubi
1620 2305 1660 2325 ex
1677 2295 1742 2331 sig-

1048 2347 1098 2376 nis
1129 2356 1364 2387 armorumque
1402 2346 1517 2375 habitu
1551 2353 1741 2385 cognovere

1051 2396 1283 2436 Hippocrates
1309 2401 1410 2436 atque
1432 2395 1613 2434 EpicydeS,
1635 2403 1743 2424 ramos

1049 2447 1133 2477 oleae
1163 2456 1202 2477 ac
1231 2447 1422 2476 velamenta
1458 2445 1523 2474 alia
1551 2444 1741 2483 supplicum

1051 2497 1274 2537 porrigenteS‚
1285 2505 1394 2533 orare,
1407 2500 1443 2526 ut
1456 2494 1648 2534 reciperent
1659 2502 1746 2528 sese,

1051 2552 1271 2586 receptosque
1289 2543 1500 2575 tutarentur!
1527 2544 1570 2573 Et
1586 2543 1642 2573 lib.
1659 2551 1745 2572 xxv.

1051 2603 1134 2628 sect.
1165 2600 1216 2626 15.
1255 2601 1262 2613 ‘
1281 2595 1399 2635 Legati
1430 2603 1469 2624 eo
1494 2593 1536 2623 ab
1562 2593 1678 2632 Tycha
1708 2595 1744 2621 et

1053 2646 1199 2686 Neapoli
1231 2655 1305 2676 cum
1341 2643 1454 2675 infulis
1485 2648 1520 2674 et
1548 2641 1743 2673 velamentis

1054 2702 1229 2737 venerunt,
1254 2700 1434 2737 precantes
1458 2698 1495 2725 ut
1511 2704 1530 2724 a
1546 2692 1692 2725 caedibus
1709 2694 1743 2722 et
