1876 3025
267 100 377 142 1144
736 108 882 140 sssxrr
918 108 1119 138 ΡοΜΡΕιι
1158 109 1291 139 FEs‘rr

269 205 400 247 Sarra
423 203 642 256 dicebatur,
669 217 765 258 quae
788 217 903 244 nunc
932 203 1091 257 Epiros
1119 203 1284 244 dicitur.
1348 202 1531 244 Sardare
1550 204 1711 245 intelli-

266 287 365 328 gere
385 271 597 328 signficat.
661 270 835 312 Naevius
856 271 960 312 belli
983 271 1135 312 Punici
1151 270 1254 312 libro
1356 301 1367 311 .
1486 302 1495 311 .
1588 269 1711 314 Quod

227 358 230 361 ·
265 342 383 383 bruti
405 354 484 381 nec
505 340 611 380 satis
631 337 798 379 sardare
818 344 982 393 queunt.
1041 338 1169 380 Sardi
1198 339 1376 380 venales
1407 338 1512 379 alius
1542 337 1624 378 alio
1645 353 1712 378 ne-

267 410 388 465 quior
406 423 413 447 :
436 420 491 449 ex
513 408 596 447 hoc
617 411 764 447 natum
780 405 1042 460 proverbium
1064 405 1245 456 videtur,
1268 407 1383 460 quod
1399 407 1519 447 ludis
1544 404 1714 459 Capito-

267 477 373 526 linis,
412 475 482 530 qni
518 475 627 515 fiunt
662 488 688 516 a
725 474 880 515 vicinis
895 478 926 497 ¹²
953 474 1208 527 praetextatis
1235 474 1382 515 auctio
1417 473 1710 515 Veientium¹³

258 544 362 599 fieri
381 544 491 593 solet,
514 544 555 584 in
579 555 666 596 qua
692 543 958 583 novissimus
980 542 1110 597 quisq.
1134 541 1381 583 deterrimus
1407 541 1660 595 producitur
1689 553 1714 578 a

258 627 441 667 praecone
464 624 600 652 senex
621 623 721 651 cum
754 615 855 662 toga
887 608 1008 663 [132]
1030 612 1311 662 paretexta,¹4
1334 608 1544 661 bullaque
1565 619 1712 655 aurea,

267 693 356 734 quo
386 680 504 720 cultu
535 691 660 731 reges
697 678 815 718 soliti
850 680 951 718 sunt
984 690 1084 718 esse
1110 677 1148 717 E
1210 707 1219 716 .
1280 707 1290 716 .
1351 705 1362 715 .
1421 675 1619 725 corum‚¹⁵
1642 675 1715 726 qui

269 748 397 789 Sardi
421 746 730 801 appellantur:
764 745 869 798 quia
890 744 1077 785 Etrusca
1096 757 1197 797 gens
1220 748 1315 784 orta
1336 748 1405 784 est
1426 742 1639 783 Sardibus
1658 753 1715 782 ex

268 815 428 869 Lydia.
487 814 738 867 Tyrrhenus
760 813 877 853 enim
899 812 998 853 inde
1023 812 1243 865 profectus
1273 824 1372 852 cum
1403 822 1562 863 magna
1585 821 1715 849 manu

267 896 430 932 eorum,
463 883 697 935 occupavit
730 894 826 921 eam
864 883 1027 934 partem
1062 879 1220 928 Italiae,
1258 892 1359 932 quae
1389 890 1504 918 nunc
1536 880 1717 917 vocatur

269 950 459 991 Etruria.
518 948 581 990 At
602 949 779 989 Sinnius
803 948 964 1001 Capito
990 948 1065 996 ait,
1097 947 1169 987 Ti.
1201 946 1454 988 Gracchum
1481 943 1716 985 Consulem

267 1019 478 1072 collegam
501 1016 554 1057 P.
580 1017 734 1058 Valeri
763 1016 960 1058 Faltonis
991 1015 1251 1064 Sardiniam,
1283 1014 1553 1066 Corsicamq.
1588 1012 1717 1053 sube-

269 1086 400 1139 gisse,
422 1099 502 1126 nec
526 1085 684 1139 praedae
707 1085 944 1138 quicquam
966 1083 1102 1131 aliud,
1125 1095 1254 1136 quam
1279 1081 1502 1135 mancipia
1523 1082 1716 1133 captum,

270 1167 453 1207 quorum
484 1153 703 1194 vilissima
729 1152 963 1193 multitudo
997 1151 1143 1191 suerit.
1203 1149 1379 1190 Sarcito
1416 1150 1460 1189 in
1494 1158 1591 1188 X11.
1623 1146 1716 1186 Ser.

270 1222 499 1275 Sulpicius
521 1222 582 1262 ait
601 1220 846 1272 significare
864 1219 1067 1260 damnum
1082 1218 1251 1265 solvito,
1273 1220 1496 1270 praestato.
1557 1213 1718 1256 Sarda-

269 1289 460 1343 napalus
480 1301 559 1329 rex
577 1288 857 1340 Assyriorum
879 1287 962 1327 fuit
985 1287 1125 1326 unicae
1147 1285 1352 1333 luxuriae,
1370 1285 1477 1325 inter
1494 1282 1717 1330 mulieres,

270 1357 469 1410 epulasq.
509 1360 709 1396 versatus
751 1367 934 1408 semper,
974 1359 1064 1406 atq.
1107 1353 1224 1393 omni
1265 1356 1478 1404 tempore.
1538 1350 1717 1401 Sargus,

272 1425 408 1477 piscis
430 1438 577 1476 genus,
597 1423 673 1476 qui
693 1423 735 1463 in
759 1421 966 1475 AEgyptio
982 1420 1090 1461 mari
1106 1420 1195 1460 fere
1216 1420 1427 1459 nascitur.
1488 1416 1687 1458 Lucilius
1705 1428 1715 1455 :

275 1491 415 1541 Quem
457 1491 695 1545 praeclarus
733 1490 903 1542 helopS,
941 1501 1069 1541 quem
1104 1487 1297 1539 AEgypto
1333 1497 1486 1538 sargus
1526 1483 1719 1524 movebit

274 1559 480 1600 Saturnia
503 1558 652 1607 Italia,
675 1561 716 1598 et
735 1570 875 1606 mons,
898 1556 973 1610 qui
1006 1568 1120 1596 nunc
1153 1559 1220 1595 est
1242 1553 1532 1607 Capitolinus,
1568 1551 1718 1592 Satur-

273 1627 375 1666 nius
399 1626 721 1679 appellabatur,
755 1624 872 1677 quod
910 1624 953 1664 in
987 1623 1125 1663 tutela
1147 1622 1322 1663 Saturni
1347 1634 1445 1662 esse
1465 1619 1720 1660 existiman-

274 1697 355 1734 tur.
415 1693 610 1734 Saturnii
633 1705 764 1745 quoq.
786 1691 1059 1740 dicebantur,
1095 1690 1168 1743 qui
1203 1694 1397 1730 castrum
1428 1689 1471 1729 in
1493 1688 1582 1728 imo
1603 1686 1717 1727 clivo

275 1760 528 1815 Capitolino
561 1760 824 1806 incolebant,
859 1758 932 1799 ubi
965 1770 1040 1799 ara
1065 1757 1214 1798 dicata
1240 1757 1279 1797 ei
1306 1756 1405 1797 Deo
1433 1759 1532 1796 ante
1558 1753 1719 1794 bellum

274 1829 514 1882 Trojanum
539 1828 722 1877 videtur,
756 1827 860 1880 quia
882 1826 998 1880 apud
1021 1839 1119 1866 eam
1143 1825 1397 1879 supplicant
1417 1822 1579 1876 apertis
1597 1820 1719 1874 capi·

275 1898 416 1938 tibus:
441 1910 540 1937 nam
563 1896 712 1937 Italici
735 1900 918 1936 auctore
946 1894 1088 1934 AEnea
1114 1893 1262 1934 velant
1282 1891 1398 1945 [¹:33]
1420 1890 1580 1943 capita,
1603 1887 1717 1941 quod

274 1966 326 2014 is,
349 1979 447 2006 cum
470 1979 554 2005 rem
577 1965 766 2005 divinam
789 1964 947 2005 faceret
967 1963 1008 2003 in
1030 1963 1177 2002 littore
1206 1960 1436 2002 Laurentis
1461 1957 1551 2010 agri
1574 1955 1718 1996 Vene-

275 2033 309 2072 ri
338 2033 480 2080 matri,
503 2046 554 2072 ne
583 2034 637 2072 ab
661 2033 808 2085 Ulyxe
839 2031 1044 2083 cognitus
1076 2031 1410 2082 interrumperet
1441 2023 1716 2071 sacrificium,

276 2105 414 2152 caput
434 2099 681 2152 adoperuit,
704 2104 791 2152 atq.
824 2099 886 2139 ita
919 2101 1201 2150 conspectum
1224 2095 1363 2136 hostis
1384 2091 1576 2134 evitavit.
1636 2090 1717 2130 Sa·

276 2175 403 2210 turno
426 2169 521 2209 dies
544 2168 682 2208 festus
704 2168 942 2208 celebratur
962 2179 1111 2206 mense
1135 2164 1382 2212 Decembri,
1400 2160 1516 2215 quod
1533 2173 1585 2200 eo
1607 2159 1717 2200 aedis

276 2241 342 2278 est
378 2237 607 2277 dedicata:
639 2241 683 2276 et
716 2236 753 2275 is
787 2235 972 2277 culturae
1009 2246 1207 2285 agrorum
1251 2230 1487 2285 praesidere
1529 2227 1715 2274 videtur,

275 2318 364 2357 quo
382 2305 514 2345 etiam
531 2303 563 2328 ¹⁶
585 2303 678 2343 salx
701 2308 770 2343 est
791 2303 829 2342 ei
859 2302 1048 2354 insigne:
1072 2312 1225 2340 versus
1247 2311 1379 2352 quoq.
1404 2294 1714 2348 antiquissimi,

277 2373 439 2425 quibus
474 2373 653 2413 Faunus
687 2371 776 2412 fata
807 2370 1020 2411 cecinisse
1045 2367 1292 2409 hominibus
1314 2365 1498 2413 videtur,
1522 2361 1714 2403 Satnrnii

872 2519 1114 2533 aeaeaeaeaeaeaeaeaeaeaeae

319 2637 366 2683 12,
381 2633 403 2663 f.
420 2635 630 2665 vicanis.—13
655 2632 680 2665 f,
703 2633 974 2665 Veientium—14
998 2631 1018 2665 f.
1041 2631 1294 2671 praesim—15
1323 2627 1345 2657 s.
1365 2624 1663 2657 Etruscorum—10
1690 2620 1712 2651 s.

277 2687 427 2717 quomam.
