1876 3025
257 170 342 213 840
698 181 846 212 snxri
882 180 1083 211 ΡοΜΡΕιι
1118 181 1257 212 FESTt

312 276 525 318 attrectari
546 277 733 320 insuetae
757 283 834 319 aut
856 275 1184 331 naziffragiorum
1206 275 1375 330 pollutae
1397 276 1559 316 scelere.
1619 276 1705 317 Eu-

312 346 410 386 nius
433 346 476 386 in
505 344 791 386 Ardromaclea
814 360 825 384 .·
860 343 1035 398 Scrupeo
1058 344 1255 384 investita
1291 356 1422 393 saxo,
1447 350 1578 397 atque
1601 344 1704 385 hos-

313 413 422 462 treis‚
439 427 560 467 quam
582 419 797 466 excaprent
818 428 829 451 :
860 412 976 452 unde
997 412 1305 464 scrupulosam
1326 426 1407 451 rem
1425 411 1593 451 dicimus
1616 426 1704 465 qnae

317 480 478 536 aliquid
497 479 616 521 habet
637 480 676 520 in
697 494 745 521 se
768 480 909 533 asperi
929 493 938 520 ε
971 478 1195 520 Cornelius
1225 478 1394 519 Sisenna
1420 478 1705 518 Historiarum

314 548 385 590 lib.
408 561 507 591 1111.
572 548 664 590 Hic
688 554 781 589 tum
803 548 991 602 injectus
1015 554 1070 587 est
1092 546 1187 587 levis
1203 545 1414 600 scrupulus
1434 552 1478 587 et
1500 547 1704 600 quaedam

313 618 545 659 dubitatio.

258 686 432 726 Scurrae
448 690 463 707 ⁰
515 685 776 726 vocabulum
813 683 994 724 Verrius
1024 682 1303 736 ineptissime
1340 686 1414 722 aut
1452 695 1509 722 ex
1547 682 1708 723 Graeco

316 758 505 795 tractum
536 755 610 803 ait,
648 752 766 807 quod
797 758 864 793 est
895 750 1139 806 σκυρῤάζειν,3
1173 755 1251 791 aut
1282 763 1308 791 a
1339 750 1591 803 sequendo:
1636 751 1706 790 cui

313 822 454 874 magis
486 821 742 871 adsentitur,
764 819 883 874 quod
905 823 949 860 et
978 820 1193 860 tenuioris
1216 819 1405 859 fortunae
1426 818 1642 867 homines,
1665 822 1708 859 et

313 890 444 930 ceteri
465 889 652 943 alioqui,
687 889 763 942 qui
798 888 973 929 honoris
1003 887 1141 938 gratia
1162 890 1528 940 prosequerentur
1560 900 1708 939 quem-

311 957 445 1009 piam,
467 970 553 997 non
577 957 851 1006 antecedere,
875 956 949 996 sed
983 955 1109 1008 sequi
1141 955 1230 994 sint
1260 954 1410 995 soliti:
1449 954 1555 1008 quia
1584 954 1706 995 vide-

311 1023 415 1065 licet
447 1024 564 1065 dicat
596 1024 825 1065 Lucilius:
857 1022 1088 1063 Cornelius
1125 1022 1316 1063 Publius
1348 1028 1501 1063 noster
1533 1022 1707 1075 Scipia-

313 1091 393 1132 das
416 1092 552 1142 dicto,
576 1097 839 1146 tempusque
861 1092 1075 1144 intorquet
1097 1090 1138 1129 in
1159 1090 1305 1143 ipsum
1329 1090 1420 1140 Oti,
1444 1093 1489 1131 et
1517 1089 1706 1139 deliciis,

312 1160 401 1200 luci
423 1160 597 1211 effic-tae,
619 1164 750 1214 atque
775 1158 962 1200 cinaedo.
1024 1158 1079 1198 Et
1099 1159 1311 1199 sectatori
1348 1158 1460 1199 adeo
1492 1158 1582 1211 ipsi
1610 1170 1706 1206 suo,

866 1290 1102 1303 oooooooooo

298 1384 316 1412 3
339 1381 426 1412 Scal.
445 1380 624 1422 legendum
642 1385 757 1412 monet
774 1382 949 1420 συγκυρεῖν.
994 1380 1035 1411 Iu
1053 1384 1216 1412 contextu
1234 1383 1345 1410 tamen
1361 1377 1462 1409 habet
1478 1375 1670 1418 σκυροάζειν.

910 1503 1052 1535 NOTAE

297 1584 311 1598 ⁰
335 1579 477 1619 Scurroe]
513 1580 588 1610 Non
615 1579 766 1616 dubium,
794 1579 874 1621 quin
904 1580 951 1609 le-

256 1630 401 1669 gendum
430 1631 472 1660 sit
489 1632 663 1670 συγκυρεῖν.
689 1636 724 1661 ut
749 1630 865 1661 Scurra
882 1629 950 1660 dic·

256 1687 308 1711 tus
322 1682 375 1721 sit,
389 1682 482 1721 quasi
497 1682 624 1720 Secura,
637 1687 692 1712 aut
709 1682 839 1712 Sucia-a.
865 1681 952 1711 Ver-

254 1741 309 1761 sus
334 1733 454 1763 Lucilii
482 1733 631 1763 mendosi
660 1738 768 1764 sunt:
803 1733 856 1772 qui
885 1731 951 1763 for-

255 1786 342 1812 tasse
366 1783 413 1812 ita
437 1783 553 1813 melius
579 1784 760 1822 legentur:
795 1782 951 1814 Corneliu’

253 1832 382 1863 Puhle‘u'
402 1837 506 1864 noster
522 1833 682 1873 Scipiades
702 1835 796 1872 dicto,
816 1834 953 1874 penitus-

258 1894 315 1923 que
330 1884 497 1915 intervenit
513 1885 573 1924 ipsi
591 1885 696 1923 Mulli,
711 1889 740 1915 et
756 1884 876 1915 deliciis
890 1884 952 1915 Lu-

254 1934 294 1969 ci,
309 1935 431 1975 ‹ffgioe,
446 1938 535 1974 utque
550 1935 668 1973 cinedo,
683 1936 725 1965 Et
739 1935 887 1966 sectatori
899 1937 954 1965 ud·-

254 1985 341 2015 sidua
367 1995 423 2024 quo
448 1984 558 2015 rectiu'
586 1986 683 2023 dicas,
703 1985 772 2016 Ibat
786 1986 874 2023 sone
900 1986 951 2014 zlo-

255 2046 349 2069 mum,
365 2035 520 2074 sequimur
535 2036 636 2074 multi,
657 2039 747 2074 utque
760 2035 952 2075 frequentes.

257 2087 404 2118 Facetus
433 2086 534 2126 poeta
559 2087 604 2117 ait
633 2087 821 2126 Scipionem
850 2087 953 2116 inter-

255 2137 386 2168 venisse
415 2137 497 2167 rixae
526 2141 560 2167 et
587 2137 687 2167 dictis
719 2137 833 2167 nescio
859 2137 953 2177 cujus

255 2188 365 2219 mollis
380 2192 415 2218 et
438 2187 563 2221 cinedi,
581 2187 759 2217 sectatoris
779 2186 952 2227 cujusdam

256 2239 366 2277 Lucii,
382 2243 485 2278 atque
502 2237 587 2269 adeo
598 2238 809 2277 deliciarum,
823 2243 855 2267 et
872 2238 952 2267 ima-

254 2289 353 2329 ginis,
371 2298 408 2318 ac
434 2287 680 2329 propemodum
698 2286 819 2327 effigiae
838 2288 952 2328 ipsius.

255 2339 403 2379 Antiqua
429 2339 676 2369 consuetudine
698 2348 772 2369 cum
790 2339 952 2377 scriptu'iu

254 2395 346 2421 esset
359 2389 464 2431 efficiae
485 2399 544 2428 pro
560 2388 821 2430 effigie,t'actum‚
832 2390 952 2430 ‹jffictoe.

255 2441 465 2472 Glossarium
505 2439 653 2469 Scurruin
696 2439 952 2478 interpretatur,

255 2490 432 2531 δρακιστήν.
450 2495 484 2520 et
509 2489 669 2527 Scurrari,
686 2488 850 2528 δρακίζειν.
897 2490 952 2520 Iu-

255 2543 355 2573 venio
372 2547 404 2572 et
420 2540 551 2571 scurras
572 2539 697 2579 κοπρίας
717 2539 838 2571 dictos.
883 2541 953 2570 Dio

254 2594 289 2623 in
308 2593 489 2623 Pertinace
506 2601 513 2621 ε
543 2590 668 2630 κοπρίας
686 2590 770 2621 τινὰς
786 2588 836 2621 καὶ
851 2597 952 2628 ’γελω-

253 2643 396 2674 τοποιοὺς
411 2643 562 2681 αἴσχιστα
577 2640 633 2679 μὲν
646 2640 686 2671 τὰ
701 2640 777 2679 εἴδη,
794 2640 905 2680 αἰσχίω
922 2641 954 2673 δὲ

255 2694 296 2723 τὰ
317 2693 462 2731 ὀνόματα,
477 2692 528 2723 καὶ
550 2691 591 2722 τὰ
613 2691 839 2729 ἐπιτηδεύματα
863 2691 953 2731 ἔχον-

256 2755 322 2774 τας.
367 2743 490 2775 Isidori
507 2742 658 2774 Glossae:
686 2744 694 2759 ‘
707 2742 879 2783 Scurrula,
896 2743 953 2784 qui

1004 1577 1199 1618 incopriat!
1238 1578 1418 1609 Suetonius
1438 1576 1601 1608 Claudio:
1627 1577 1706 1608 ‘In-

1005 1628 1141 1660 terdum
1160 1627 1268 1659 ferula
1286 1627 1450 1668 flagrove,
1470 1628 1562 1658 velut
1581 1636 1641 1668 pei·
1657 1628 1707 1658 lu·

1005 1680 1094 1715 dum,
1125 1681 1342 1711 excitabatur
1367 1691 1385 1711 a
1415 1678 1574 1720 cupreis!
1619 1679 1706 1710 Haec

1005 1736 1059 1762 est
1085 1736 1236 1761 veterum
1263 1735 1329 1760 tam
1356 1730 1543 1771 antiquitus
1568 1739 1708 1761 excuso-

1006 1792 1091 1820 rum,
1113 1792 1212 1823 quam
1240 1791 1340 1812 manu
1366 1781 1570 1820 scriptorum
1595 1780 1706 1812 lecti0.

1006 1833 1140 1863 Primus
1183 1831 1374 1862 Beroaldus
1425 1831 1551 1870 Tropeis
1595 1830 1679 1870 legit
1700 1843 1708 1861 :

1005 1884 1123 1923 inepto
1145 1892 1258 1913 sensu.
1301 1882 1482 1912 Turnebus
1512 1881 1641 1922 Capreis
1663 1891 1707 1912 ex

1005 1934 1113 1964 veteri
1127 1934 1247 1964 codice
1262 1932 1502 1963 animadvertit
1515 1942 1523 1970 ;
1539 1932 1708 1972 ignoravit

1006 1990 1117 2015 tamen
1135 1978 1214 2024 quid
1233 1988 1347 2013 essent
1367 1982 1503 2022 Capreis
1528 1988 1563 2013 et
1579 1987 1615 2013 ut
1633 1991 1707 2012 seu·

1006 2034 1148 2064 tentiam
1166 2043 1259 2063 suam
1278 2032 1446 2069 adstruat,
1460 2032 1706 2072 interpunctio-

1005 2094 1064 2115 nes
1106 2084 1235 2124 turbat,
1253 2125 1255 2127 q
1272 2093 1311 2114 ac
1351 2082 1540 2114 confundit.
1596 2082 1705 2124 Atqui

1008 2136 1132 2174 Γυρνεί,
1157 2135 1236 2165 uiliil
1258 2134 1346 2164 aliud
1371 2144 1468 2174 quam
1492 2134 1632 2168 ὅσω-Μ’,
1649 2135 1706 2174 qui

1005 2195 1066 2225 per
1083 2185 1194 2215 ludum
1209 2184 1410 2214 excitabant
1426 2194 1515 2214 eum.
1543 2185 1605 2215 Cui
1617 2185 1705 2215 euim

1007 2235 1061 2264 alii
1096 2235 1234 2275 impune
1268 2235 1434 2274 licuisset,
1463 2235 1525 2265 nisi
1559 2235 1708 2266 scurris?

1003 2286 1072 2315 Jos.
1089 2286 1173 2316 Scal.
1198 2286 1323 2315 Verum
1338 2285 1425 2316 idem
1436 2285 1601 2325 Scaliger,
1619 2291 1655 2316 ut
1673 2286 1704 2315 in

1004 2336 1073 2366 suis
1089 2336 1128 2366 ad
1151 2337 1314 2366 Lucilium
1334 2336 1563 2367 notismouuit
1577 2335 1706 2367 doctis-

1003 2388 1106 2417 simus
1125 2389 1255 2427 Douza,
1274 2388 1357 2417 banc
1374 2397 1464 2417 suam
1479 2388 1571 2418 tertii
1586 2397 1702 2418 versus

1004 2438 1272 2468 emendationem
1305 2448 1400 2467 verso
1426 2439 1515 2478 stylo
1540 2438 1704 2477 confodit,

1005 2488 1037 2518 iu
1051 2488 1189 2529 ejusque
1207 2488 1314 2518 locum
1333 2487 1508 2518 substituit
1526 2499 1533 2519 :
1567 2489 1658 2519 Molli
1673 2493 1703 2519 et

1003 2541 1125 2572 deliciis
1162 2547 1191 2572 et
1230 2540 1408 2578 Lucifugoe,
1445 2544 1536 2581 utque
1572 2541 1708 2572 cimmo.-

1003 2591 1172 2631 Scriptum
1198 2591 1284 2622 enim
1303 2590 1407 2621 fuisse
1430 2591 1618 2625 autumbat,
1642 2591 1709 2622 Lu-

1002 2641 1112 2679 coe'jucae
1139 2652 1200 2683 pro
1227 2641 1403 2681 Lucifugoe,
1431 2651 1524 2673 more
1552 2643 1713 2685 antiquo.

1004 2693 1084 2724 Dae.
