1876 3025
177 475 442 552 SEX,
516 424 1076 553 POMPEII
1151 473 1496 550 FESTI

812 679 875 708 DE

118 818 682 881 VERBORUM
739 815 1570 881 SIGNIFICATIONE

453 1003 674 1052 LIBER
732 1003 894 1050 XIX.

952 1003 1044 1052 ET
1099 1000 1237 1049 XX.

59 1344 63 1350 ’
119 1334 427 1393 VACERRAM
455 1352 605 1393 dicunt
632 1350 847 1404 stipitem,
871 1349 926 1390 ad
949 1362 1081 1404 quem
1102 1361 1240 1402 equos
1263 1360 1337 1389 so·
1397 1346 1577 1399 [PAUL-

176 1420 296 1460 leant
317 1419 524 1472 religare:
559 1418 634 1459 alii
660 1418 811 1458 dicunt
832 1417 1118 1458 maledictum
1140 1416 1222 1457 hoc-
1244 1415 1420 1456 nomine
1443 1414 1577 1467 signi-

176 1487 296 1528 ficari
315 1500 484 1540 magnae
507 1486 775 1536 acerbitatis,
798 1489 846 1526 ut
867 1485 927 1526 sit
948 1496 1120 1534 vecors,
1142 1487 1183 1524 et
1204 1495 1412 1524 vesanus.

120 1553 358 1596 Vacerram
376 1560 391 1576 ²²
429 1554 612 1595 Verrius
630 1558 642 1576 ¹
672 1557 717 1593 et
746 1552 823 1593 alii
849 1553 1101 1605 complures
1122 1551 1276 1591 vocari
1304 1550 1369 1590 di-
1408 1548 1577 1602 [FEsrr.

178 1625 280 1662 cunt
301 1621 510 1675 stipitem,
532 1620 589 1661 ad
612 1632 741 1672 quem
772 1632 912 1672 equos
941 1619 1143 1659 solebant
1165 1618 1357 1669 religare.

1417 1615 1577 1656 Ateius

176 1701 279 1730 vero
301 1689 559 1741 Philologus
587 1687 865 1729 maledictum
897 1687 983 1728 hoc
1006 1686 1179 1726 nomine
1200 1680 1435 1737 signifioari
1456 1695 1578 1734 mag-

176 1769 246 1796 nae
265 1756 534 1805 acerbitatis,
558 1760 608 1795 ut
629 1755 686 1795 sit
704 1767 879 1804 vecors,
899 1758 944 1794 et
965 1765 1173 1803 vesanus,
1195 1755 1302 1793 teste
1317 1748 1484 1799 Livio,b
1500 1748 1577 1804 qui

178 1823 318 1865 dicat:
352 1823 556 1873 vecorde,
579 1827 624 1863 et
645 1822 846 1863 malefica
866 1819 1089 1863 vecordia.

737 1949 855 1961 oooooo

168 2033 182 2061 l
211 2031 289 2061 Yet.
306 2029 363 2060 lib.
382 2033 410 2060 ct
424 2030 538 2061 AElz'us.

856 1948 977 1960 vvvvvv

775 2135 915 2166 NOTAE

164 2210 177 2224 ὃ
199 2203 379 2243 Vacerram]
398 2202 425 2232 Α
443 2201 647 2233 distortione
661 2210 752 2242 saepe
765 2210 821 2231 vo-

123 2259 244 2285 cantur
270 2253 361 2293 ligna
390 2252 534 2286 Vacerra,
572 2251 683 2283 Varus.
729 2250 818 2282 Nam

121 2308 303 2343 utrumque
330 2312 348 2332 a
373 2301 573 2332 distortione
598 2310 734 2332 crurum
761 2301 819 2331 ho-

121 2353 229 2384 minis.
274 2353 404 2383 Notum
422 2351 500 2392 qnid
527 2352 595 2383 sint
615 2352 737 2383 Vacioe:
762 2360 819 2382 no-

121 2409 191 2434 tum
222 2403 314 2437 item,
344 2402 422 2443 quid
458 2402 544 2433 Vari.
601 2402 689 2433 Livii
717 2401 821 2432 verba

121 2458 223 2493 egent
250 2452 496 2491 castigatione:
528 2453 647 2491 Vecors,
673 2455 703 2482 et
729 2452 821 2482 male-

112 2504 175 2544 fice
194 2503 339 2533 Vacerra.
384 2503 447 2532 Est
463 2511 504 2532 ex
522 2502 681 2543 Odyssea
701 2502 823 2541 veteri,

123 2564 164 2585 ex
182 2554 250 2590 ilio,
279 2551 399 2592 Μέντορ
414 2551 579 2592 ἄταρτηρὲ,
602 2551 715 2593 φρένας
735 2551 820 2589 ἠλεέ.

123 2604 211 2634 Nam
238 2612 368 2638 vecors,
392 2601 505 2641 φρένας
527 2601 613 2643 ἠλεὲ,
649 2602 819 2639 malefice,

124 2652 285 2692 ἀταρτηρέ.
309 2654 377 2683 Jos.
395 2652 480 2683 Scal.

173 2703 355 2743 Vacerram]
396 2704 496 2735 Varus
527 2703 662 2744 proprie
697 2703 822 2734 dicitur

875 2199 1016 2230 baculus
1033 2198 1197 2230 distortus
1215 2202 1251 2228 et
1267 2195 1435 2235 informis,
1451 2199 1485 2226 et
1499 2194 1578 2225 inde

875 2254 1018 2291 propter
1033 2249 1272 2280 distortionem
1297 2256 1436 2286 vac-erra,
1451 2246 1576 2286 stipes:

875 2301 934 2332 sed
967 2310 1029 2341 per
1060 2299 1294 2339 metaphoram
1322 2306 1453 2328 vacerra
1480 2296 1578 2326 homo

877 2351 1034 2391 stupidus
1065 2355 1099 2381 et
1130 2350 1269 2380 insanus
1302 2348 1428 2379 dicitur
1459 2345 1578 2376 eadem

877 2401 1010 2432 ratione
1036 2410 1101 2441 qua
1126 2404 1161 2432 et
1183 2400 1272 2430 idem
1299 2398 1394 2438 stipes
1423 2401 1577 2426 vocatur.

878 2451 964 2482 Inde
983 2450 1155 2490 Angustus
1172 2459 1233 2490 pro
1254 2449 1361 2480 cerito
1385 2455 1579 2478 racerrosum

877 2501 1014 2531 assidue
1034 2499 1161 2540 posuit,
1186 2499 1328 2530 Sueton.
1344 2506 1418 2536 cap.
1434 2499 1486 2526 87.
1532 2495 1579 2525 Et

878 2551 911 2581 in
930 2550 1044 2582 Gloss.
1058 2551 1067 2567 ‘
1086 2558 1241 2586 vacerra,
1256 2546 1442 2589 παράπληξ.’
1488 2544 1578 2575 Nam

876 2599 1040 2641 παράπληξ
1078 2599 1217 2640 proprie
1256 2607 1388 2631 vecorS,
1425 2604 1578 2629 vesanus,

877 2656 990 2683 mente
1006 2655 1140 2692 captus,
1153 2650 1331 2681 attonitus.
1355 2649 1437 2679 Dae.

921 2702 934 2722 ¹¹
958 2701 1064 2742 Livio]
1092 2701 1186 2732 Livio
1210 2699 1418 2731 Andronico.
1465 2696 1578 2737 Hujus
