1876 3025
261 133 346 176 834

718 142 866 173 SEXT}
902 142 1105 172 ΡΟΜΡΕΙΙ
1140 142 1274 174 FESTl

319 254 425 280 nunc
442 238 620 294 prandia
636 252 715 293 pro
748 237 863 279 coenis
883 237 1101 278 habebant
1118 242 1148 289 ;ο
1176 242 1221 278 et
1251 249 1331 290 pro
1353 235 1476 277 cenis
1495 248 1708 289 vespernas

321 306 597 362 appellabant.

266 376 456 417 Scensas
471 380 504 398 ¹0
525 373 678 415 Sabini
696 385 829 413 cenas
851 372 1083 413 dicebant:
1107 386 1207 426 quae
1230 378 1370 414 autem
1394 385 1509 413 nunc
1532 372 1709 425 [PAUL.

321 443 508 496 prandia
529 446 641 487 sunt,
660 453 793 481 cenas
808 439 1041 491 habebant,
1064 446 1107 482 et
1136 453 1216 494 pro
1236 441 1358 481 cenis
1378 452 1612 493 vespernas
1634 452 1711 492 ap-

320 511 560 565 pellabant.

265 578 478 621 Schediap
499 589 632 629 genus
654 575 815 628 navigii
838 575 1127 624 inconditum,
1150 574 1194 615 id
1214 578 1294 623 est,
1317 575 1518 616 trabibus
1540 577 1711 616 tantum

320 647 429 687 inter
449 658 497 685 se
527 643 654 684 nexis
685 642 877 683 factum:
909 643 1025 683 unde
1056 641 1175 683 mala
1204 641 1414 696 poeniata
1435 642 1612 683 schedia
1633 654 1711 695 ap-

321 714 545 767 pellantur.

267 779 440 821 Schedia
460 790 596 833 genus
627 777 786 828 navigii
808 775 1002 817 inconditi
1034 776 1183 817 trabib.
1212 782 1372 817 tantum
1409 775 1514 815 inter
1547 774 1710 829 [FEST.

322 862 369 889 se
416 846 631 888 connexis
671 845 792 894 facti,
834 859 912 899 quo
953 844 1209 885 mercimonia
1258 844 1552 885 circumferunt
1601 846 1709 896 post

321 916 528 956 amissam
562 926 715 954 navem.

784 910 897 953 Unde
929 912 1087 953 schedia
1118 917 1251 953 ususq
1287 925 1467 966 quoque
1502 909 1710 965 poemata

321 983 432 1033 dicit,
474 990 508 1023 el
540 995 686 1030 versam,
721 994 800 1019 non
826 982 930 1021 satis
963 981 1148 1034 perfecti
1184 981 1260 1034 qui
1294 985 1454 1028 essent,
1487 976 1711 1032 appellavit

319 1052 541 1100 schedium,
561 1064 650 1090 cum
671 1048 810 1089 dixit:
839 1048 929 1094 Qui
951 1049 1177 1090 schedium
1197 1047 1296 1090 facit
1318 1045 1568 1088 inconditam
1588 1051 1625 1085 et
1649 1045 1710 1084 iu-

322 1117 499 1158 elaborczl
508 1132 588 1158 um.

268 1186 603 1228 Schoeniculas‘
643 1184 860 1240 appellare
890 1182 1053 1224 videliet·
1085 1185 1324 1226 'meretrices
1360 1182 1546 1224 Plautus
1584 1192 1714 1234 prop·

874 1304 1087 1317 ‘OOOMN‘bl
1092 1301 1109 1314 O

310 1399 350 1427 10
374 1396 453 1427 Vet.
470 1395 527 1426 lib.
543 1394 669 1426 Scenas.
715 1393 803 1425 Vide
830 1392 928 1425 infra.

921 1522 1060 1554 NOTAE

265 1603 380 1634 malim
396 1602 509 1641 legere
525 1609 654 1631 scesmzs.
690 1599 835 1639 Propius
852 1598 892 1629 ad
911 1608 965 1629 ve-

268 1659 374 1683 terem
406 1652 610 1691 scripturam
644 1660 776 1684 scensas,
812 1649 844 1679 id
876 1648 965 1689 qnod

265 1708 299 1733 ct
330 1702 466 1733 doctiss.
507 1701 626 1732 Vos>i0
657 1700 755 1730 video
787 1700 965 1739 placuisse.

268 1753 349 1783 Duc.

310 1809 325 1823 ⁰
351 1803 428 1837 Quce
445 1805 547 1832 (uitem
564 1811 643 1831 nunc
658 1801 789 1840 prandia
802 1810 858 1840 pro
873 1800 965 1830 coenis

268 1852 433 1891 habebunt]
457 1853 544 1882 Vide
565 1861 638 1891 quae
656 1851 687 1880 in
703 1861 785 1881 voce
801 1860 883 1881 coena
897 1850 966 1880 dic-

269 1908 302 1934 ta
320 1907 408 1933 sunt.
447 1902 532 1932 Inde
553 1901 642 1940 apud
659 1901 797 1931 Terent.
814 1902 822 1917 ‘
839 1900 880 1930 ad
899 1910 966 1930 coe—

268 1963 344 1983 nam
369 1952 506 1983 veniat.'
543 1951 584 1981 Id
612 1954 676 1984 est.
706 1949 747 1980 ad
775 1949 966 1989 prandium.

269 2004 369 2035 Idem.

324 2059 339 2079 Ρ
373 2051 517 2091 Schedia]
562 2051 834 2091 Subintelligitur
869 2050 967 2081 navis.

269 2103 416 2135 Schedia
454 2102 546 2132 navis
589 2102 698 2132 subito
736 2105 912 2140 compacta
952 2110 971 2130 a

271 2154 393 2185 Gran-0
418 2152 546 2192 σχεδὸν,
571 2161 690 2192 prope,
726 2151 815 2181 unde
847 2150 974 2188 σχέδιον

269 2209 413 2235 vocatur·
429 2202 586 2243 quicquid
609 2201 721 2231 subito
746 2206 781 2231 et
809 2201 970 2231 tumulta-

269 2255 318 2286 rie
337 2254 546 2285 factumest.
571 2253 726 2282 Eusrath.
744 2261 775 2291 p.
789 2254 861 2281 516.
876 2251 968 2282 Edit.

270 2307 365 2337 Rom.
388 2305 425 2336 τὸ
445 2306 560 2343 σχεδὸν
584 2303 631 2334 ἀεὶ
654 2304 723 2343 παρ’
750 2302 870 2342 Ὁμήρῳ
900 2302 968 2333 ἀντὶ

232 2383 234 2388 .
269 2358 326 2387 τοῦ
341 2355 434 2395 ἐγγὺς
450 2353 656 2393 λαμβάνεται,
672 2355 723 2393 ἀφ’
740 2356 775 2384 οὐ
791 2353 840 2384 καὶ
857 2353 970 2392 σχεδία

270 2407 291 2445 ἡ
303 2408 336 2438 δι’
350 2406 460 2445 ὀλίγον
471 2407 671 2444 συμπαγεῖσα
680 2407 763 2443 ναῦς,
777 2405 825 2435 καὶ
842 2405 970 2444 σχέδιον

271 2458 308 2489 τὸ
326 2457 466 2497 αὐθωρόν.
502 2457 578 2488 Hoc
594 2462 657 2495 est,
679 2456 688 2472 ‘
704 2456 820 2495 σχέδον
835 2466 970 2497 semper

271 2509 361 2549 apud
376 2509 559 2539 Homerum
572 2506 741 2546 significat
753 2516 871 2546 prope,
881 2506 969 2537 unde

272 2564 307 2590 et
325 2559 460 2590 schedia
477 2557 602 2588 dicitur
626 2557 719 2587 navis
745 2557 855 2587 subito
881 2567 970 2587 com-

273 2615 387 2650 pacta,
404 2614 438 2640 et
454 2608 626 2639 schedium
643 2607 875 2637 subitaneum?
907 2609 956 2638 Id.

317 2666 331 2686 (ἱ
361 2661 450 2690 Unde
462 2659 583 2689 schedia
598 2657 685 2697 usus]
711 2658 852 2698 Optime
875 2659 970 2689 sclie-

275 2709 348 2743 dae:
378 2711 466 2742 Unde
483 2709 622 2741 Lucilius
644 2718 770 2750 quoque.
805 2707 858 2739 Ad
887 2707 970 2739 illud

1021 1598 1141 1629 Lucilii
1181 1597 1369 1638 respexisse
1410 1595 1543 1627 videtur
1574 1594 1717 1625 Petron.

1021 1649 1030 1664 ‘
1047 1649 1113 1679 Sed
1133 1658 1173 1679 ne
1198 1658 1249 1678 me
1278 1646 1398 1687 pntes‚'
1423 1647 1542 1686 inquit,
1566 1649 1574 1662 ‘
1595 1646 1717 1684 impro-

1022 1699 1118 1729 basse
1149 1698 1320 1729 schedium
1348 1697 1531 1728 Lucilianae
1560 1694 1719 1735 improbi-

1022 1750 1113 1785 tatis,
1146 1749 1234 1790 quod
1262 1748 1373 1779 sentio
1400 1752 1436 1779 et
1471 1747 1543 1787 ipse
1571 1746 1718 1777 carmine

1021 1799 1203 1840 effingam!
1225 1800 1323 1830 Idem.

1063 1856 1075 1872 Γ
1098 1849 1323 1889 Schoenicnlus]
1353 1850 1494 1880 Plautus
1526 1847 1558 1878 in
1588 1846 1720 1878 Nervo-

1021 1902 1104 1932 laria
1118 1901 1207 1941 apud
1223 1902 1411 1931 Varronem
1430 1898 1485 1929 lib.
1505 1907 1554 1928 vx.
1571 1896 1611 1927 de
1625 1897 1721 1935 Ling.

1023 1953 1097 1982 Lat.
1120 1952 1129 1967 ‘
1151 1951 1361 1988 Diobolares,
1379 1948 1606 1986 sclroenicrrlae,
1622 1947 1721 1977 mira-

1020 2001 1128 2033 cnlae.'
1172 2002 1181 2018 ‘
1197 1998 1448 2036 Sclroeniculae,'
1487 1998 1608 2038 inquit,
1652 1998 1660 2013 ‘
1679 1996 1721 2027 ab

1021 2052 1155 2082 sclioeno
1170 2050 1308 2080 nucario
1327 2047 1520 2088 unguento!
1559 2046 1614 2076 Ita
1633 2046 1720 2076 enim

1021 2103 1166 2133 arbitror
1182 2101 1248 2132 illic
1265 2100 1478 2132 scribendum
1497 2108 1582 2129 esse.
1617 2098 1720 2128 Mira-

1019 2155 1103 2184 culas
1120 2158 1233 2183 autem
1260 2162 1278 2182 a
1300 2151 1399 2185 miris,
1418 2149 1449 2180 id
1469 2154 1533 2188 est,
1551 2148 1721 2187 monstris,

1021 2204 1277 2243 interpretatur.
1313 2200 1528 2232 Credendum
1559 2203 1611 2229 est
1646 2199 1721 2228 haee

1024 2254 1135 2285 Plauti
1155 2252 1257 2283 verba
1274 2253 1410 2282 Festum
1425 2250 1525 2281 etiam
1544 2248 1719 2279 retulisse:

1024 2309 1058 2335 et
1073 2308 1192 2344 postea
1203 2312 1244 2332 ex
1259 2301 1400 2332 Poenulo
1415 2299 1586 2340 ejusdem:
1611 2300 1619 2316 ‘
1637 2299 1720 2329 Pro·

1023 2353 1134 2392 sedas,
1150 2353 1310 2393 pistorum
1334 2350 1470 2388 amicas,
1489 2348 1647 2389 reliquias
1663 2349 1721 2379 ha-

1023 2406 1167 2439 licarias,
1201 2404 1357 2437 Miseras.
1381 2402 1515 2432 sclioeno
1539 2400 1720 2439 delibutas,

1024 2456 1231 2488 servilicolas
1248 2452 1421 2484 sordidas!
1446 2454 1520 2483 Ant.
1536 2452 1620 2489 Aug.

1067 2503 1291 2542 Schoeniculns]
1321 2504 1372 2534 Ex
1395 2502 1580 2533 Clitellaria
1605 2500 1720 2530 Plauti

1026 2556 1109 2586 duos
1125 2556 1182 2584 lios
1200 2563 1313 2583 versus
1328 2552 1457 2583 citabat
1475 2552 1614 2581 Festus:
1641 2550 1720 2580 Dio-

1025 2606 1153 2640 balares,
1165 2603 1366 2638 schoenicoloe,
1386 2603 1555 2637 miraculoe,
1574 2602 1652 2630 Cum
1667 2609 1721 2630 ex·

1025 2656 1111 2687 trilis
1126 2655 1209 2693 talis,
1226 2664 1293 2684 cum
1309 2653 1429 2683 todellis
1443 2651 1600 2682 crusculis.
1632 2649 1719 2680 Vide

1025 2706 1162 2738 tertium
1177 2704 1453 2745 Conjectaneum.
1475 2702 1541 2733 dos.
1554 2699 1635 2731 Scal.
