1876 3025
282 177 369 219 676
718 186 867 217 sssxri
902 186 1101 216 POMPEH
1137 186 1273 217 FESTI

975 293 1070 321 sue.

1007 359 1133 400 oque.

982 426 1066 454 ma.

283 485 462 536 Pugnus
483 496 509 523 a
529 482 796 536 punctione,a
824 481 870 522 id
902 484 983 530 est,
1014 482 1304 534 percussione
1336 480 1512 522 dicitur.
1544 481 1725 533 [PAUL.

285 549 463 604 Pugnus
483 563 507 588 α
523 549 772 602 punctione,
794 547 839 588 id
857 554 928 597 est,
944 547 1199 601 percussione
1214 547 1357 589 dictus.
1558 549 1723 602 [FEST.

283 617 431 658 Puilia
451 614 591 657 saxab
609 628 704 655 esse
736 615 792 655 ad
826 621 1020 668 portum,
1041 615 1118 667 qui
1153 615 1208 655 sit
1242 613 1484 655 secundum
1514 615 1723 665 Tiberim,

339 684 399 724 ait
429 682 594 724 Fabius
624 681 806 730 Pict0r‚³
841 694 972 735 quem
1005 681 1152 722 locum
1179 686 1312 735 putat
1343 681 1491 721 Labeo
1513 681 1615 731 dici,
1647 682 1724 722 ubi

338 750 468 791 fuerit
490 749 657 790 Ficana
677 749 752 790 via
772 747 971 789 Ostiensi
993 748 1048 789 ad
1069 748 1263 801 lapidem
1284 747 1577 789 undecimum.

281 818 471 859 Pulcher
490 817 572 857 bos
590 816 840 870 appellatur
860 815 919 856 ad
940 816 1147 856 eximiam
1170 814 1518 868 pinguitudinem
1538 815 1723 867 perduc·

333 889 416 926 tus.

279 950 623 999 Pulchralibus,c
658 953 788 1003 atque
809 948 1037 1002 cupidiis4
1069 947 1218 988 idem⁵
1252 948 1297 988 in
1331 960 1397 998 ea,
1430 960 1528 1001 quae
1563 953 1629 990 est
1667 949 1721 990 de

333 1017 466 1058 fundo
487 1017 663 1058 oleario.

276 1084 584 1124 Pulchralibus
605 1096 681 1137 pro
702 1083 909 1137 pulchris.

1543 1082 1719 1135 [PAUL.

280 1151 520 1192 Pullariam
537 1149 554 1173 ‘³
577 1151 760 1192 Plautus
784 1150 897 1192 dixit
919 1162 1095 1191 manum
1113 1149 1323 1191 dextram.

286 1217 475 1258 Pulluse
513 1217 642 1258 Jovis
674 1216 902 1258 dicebatur
937 1215 994 1266 Q.
1018 1217 1202 1267 Fabius,
1236 1218 1308 1258 cui
1340 1217 1518 1258 Eburno
1554 1216 1719 1269 [Fa-ST.

876 1347 994 1359 eeeeee

998 1347 1114 1359 eeeeee

316 1437 334 1464 3
360 1433 440 1463 Vet.
468 1433 542 1463 cod.
568 1433 733 1464 liezan—4
757 1434 837 1466 Vet.
861 1433 935 1464 cod.
963 1434 1099 1473 cupidus.
1147 1435 1245 1474 Legit
1276 1437 1356 1466 Dae.
1384 1433 1602 1465 Pulcliralibus
1629 1437 1718 1475 atque

275 1476 486 1517 cupediis.—5
513 1475 574 1506 Vir
591 1476 683 1507 doct.
700 1476 732 1506 in
747 1485 853 1517 marg.
869 1476 924 1507 ed.
942 1476 1028 1507 Scal.
1045 1477 1131 1517 conj.
1152 1477 1240 1509 Cato.

922 1601 1060 1633 NOTAE

270 1675 396 1706 Paulus
434 1675 592 1711 confecit,
629 1676 638 1692 ‘
656 1675 789 1715 Popilia
814 1676 919 1706 tribus
949 1686 968 1706 a

268 1725 500 1766 progenitrice
517 1727 621 1756 traxit
637 1725 858 1757 vocabulum!
876 1727 966 1766 Lege

269 1774 390 1805 modo:
416 1774 541 1814 Popilia
557 1775 655 1805 tribus
675 1785 693 1804 a
713 1776 835 1806 nomine
856 1786 965 1815 proge-

267 1824 391 1855 nitricis
418 1825 520 1855 traxit
546 1826 735 1856 vocabulum.
786 1827 869 1856 Num
896 1837 965 1857 con-

267 1878 430 1905 sueverunt
445 1885 506 1905 non
518 1876 615 1906 solum
630 1886 648 1906 α
662 1876 752 1915 viris,
766 1878 817 1906 sed
831 1888 848 1907 α
856 1876 961 1914 foemi-

269 1925 318 1954 nis
332 1934 447 1964 quoque
463 1924 560 1955 tribus
575 1926 742 1955 nominare.
768 1925 877 1956 Idem.

310 1979 325 1994 ³
347 1974 479 2013 Pugnus
507 1985 526 2004 a
549 1975 714 2013 punctione
738 1998 745 2006 .
770 1996 777 2004 .
802 1974 815 2013 ]
842 1975 962 2006 Potius

265 2033 389 2063 pugnus
405 2033 423 2053 a
438 2024 555 2062 πυγμὴ,
571 2024 624 2054 vel
647 2034 666 2054 a
681 2024 804 2059 πυκνὸς,
827 2024 963 2063 densus,

269 2083 345 2113 quae
380 2073 445 2104 fuit
474 2074 555 2105 Julii
590 2073 751 2114 Scaligeri
783 2076 961 2106 sententia.

271 2123 369 2153 Idem.

311 2173 324 2194 b
356 2173 463 2204 Puz'lia
489 2173 579 2213 saxa]
616 2174 703 2206 Haec
734 2175 811 2205 mihi
848 2175 964 2213 ignota

269 2228 356 2254 sunt.
411 2225 533 2255 Ficana
551 2225 639 2255 Latii
656 2224 757 2255 urbs:
781 2225 790 2240 ‘
804 2225 962 2256 Ficuluea

268 2273 384 2305 vetus’
402 2275 495 2305 Livio
513 2275 568 2306 lib.
584 2284 608 2307 1.
632 2275 730 2306 Idem.

310 2330 324 2345 ὓ
347 2324 577 2365 Pulchralz'bus]
601 2325 710 2363 Lego:
743 2324 960 2355 Pulchralibus

266 2378 356 2413 atque
371 2374 517 2413 cupediis.
563 2373 742 2404 Pulchraiia
757 2379 844 2408 sunt,
860 2374 960 2404 bella-

267 2424 329 2455 ria.
375 2423 472 2462 Idem,
495 2433 616 2463 nempe
640 2424 737 2456 Cato.
783 2425 872 2457 Quia
887 2425 960 2455 haec

265 2473 380 2504 statim
397 2474 627 2514 sequebantur
650 2479 725 2514 post
749 2474 839 2505 aliud
858 2480 961 2514 caput

265 2523 325 2555 ubi
352 2524 437 2555 Cato
462 2524 672 2556 laudabatur.
718 2526 761 2556 Et
790 2526 836 2556 ita
866 2535 957 2565 saepe

266 2573 357 2613 apud
387 2574 525 2605 Festum
555 2573 591 2603 τὸ
618 2574 696 2604 idem
721 2574 763 2604 ad
787 2575 958 2614 superiora

268 2625 430 2664 pertinet.
456 2625 554 2655 Idem.

309 2674 323 2693 ⁴1
348 2673 536 2713 Pullariam]
551 2673 636 2704 Haec
653 2679 730 2705 sunt
744 2674 856 2705 Pauli.
871 2675 958 2705 Ver-

267 2724 308 2753 ba
338 2724 426 2755 Festi
450 2725 496 2755 ita
520 2725 553 2755 in
573 2724 727 2756 schedis:
753 2725 761 2741 ‘
776 2724 959 2756 Pullariam

1022 1686 1156 1707 manum
1169 1677 1325 1707 dextram
1338 1677 1462 1708 dixisse
1473 1675 1719 1708 videturPlau-

1021 1728 1134 1759 tnsin.
1179 1750 1187 1758 .
1306 1750 1313 1758 .
1369 1750 1376 1757 .
1422 1750 1431 1758 .
1477 1750 1484 1758 .
1533 1749 1540 1757 .
1587 1748 1594 1756 .
1707 1726 1716 1739 ’

1020 1776 1205 1807 Pullariam
1233 1786 1364 1808 manum
1392 1778 1545 1808 dextram
1573 1777 1717 1808 Plautus

1020 1825 1106 1857 dixit
1123 1836 1141 1857 a
1154 1827 1333 1867 palpandis
1348 1826 1587 1867 tentandisque
1605 1827 1716 1867 pullis,

1020 1876 1052 1906 id
1074 1881 1138 1915 est,
1166 1878 1300 1916 pueris:
1326 1877 1443 1909 Qualis
1471 1883 1544 1907 erat
1572 1877 1716 1917 poedico-

1017 1935 1094 1956 num
1121 1931 1353 1965 protervorum
1377 1937 1507 1963 manus,
1529 1928 1585 1967 qui
1612 1928 1717 1967 pulla-

1019 1976 1099 2004 riam
1115 1974 1228 2005 facere
1246 1974 1457 2006 dicebantur.
1493 1976 1643 2007 Turneb.
1657 1977 1716 2008 lib.

1018 2034 1073 2055 ιιι.
1091 2035 1166 2064 cap.
1185 2028 1235 2056 11.
1264 2025 1361 2056 Idem.

1059 2080 1072 2094 θ
1086 2075 1209 2115 Pullus]
1227 2075 1387 2106 Placidus
1404 2075 1436 2105 in
1453 2074 1581 2106 Glossis
1596 2086 1604 2106 ι
1617 2076 1716 2107 ‘Pul-

1016 2124 1083 2154 lum
1116 2134 1256 2164 puerum
1281 2124 1313 2154 in
1343 2124 1525 2160 amoribus,
1552 2125 1641 2156 unde
1669 2126 1712 2158 Q.

1018 2173 1140 2204 Fabius
1157 2174 1326 2211 Eburnus,
1342 2173 1430 2214 quod
1452 2174 1586 2204 natibus
1605 2173 1714 2215 fulgu-

1018 2229 1108 2253 ratus
1132 2228 1219 2261 erat,
1245 2223 1356 2263 pullus
1381 2222 1479 2254 Jovis
1505 2223 1615 2254 dictus
1639 2225 1713 2255 est.’

1017 2273 1147 2304 Arnob.
1178 2273 1233 2303 lib.
1261 2282 1311 2302 iv.
1334 2274 1342 2290 ‘
1357 2272 1545 2304 Catamitus
1568 2274 1713 2314 rapitur,

1016 2323 1208 2355 deheim-um
1227 2323 1357 2354 futurus
1374 2329 1408 2354 et
1425 2323 1622 2363 poculorum
1639 2334 1713 2355 cus-

1017 2379 1082 2411 tos,
1095 2379 1129 2404 et
1140 2379 1176 2404 ut
1188 2373 1285 2405 Jovis
1301 2373 1435 2404 dicatur
1451 2374 1574 2413 pullus,
1589 2374 1621 2404 in
1636 2384 1711 2414 par·-

1016 2424 1106 2454 tibus
1138 2424 1256 2454 Fabius
1284 2424 1438 2454 aduritur
1464 2424 1631 2465 mollibus,
1655 2426 1713 2456 ob-

1015 2474 1233 2514 signaturque
1252 2473 1413 2514 posticis.’
1439 2474 1579 2504 Fabium
1597 2480 1710 2505 autem

1012 2524 1102 2555 illum
1118 2525 1268 2564 intellige
1285 2523 1341 2565 qui
1357 2525 1613 2563 cognominatus
1631 2525 1711 2556 Am-

1014 2574 1145 2612 inustus,
1168 2575 1232 2604 toti
1260 2583 1360 2613 porro
1380 2572 1515 2604 familiae
1533 2574 1614 2604 illud
1631 2584 1709 2614 cog·

1012 2633 1132 2654 nomen
1149 2624 1255 2654 dedit.
1294 2623 1449 2654 Ambusti
1465 2624 1553 2654 enirn
1571 2624 1707 2663 proprie

1013 2683 1093 2714 quos
1109 2674 1256 2713 Jupiter,
1279 2676 1288 2690 ‘
1306 2673 1468 2704 Fulminis
1485 2672 1613 2704 afflavit.
1630 2683 1709 2704 veu-

1014 2725 1057 2755 tis
1075 2729 1109 2756 et
1133 2724 1278 2765 contigit
1295 2724 1384 2765 igni.'
1432 2724 1459 2755 A
1482 2734 1570 2764 puer,
1585 2733 1709 2764 puerus,
