1876 3025
260 141 373 183 1206
718 148 866 179 sssxri
902 146 1103 177 ΡΟΜΡΕΗ
1137 145 1271 176 unsri

265 247 438 296 Uruat‚⁰
456 245 624 287 Ennius
644 245 688 285 in
707 242 990 284 Andromeda
1022 240 1254 295 significat,
1287 240 1524 288 circundat,
1556 241 1609 280 ab
1646 252 1698 280 eo

266 314 407 364 sulco,
444 313 521 368 qui
541 314 588 355 fit
607 313 653 353 in
673 311 782 352 urbe
798 309 1023 351 condenda
1037 321 1145 350 uruo
1168 308 1314 358 aratri,
1336 321 1437 361 quae
1472 307 1529 348 sit
1563 307 1702 347 forma

268 382 487 423 simillima
507 380 654 422 uncini
669 392 694 420 a
713 378 963 420 curvatione
979 378 1113 427 buris,
1126 381 1169 418 et
1184 377 1323 419 dentis
1341 394 1352 428 ς
1377 377 1451 419 cui
1466 375 1703 431 praefigitur

268 462 439 491 vomer:
460 448 523 489 ait
539 450 680 488 autem
697 459 707 488 ε
741 445 917 487 Circum
938 458 1031 486 sese
1051 450 1178 486 uruat
1191 445 1246 486 ad
1265 444 1400 499 pedes
1420 448 1574 486 aterra
1598 455 1707 496 qua·

271 517 519 570 dringentos
532 519 680 568 caput.
712 513 914 567 Ungnlus
936 512 1151 554 Oscorum
1172 513 1317 567 lingua
1342 512 1509 561 anulus,
1532 516 1582 552 ut
1626 541 1634 549 .
1697 542 1706 551 .

317 616 326 626 .
358 585 395 625 si
420 584 527 638 quid
548 582 816 624 monumenti
835 584 989 622 nactap
1009 585 1093 630 est,
1114 581 1191 634 qui
1210 593 1358 621 eorum
1381 579 1627 632 requireret,
1645 581 1710 618 est

273 653 458 706 ungulus
479 664 609 705 quem
631 650 673 692 ei
699 649 892 691 detraxit
910 649 1047 690 ebrio.
1105 647 1331 690 Pacuvius
1352 648 1399 688 in
1423 646 1590 688 Iliona:
1624 644 1712 686 Re-

273 719 483 774 pugnanti
495 731 576 771 ego
597 731 728 773 porro
742 717 858 759 hunc
872 717 915 757 vi
935 717 1109 758 detraxi
1125 715 1348 769 ungulum,
1368 715 1466 756 etin
1479 712 1713 755 Atalanta:

276 788 394 842 [196]
425 787 698 841 Suspensum
719 786 837 827 laevo
858 784 1039 826 brachio
1069 783 1248 825 ostendo
1268 783 1488 836 ungulum.
1548 780 1717 822 Uncia·

276 857 339 896 ria
355 861 371 884 q
393 856 466 896 lex
488 855 709 909 appellari
729 859 879 908 coepta
899 858 983 903 est,
1004 865 1136 906 quam
1160 851 1210 892 L.
1238 850 1377 901 Sulla,
1405 855 1448 892 et
1474 848 1716 903 Pompeius

278 923 423 965 Rufus
450 924 659 973 tulerunt,
694 935 781 976 qua
814 926 1017 963 sanctum
1048 925 1127 969 est,
1169 922 1217 960 ut
1246 919 1463 960 debitores
1501 917 1717 958 decimam

279 995 444 1046 partem
506 1022 516 1032 .
636 1022 645 1031 .
764 1021 771 1030 .
888 1015 900 1027 .
1017 1018 1026 1027 .
1084 987 1290 1029 dicebant
1311 984 1633 1039 antiqui‚cujus
1647 997 1719 1024 co-

280 1060 348 1101 lor
368 1058 605 1099 inficiendo
627 1061 827 1107 mutatur,
849 1060 898 1096 ut
914 1055 1078 1097 Ennius
1099 1067 1200 1095 cum
1221 1054 1305 1095 ait:
1336 1053 1449 1094 Cum
1474 1052 1597 1101 illud,
1634 1064 1721 1104 quo

277 1127 371 1181 jam
394 1128 529 1168 semel
550 1131 616 1168 est
631 1126 795 1167 imbuta
811 1136 995 1166 veneno.
1053 1121 1307 1164 Ventabant
1332 1120 1500 1162 dixisse
1521 1119 1723 1173 antiquos

284 1196 518 1237 verisimile
537 1200 620 1245 est,
643 1207 740 1236 cum
763 1199 806 1234 et
831 1191 1139 1246 praepositione
1167 1189 1341 1243 adjecta

286 1265 597 1306 adventabant.
630 1262 686 1303 V.
707 1266 885 1315 ntupum
917 1263 1001 1308 est,
1022 1259 1091 1299 vel
1462 1287 1470 1294 .
1589 1286 1599 1295 .
1716 1283 1728 1293 .

289 1332 406 1386 quod
427 1332 576 1373 Graeci
599 1329 667 1370 ὕειν
689 1330 857 1371 dicunt.
916 1326 1199 1368 Venditiones
1220 1324 1476 1365 dicebantur
1497 1324 1598 1364 olim
1620 1323 1729 1364 Cen-

289 1415 438 1443 sorum
463 1401 711 1442 locationes
729 1412 740 1449 3
771 1396 888 1452 quod
922 1395 1040 1436 velut
1073 1393 1347 1447 publicorum
1380 1391 1576 1433 locorum
1611 1391 1731 1432 veni-

290 1472 409 1512 bant.
466 1467 704 1509 Viminalis
736 1472 781 1507 et
814 1469 942 1519 porta
977 1468 1020 1504 et
1053 1462 1181 1503 collis
1217 1460 1509 1514 appellantur,
1530 1458 1647 1513 quod
1669 1459 1731 1499 ibi

291 1540 498 1579 viminum
520 1537 658 1578 fuisse
679 1535 847 1577 videtur
868 1533 994 1581 silva,
1025 1531 1101 1571 ubi
1131 1532 1205 1570 est·
1227 1533 1269 1569 et
1303 1540 1378 1569 ara
1397 1527 1425 1569 J
1431 1528 1501 1569 ovi
1533 1526 1731 1568 Viminio

293 1608 561 1648 consecrata.
622 1603 798 1645 Vindex
834 1602 890 1643 ab
918 1613 971 1641 eo
999 1597 1118 1652 quod
1146 1596 1355 1646 vindicat,
1387 1608 1475 1650 quo
1509 1595 1650 1635 minus
1678 1595 1732 1644 is,

293 1678 367 1730 qui
388 1687 573 1729 prensus
595 1677 675 1722 est,
697 1673 751 1713 ab
780 1671 867 1712 alio
889 1673 1096 1711 teneatur.
1156 1665 1328 1715 Vineae,
1349 1672 1396 1705 ut
1418 1662 1602 1704 Verrius
1624 1674 1736 1716 prae-

296 1744 419 1797 cipit,
440 1742 557 1796 quod
581 1741 684 1781 vino
711 1739 877 1780 feraces
898 1737 1010 1777 sint:
1032 1734 1163 1776 etiam
1188 1732 1396 1773 militares
1418 1729 1619 1783 quaedam
1648 1741 1738 1769 ma-

299 1812 571 1852 chinationes
589 1823 615 1850 a
636 1806 918 1849 similitudine
940 1802 1228 1857 appellantur.
1288 1798 1481 1840 Vivatus
1503 1802 1547 1837 et
1567 1796 1740 1838 vividus

299 1894 325 1921 a
348 1879 494 1933 poetis
515 1879 713 1920 dicuntur
735 1889 761 1917 a
782 1876 825 1917 vi
850 1885 1022 1926 magna.
1083 1868 1300 1910 Vindiciae
1317 1873 1326 1888 ¹
1371 1866 1650 1920 appellantur
1670 1876 1738 1904 rcs

904 1990 1140 2005 eaeaeeeueaetee

345 2080 385 2107 20
409 2076 431 2107 f.
448 2080 500 2107 aut
515 2076 618 2116 potius
632 2073 778 2105 dicuntur
793 2071 933 2103 rindz'cioe
948 2072 1030 2101 inter
1045 2078 1106 2108 eos,
1119 2067 1170 2107 qui
1185 2066 1380 2096 contendunt.

958 2176 1097 2208 NOTAE

349 2255 362 2268 Ο
384 2247 501 2287 Urunt]
517 2245 677 2277 Placidus
693 2243 887 2277 inGlossis:
906 2240 997 2273 ‘Ob-
1053 2243 1142 2275 sunt,
1174 2247 1246 2277 quae
1292 2241 1366 2276 post
1403 2234 1541 2265 verbum
1576 2234 1748 2265 Vcnlahtmt

309 2300 421 2334 urbas,
451 2297 720 2330 circumscribis:
748 2296 872 2326 dictum
891 2295 932 2325 ab
949 2303 999 2323 ur·
1054 2289 1232 2320 habentur.

309 2351 371 2382 bo.y
433 2350 556 2381 Versus
590 2348 689 2379 Ennii
721 2345 930 2377 emendatior
968 2343 1000 2373 in
1098 2345 1108 2359 Γ
1133 2337 1298 2377 ι”ἱηάὶεἱη
1322 2337 1361 2368 In
1379 2336 1533 2375 exemplo
1552 2338 1601 2365 12.
1620 2334 1750 2365 tabula·

310 2401 453 2433 schedis.
1058 2400 1142 2429 rum,
1167 2388 1252 2430 quod
1282 2389 1314 2418 in
1344 2387 1411 2417 fine
1450 2386 1588 2416 adducit
1620 2386 1749 2424 Festus,

354 2459 367 2478 Ρ
393 2452 495 2482 Nacta
511 2448 709 2491 legendum:
730 2452 763 2478 et
779 2447 805 2477 si
822 2446 891 2486 quis
905 2445 1004 2485 requi·
1059 2441 1193 2474 schedae
1211 2445 1289 2470 ante
1304 2439 1439 2469 arbitros
1462 2437 1588 2467 habent
1612 2436 1750 2475 amplius

313 2507 378 2533 ret:
398 2512 456 2542 pro
473 2505 632 2540 corrupto
650 2503 761 2529 autem
779 2497 893 2532 verbo,
906 2496 1005 2535 elirio,
1060 2493 1269 2525 dimidiatum
1287 2490 1423 2520 verbum
1438 2510 1445 2519 .
1458 2512 1465 2520 .
1482 2510 1488 2518 .
1504 2511 1510 2518 .
1525 2491 1584 2525 tor,
1610 2492 1645 2518 ut
1668 2487 1752 2516 inte-

313 2555 345 2584 in
364 2552 496 2583 schedis
519 2557 571 2582 est
592 2550 686 2589 ebrio,
704 2558 778 2589 quae
798 2557 876 2577 vera
905 2546 1006 2577 lectio
1062 2554 1155 2586 grum
1182 2542 1327 2574 fortasse
1355 2539 1467 2578 fuerit,
1491 2539 1627 2575 Praetor,
1650 2542 1685 2567 et
1707 2536 1753 2567 ita

316 2609 376 2634 est.
1061 2597 1106 2626 sit
1136 2593 1333 2635 legendum:
1370 2591 1495 2622 Proetor·
1532 2588 1664 2620 arbitros
1693 2591 1755 2618 tres

358 2659 373 2679 ‘1
399 2651 563 2691 Unciaria]
598 2651 684 2682 Quae
714 2653 911 2689 sequuntur,
942 2656 1007 2687 quo
1062 2647 1145 2677 dato.

316 2700 768 2745 pertineant,quaerendum:
786 2699 1007 2731 incertaitem
