1876 3025
298 198 359 228 DE
392 196 665 227 VERBORUM
700 194 1107 225 sianucATioNn
1143 196 1239 226 [ΑΒ.
1272 195 1400 226 xvu.
1494 187 1578 228 885

184 299 398 344 mescunt,
418 299 467 335 ut
486 293 773 334 fraterculare
804 304 1048 346 puerorum.
1109 291 1295 333 Plautus
1316 292 1358 332 in
1383 292 1580 334 Fribola⁵

184 364 249 403 riri
268 369 304 403 :¹
343 361 453 401 Tunc
483 361 740 401 sororiabant
769 361 952 415 papillae
985 359 1221 415 primulum,
1243 358 1310 399 sed
1340 359 1443 400 illud
1464 363 1579 402 volui

185 432 345 479 dicere,
353 429 710 486 fraterculalmnt,
742 429 843 485 quid
861 443 974 484 opus
997 434 1063 470 cst
1083 426 1221 469 verbis
1243 427 1395 468 mullis.

133 499 352 540 Sororiare
368 503 382 520 ²
418 512 621 540 mammae
645 498 846 540 dicuntur
879 497 1139 551 puellarum,
1173 508 1273 537 cum
1293 497 1381 550 pri-
1402 497 1526 550 [PAU
1542 509 1580 537 L⁴

188 581 305 607 mum
328 570 589 607 tumescunt.

134 635 357 676 Sororium
384 635 567 688 tigillum
588 635 894 688 appellabatur
916 635 1040 675 locus
1065 647 1186 675 sacer
1206 633 1249 674 in
1277 633 1481 675 honorem
1504 634 1532 675 J
1539 648 1585 674 u-

190 705 335 754 nonis,
357 717 483 757 quem
520 703 740 745 Horatius
771 703 955 758 quidam
986 705 1197 744 statuerat
1219 715 1355 743 causa
1376 703 1537 743 sororis
1562 716 1587 743 a

192 784 240 811 se
260 772 516 821 interfectae,
535 773 592 812 ob
616 785 739 812 suam
764 772 1077 825 expiationem.

137 840 360 881 Sororium
389 838 606 892 tigillumk
646 840 891 894 appellatur
919 840 1004 881 hac
1035 840 1089 881 de
1123 852 1285 881 causa:
1317 852 1386 879 ex·
1424 840 1590 893 [FEsr.

193 908 488 949 conventione
510 907 630 948 Tulli
654 908 834 949 Hostilii
857 908 999 961 Regis
1029 912 1070 949 et
1106 908 1233 948 Metii
1256 906 1428 947 Suss'etii
1445 905 1482 936 3¹
1512 907 1590 947 du-

194 977 258 1016 cis
289 975 572 1021 Albanorum,
594 976 833 1029 Trigemini
867 976 1045 1017 Horatii
1076 980 1119 1017 et
1149 975 1368 1017 Curiatii4
1404 989 1503 1016 cuin
1526 976 1592 1015 di-

193 1044 449 1093 micassent,
474 1050 522 1085 ut
542 1045 734 1086 victores
756 1049 1011 1099 sequeretur
1032 1044 1273 1098 imperium,
1303 1049 1346 1085 et
1375 1043 1592 1084 Horatius

196 1116 343 1152 noster
365 1116 694 1165 exsuperasset,
728 1113 960 1166 victorque
992 1112 1168 1153 domum
1198 1115 1494 1161 reverteretur,
1516 1112 1593 1151 ob-

196 1181 269 1220 via
289 1192 426 1230 soror,
450 1181 623 1233 cognita
643 1184 779 1222 morte
802 1180 973 1234 sponsi,
1005 1180 1074 1220 sui
1102 1179 1248 1220 fratris
1285 1192 1414 1219 manu
1442 1179 1594 1228 occisi,

199 1252 401 1290 aversata
422 1254 491 1290 est
510 1248 606 1303 ejus
632 1250 854 1301 osculum3
876 1263 963 1303 quo
985 1248 1161 1289 nomine
1179 1247 1400 1288 Horatius
1422 1246 1596 1287 interfe-

200 1317 258 1357 cit
278 1329 401 1357 eam:
438 1330 685 1371 quanquam
709 1331 735 1358 a
756 1323 881 1371 patre
919 1318 1148 1359 absolutus
1180 1316 1362 1357 sceleris
1384 1320 1490 1364 erat,
1522 1328 1596 1356 ac-

200 1389 381 1426 cusatus
397 1389 542 1426 tamen
565 1386 790 1439 parricidii
812 1385 931 1439 apud
950 1386 1239 1435 Duumviros,
1255 1384 1597 1437 damnatusque,

200 1453 461 1506 provocavit
481 1453 536 1494 ad
561 1454 790 1508 populum,
813 1453 942 1507 cujus
966 1453 1141 1508 judicio
1160 1453 1303 1494 victor
1335 1452 1424 1492 duo
1456 1450 1599 1503 tigilla

203 1521 328 1562 tertio
366 1522 635 1576 superjecto,
657 1535 757 1576 quae
779 1526 904 1576 pater
930 1522 1027 1576 ejus
1053 1521 1355 1571 constituerat,
1378 1519 1497 1561 velut
1517 1519 1598 1560 sub

199 1588 353 1641 jugum
376 1591 538 1631 missus
560 1590 693 1640 subit,
716 1591 1080 1644 consecratisque
1116 1590 1177 1630 ibi
1211 1589 1300 1630 aris
1331 1588 1496 1630 ‚Iunoni
1519 1588 1599 1628 So-

203 1657 329 1698 roriae
354 1661 397 1698 et
416 1657 535 1698 Jano
558 1657 772 1703 Curiatio,
791 1658 1002 1699 liberatus
1027 1658 1145 1698 omni
1167 1658 1307 1698 noxia
1329 1656 1510 1697 sceleris
1531 1659 1601 1695 est

206 1726 394 1776 auguriis
416 1726 765 1779 approbantibus
786 1739 796 1778 3
829 1739 887 1767 ex
911 1739 998 1780 quo
1022 1726 1240 1766 sororium
1262 1724 1306 1765 id
1324 1723 1510 1778 tigillum
1531 1728 1602 1763 est

207 1793 492 1845 appellatum.

757 1901 990 1914 eeoaeaeoeaeeaeee

196 1980 206 2007 1
237 1977 297 2007 Vir
313 1977 402 2008 (loct.
431 1977 463 2007 in
488 1987 595 2017 marg.
620 1978 673 2010 ed.
699 1978 789 2009 Scal.
817 1978 907 2018 conj.
927 1978 1191 2013 F1·ivolar·ia.—2
1214 1978 1294 2008 Vet.
1322 1976 1382 2008 lib.
1409 1976 1603 2008 ‚somna-—

150 2024 168 2050 3
193 2020 270 2051 Vet.
290 2021 365 2052 cod.
382 2020 482 2051 Macri
500 2021 642 2052 Fusitiz‘.
690 2022 780 2052 Vide
797 2020 924 2052 inst—4
947 2022 1028 2052 Vet.
1046 2022 1119 2053 cod.
1140 2021 1262 2052 Curati-

809 2152 838 2183 N
847 2151 950 2183 OTAE

154 2228 330 2266 Ant-Aug.
461 2257 465 2259 ,
907 2229 1013 2269 cidit3
1047 2239 1151 2271 quare
1182 2229 1270 2270 apud
1303 2228 1505 2259 Duumviros
1529 2238 1607 2259 con-

189 2278 852 2319 Soror-iare]PlautusF1·il›ularia:‘tunc
907 2280 1097 2316 demnatus,
1133 2280 1174 2310 ad
1205 2280 1365 2320 populum
1397 2280 1607 2320 provocavit,

156 2329 291 2368 papillae
310 2329 466 2369 primitus
484 2330 787 2362 Fraterculabaut:
814 2332 852 2362 il·
909 2331 965 2362 ubi
986 2332 1105 2372 patriis
1130 2332 1286 2371 lacrymis
1312 2331 1534 2366 condonatus,
1565 2330 1608 2361 ab

156 2378 213 2407 lud
246 2379 333 2409 volui
362 2379 476 2410 dicere
502 2380 743 2413 Soron-labant:
775 2381 853 2423 quid
909 2392 949 2413 eo
966 2383 1127 2423 expiandi
1144 2382 1255 2423 gratia
1280 2382 1343 2412 sub
1367 2382 1509 2422 tigillum
1531 2382 1609 2412 mis-

158 2437 242 2467 opus
260 2433 312 2459 est
326 2429 436 2460 verbis
450 2429 472 2460 ?'
488 2431 555 2461 Jos.
569 2432 655 2463 Scal.
909 2443 977 2469 sus,
996 2434 1086 2474 qnod
1110 2444 1198 2465 nunc
1224 2443 1357 2475 quoque
1374 2434 1436 2463 viae
1455 2433 1607 2473 supposi<

202 2480 379 2521 Soror-iure]
406 2481 492 2511 Vide
517 2486 524 2499 ‘
541 2482 721 2513 Fratrare.'
743 2483 824 2515 Duc.
911 2484 1171 2523 tum,sororium
1189 2482 1403 2524 appellatur.'
1438 2483 1608 2513 Sororium

201 2528 215 2549 k
238 2529 398 2560 Sororium
417 2531 567 2571 tigillum]
603 2532 719 2564 Aurel.
737 2535 857 2566 Victor
910 2535 1055 2574 tigillum
1087 2534 1118 2564 in
1150 2536 1288 2575 regione
1318 2538 1439 2574 quarta
1464 2533 1610 2563 collocat

159 2579 201 2609 de
228 2579 306 2609 viris
330 2579 532 2611 illustribus:
557 2583 625 2613 ‘Et
648 2593 723 2614 cum
741 2584 857 2624 spoliis
909 2585 1040 2615 Victor.
1065 2584 1164 2615 Idem.

160 2635 299 2659 onustus
329 2628 478 2669 rediret,’
509 2631 711 2674 (Horatius)
742 2636 751 2652 ‘
767 2645 859 2665 soro·
958 2633 964 2654 ¹
984 2635 1077 2665 Metii
1095 2633 1242 2675 Suffetii]
1267 2633 1323 2664 Ita
1335 2642 1425 2673 saepe.
1444 2632 1608 2672 scriptum

162 2689 231 2711 rem
248 2679 378 2710 obviam
395 2680 523 2722 habuit,
539 2692 613 2722 quae
632 2683 701 2714 viso
720 2685 856 2724 paluda-
910 2686 1081 2716 invenitur
1098 2686 1160 2716 hoc
1177 2693 1312 2721 nomen,
1336 2682 1395 2712 sed
1419 2681 1542 2721 ubique
1561 2691 1611 2711 re·-

162 2734 278 2760 mento
295 2730 409 2769 sponsi
426 2731 490 2771 sui,
509 2732 563 2771 qui
583 2742 666 2763 unns
683 2743 724 2764 ex
742 2734 860 2765 Curia-
916 2735 1132 2766 scribendum
1150 2734 1245 2765 Meni
1261 2733 1392 2771 Fufetii.
1438 2733 1521 2763 Nam
1539 2736 1611 2762 Φου-

163 2781 217 2812 tiis
235 2786 321 2822 erat,
338 2779 419 2814 flere
443 2783 570 2823 coepit:
592 2783 701 2815 frater
717 2793 790 2816 eam
807 2795 861 2817 oc-
916 2784 1024 2825 φέτιον
1040 2786 1154 2817 Graeci
1173 2789 1307 2816 vocant.
1333 2783 1432 2814 Idem.
