1876 3025
280 162 366 204 958

730 171 879 202 SEXTI
915 171 1117 201 POMPEH
1153 171 1291 202 FESTI

282 268 514 323 Tapullam
530 268 701 322 ¹'legem
725 267 1000 309 convivalem
1022 267 1127 308 ficto
1140 269 1310 309 nomine
1331 269 1728 323 conscrip-[FEST.

339 336 570 391 sitjocoso
593 336 782 378 carmine
802 335 1013 376 Valerius
1047 335 1340 378 Valentinus:
1374 337 1503 391 cujus
1536 339 1730 378 meminit

338 404 538 446 Lucilius
569 405 656 446 hoc
688 404 847 445 modo:

337 472 486 526 opimi.

279 540 464 581 Tarmes
480 545 492 562 ³
522 553 658 594 genus
679 541 904 582 vermiculi
926 553 1098 582 carnem
1119 542 1324 582 exedens.

905 404 1145 458 Tapullam
1189 405 1332 446 rident
1375 407 1514 459 legem
1555 410 1730 446 contere

1548 541 1728 593 [PAUL.

279 608 482 662 Tarpeiae
504 609 660 649 etiamt
689 608 872 662 effigiem
907 609 971 650 ita
1003 609 1215 662 appellari
1245 613 1404 664 putant
1435 609 1533 662 qui-
1562 608 1727 662 [FES‘r.

932 762 1071 795 NOTAE

277 851 390 888 petuS,
407 847 506 884 τάπις,
531 848 630 888 ψιλή.’
654 848 691 880 τὸ
716 848 819 890 τάπις,
842 853 895 881 est
912 859 977 880 vox

278 902 393 928 nostra
409 899 501 939 lapis.
525 898 716 939 ψίλη,]]εἱ1α.
755 900 845 931 Nam
866 899 976 931 Latini

277 952 410 979 veteres
435 955 570 990 tapetes
589 950 690 991 psilas
718 950 888 982 dixerunt.
912 951 976 981 Lu·

277 998 374 1030 cilius
402 999 459 1030 lib.
476 1009 500 1030 1.
523 1000 593 1032 Sat.
628 1001 636 1017 ‘
652 1000 755 1031 Psilae
778 1005 881 1042 atque
910 1010 978 1032 am-

275 1048 425 1089 phitapae
451 1049 582 1090 molles,
608 1060 683 1082 cum
711 1050 977 1091 ingentibu’vil-

275 1097 340 1129 lis!
364 1098 450 1130 Dae.

317 1155 329 1169 Γ
347 1150 522 1191 Ταραῐίανη]
539 1151 695 1192 Tappula
707 1161 893 1193 cognomen
906 1153 976 1184 Vil-

274 1200 409 1240 liomm,
425 1210 467 1232 ex
485 1212 551 1242 qua
576 1201 705 1234 familia
721 1203 763 1234 P.
780 1203 904 1234 Villius
921 1204 976 1235 Τι.

275 1260 304 1282 F.
320 1252 373 1284 T1.
392 1261 427 1283 N.
473 1253 634 1293 'l'appula
660 1263 727 1285 cos.
753 1252 818 1285 fuit
844 1264 918 1285 cum
936 1255 975 1286 L.

275 1301 433 1333 Cornelio
451 1303 597 1334 Lentulo
614 1313 702 1335 anno
722 1306 796 1335 554.
815 1314 856 1335 ex
876 1304 974 1336 fastis

275 1351 487 1394 Capitolinis,
513 1358 548 1384 et
573 1355 665 1385 Livio
690 1355 723 1386 in
747 1360 900 1387 extremo
917 1356 975 1388 lib.

275 1411 379 1435 xxxl.
402 1404 482 1435 Ant.
500 1406 588 1445 Aug.

318 1454 492 1495 Tapullam]
517 1456 664 1487 Versum
682 1456 893 1488 Lucilianum
922 1467 975 1488 su-

275 1513 335 1544 pra
362 1505 409 1535 ita
435 1506 614 1545 legendum
637 1516 829 1538 monemus:
858 1508 972 1548 Tapul-

272 1555 333 1585 Iam
348 1556 452 1586 rident
469 1557 568 1595 Iegem
582 1567 717 1587 concerae
738 1557 854 1597 Opimi.
894 1560 975 1589 Con·

272 1615 342 1637 cera
367 1616 429 1647 pro
450 1617 593 1646 congero.
642 1608 685 1638 Et
700 1618 848 1647 conger«,
875 1609 976 1640 unico

272 1665 299 1690 r,
327 1665 388 1696 pro
408 1667 572 1695 congerro.
619 1658 775 1693 Veteres,
802 1659 975 1699 inquibus

272 1716 362 1738 nunc
380 1708 506 1739 utimur
517 1718 554 1748 g,
568 1708 742 1749 ponebant
757 1720 783 1740 c.
824 1709 976 1741 Tandem

271 1757 977 1797 SpuriusCarviliusvetustissimusGram-

271 1808 416 1840 maticus
429 1810 600 1841 correxit:
625 1815 660 1841 et
676 1811 802 1851 primus
816 1820 877 1851 pro
895 1812 903 1827 ‘
915 1811 976 1841 ini-

272 1868 351 1890 cere
366 1859 373 1871 '
387 1858 488 1899 dixit,
500 1861 508 1877 ‘
522 1860 651 1901 iuigere
664 1859 685 1892 :'
701 1870 762 1901 pro
779 1866 787 1878 ‘
802 1860 978 1902 Acetare‚’

273 1910 282 1927 ‘
301 1910 470 1950 Agitare.'
491 1912 559 1942 Jos.
578 1911 664 1942 Scal.

318 1961 481 2001 Tapullam
496 1962 608 2002 legem]
638 1962 784 2002 'rapulla
800 1963 870 1993 sive
887 1966 975 2003 tapa-

271 2011 327 2049 lia,
346 2021 365 2041 a
380 2012 496 2047 tabula,
517 2013 569 2042 vel
595 2014 710 2053 tapula,
735 2013 807 2044 sive
823 2014 972 2053 tapidum,

271 2061 335 2092 hoc
351 2066 415 2097 est,
430 2071 560 2093 mensa.
604 2063 650 2093 Et
678 2063 726 2094 sic
750 2064 857 2102 dicta,
885 2064 974 2104 quod

273 2115 363 2142 esset
376 2112 571 2144 convivalis.
618 2112 762 2144 Versum
785 2114 909 2144 Lucilii
925 2114 974 2146 sic

271 2161 446 2202 Scaliger:
478 2163 638 2202 Tapullam
663 2164 767 2195 rident
791 2165 973 2203 Iegemcon-

272 2222 351 2244 σενα
365 2213 468 2253 opimi.
516 2215 662 2245 Concerae
678 2224 740 2255 pro
759 2225 911 2255 congerae,
938 2220 974 2247 et

272 2273 416 2302 congero,
441 2264 542 2295 unico
558 2274 586 2304 r,
610 2274 673 2305 pro
697 2275 857 2305 congerro.
903 2265 973 2297 Sed

273 2313 475 2345 Franciscus
493 2316 590 2346 Duza
615 2321 649 2346 et
665 2315 803 2347 Vossius
818 2328 824 2345 :
850 2317 972 2348 Concoe·

272 2374 321 2394 noe
344 2365 448 2406 opimi.
496 2365 525 2396 A
553 2376 637 2397 coeua
666 2371 718 2397 est
740 2377 892 2402 concoena,
915 2367 972 2407 qui

274 2424 341 2446 una
368 2421 495 2447 coenat.
525 2417 637 2449 Gloss.
667 2418 877 2458 ‘concoenae‚
901 2416 974 2448 σύν·

274 2465 411 2496 δειπνοι.’
436 2466 517 2497 Dae.

317 2522 328 2536 ε
353 2517 494 2557 Tarmes]
517 2517 716 2549 Vitruvius:
739 2523 747 2536 ⁶
767 2519 811 2550 Et
827 2518 972 2559 primum

276 2566 369 2598 abies
387 2567 474 2598 aelris
499 2568 627 2600 liabens
652 2569 847 2609 plurimum,
865 2574 900 2601 et
924 2570 974 2610 ig-

277 2617 341 2653 nis,
359 2618 598 2660 minimumque
614 2619 772 2656 humoris,
784 2625 819 2651 et
833 2621 972 2657 terreni,

276 2667 461 2699 levioribus
505 2674 700 2700 naturarum
746 2670 973 2710 potestatibus

277 2724 560 2760 comparata,n0n
574 2725 627 2752 est
637 2719 845 2762 ponderosa:
858 2721 972 2762 itaque

1029 849 1140 891 rigore
1156 849 1304 881 naturali
1317 853 1480 881 contenta
1489 857 1554 879 non
1567 847 1637 879 cito
1648 846 1729 879 flec-

1030 900 1114 931 titur
1128 900 1171 931 ab
1187 910 1300 935 onere,
1317 899 1377 931 sed
1394 899 1526 930 directa
1549 902 1727 939 permanet

1029 950 1064 982 in
1090 951 1360 992 contignatione.
1404 950 1472 982 Sed
1491 959 1541 985 ea,
1560 949 1648 990 quod
1669 949 1726 979 lia-

1030 1000 1089 1033 bet
1115 1001 1149 1032 in
1177 1011 1213 1033 se
1238 1002 1313 1042 plus
1340 1001 1474 1039 caloris,
1511 1004 1668 1040 procreat
1691 1005 1725 1029 et

1030 1052 1091 1083 alit
1122 1052 1304 1091 tarmitem‚
1339 1051 1382 1082 ab
1424 1060 1533 1092 eoque
1564 1049 1726 1081 vitiatur.‘

1028 1104 1170 1135 Plautus
1192 1102 1405 1134 Mostellaria
1431 1101 1474 1132 de
1502 1100 1656 1141 postibus
1682 1100 1728 1130 lo-

1028 1155 1167 1196 quitur:
1199 1154 1209 1170 ‘
1228 1154 1354 1185 Hercle
1384 1153 1464 1193 quin
1497 1152 1638 1182 multum
1669 1150 1727 1180 im·

1028 1205 1204 1245 probiores
1221 1210 1311 1244 sunt,
1338 1212 1438 1244 quam
1455 1212 1475 1232 a
1491 1202 1597 1242 primo
1619 1201 1726 1232 credi-

1026 1254 1073 1286 di.
1118 1254 1361 1297 Quapropter?
1382 1253 1471 1285 Quia
1487 1252 1609 1292 edepol
1627 1250 1725 1281 ambo

1026 1306 1067 1337 ab
1084 1305 1196 1337 infimo
1213 1312 1337 1336 tarmes
1351 1302 1470 1335 secat.’
1501 1302 1541 1333 Iu
1558 1301 1727 1336 Vitruvio,

1027 1362 1065 1388 ut
1091 1357 1124 1387 id
1153 1357 1364 1389 admoneam,
1392 1364 1453 1395 pro
1476 1356 1589 1383 natura
1614 1361 1728 1389 rerum,

1027 1407 1279 1440 emendavimus
1324 1410 1526 1437 naturarum.-
1570 1412 1613 1433 ne
1652 1402 1726 1443 quis

1027 1458 1118 1490 forte
1135 1458 1307 1489 studiosus
1332 1456 1476 1487 Vitruvii
1494 1455 1602 1485 lector
1617 1452 1648 1484 id
1667 1453 1726 1483 mi-

1028 1514 1134 1540 retur.
1180 1509 1237 1539 Sic
1266 1508 1366 1548 paulo
1389 1506 1544 1546 superius
1571 1504 1659 1534 idem
1677 1513 1727 1533 er-

1029 1570 1106 1591 ror:
1130 1561 1248 1591 easdem
1270 1559 1381 1589 liabent
1406 1558 1488 1587 inter
1505 1564 1537 1585 se
1552 1557 1664 1585 natura
1678 1563 1726 1582 re-

1026 1620 1095 1641 rum
1123 1610 1314 1647 similantes,
1345 1618 1405 1648 pro
1432 1611 1625 1637 naturarum.
1669 1604 1726 1634 Ita

1027 1661 1130 1692 etiam
1145 1659 1340 1691 emendabis
1359 1658 1416 1689 lib.
1432 1666 1487 1688 ιιι.
1514 1656 1546 1686 in
1569 1654 1635 1685 fine
1652 1663 1728 1694 pro—

1028 1712 1138 1743 oemii:
1163 1716 1170 1728 ¹
1189 1710 1231 1741 de
1253 1709 1406 1747 materia,
1430 1717 1511 1748 quas
1539 1706 1664 1737 habeat
1691 1705 1725 1735 in

1027 1761 1186 1802 operibus
1200 1761 1380 1799 utilitates,
1396 1763 1431 1790 et
1453 1756 1574 1798 quibus
1591 1755 1726 1786 virtuti-

1028 1812 1089 1843 bus
1105 1821 1123 1843 e
1147 1817 1268 1843 natura
1297 1819 1408 1841 rerum
1434 1813 1488 1840 est
1517 1811 1725 1847 comparata,

1027 1860 1165 1904 peregi.'
1207 1861 1405 1902 Legendum
1430 1859 1537 1890 enim:
1572 1861 1603 1888 et
1617 1857 1727 1897 quibus

1025 1913 1194 1944 virtutibus
1236 1916 1418 1943 naturarum
1460 1912 1505 1940 est
1539 1910 1726 1948 comparata.

1029 1964 1225 1995 Naturarum
1240 1964 1376 1994 virtutes
1404 1966 1514 1999 vocat,
1529 1968 1612 2000 quas
1627 1966 1727 1998 supra

1027 2017 1209 2044 naturarum
1223 2015 1402 2052 potestates.
1425 2010 1499 2042 JOS.
1515 2008 1604 2039 Scal.

1073 2062 1214 2101 Tarmes]
1226 2060 1370 2098 Teredo,
1379 2060 1504 2091 Graece
1517 2057 1596 2097 θρίᾲ.
1610 2057 1725 2088 Plant.

1029 2113 1166 2144 Mostel.
1181 2116 1247 2143 act.
1265 2120 1320 2142 ιιι.
1335 2119 1382 2140 sc.
1397 2111 1428 2140 2.
1444 2108 1485 2138 de
1501 2107 1654 2148 postibus
1679 2107 1725 2137 lo—

1027 2162 1165 2204 quitur:
1203 2166 1211 2179 ‘
1227 2161 1302 2193 ΤΗ.
1325 2160 1467 2197 Hercle,
1485 2158 1565 2199 quin
1582 2158 1724 2188 multum

1027 2211 1247 2253 improbiores
1275 2215 1354 2241 sunt
1378 2219 1477 2250 quam
1495 2218 1514 2239 a
1530 2208 1637 2248 primo
1652 2217 1724 2239 cre-

1027 2262 1109 2296 didi.
1151 2263 1215 2293 ΤΒ.
1250 2260 1489 2301 Quapropter?
1532 2259 1600 2290 Tn.
1635 2258 1724 2291 Quia

1027 2313 1148 2354 edepol
1166 2312 1264 2344 ambo
1281 2311 1323 2342 ab
1341 2309 1454 2341 infimo
1473 2315 1595 2340 tarmes
1609 2308 1728 2339 secat.'

1026 2363 1109 2394 Dac.

1070 2415 1079 2434 ²
1101 2413 1239 2453 Tarpeiae
1263 2411 1372 2451 etiam]
1407 2412 1459 2442 De
1484 2409 1632 2450 Tarpeia
1658 2408 1725 2439 vir-

1027 2465 1104 2506 gine
1121 2464 1248 2504 Livius‚
1265 2464 1398 2501 Florus,
1414 2464 1477 2493 &c.
1514 2460 1603 2491 Vide
1619 2462 1628 2478 ‘
1642 2460 1723 2491 Sax—

1028 2529 1081 2550 um
1097 2515 1301 2558 Tarpeium.’
1344 2514 1435 2546 Illud
1452 2514 1545 2545 etiam
1562 2523 1580 2544 a
1594 2513 1723 2553 superi-

1027 2569 1139 2600 oribus
1155 2567 1341 2608 pendebat3
1359 2575 1433 2596 nam
1446 2565 1518 2595 liaec
1535 2563 1567 2593 in
1581 2561 1722 2593 Schedis

1028 2623 1105 2660 post
1121 2621 1130 2636 ‘
1145 2617 1340 2659 Tarquitias
1352 2614 1478 2647 scalas’
1491 2612 1600 2655 posita
1613 2615 1722 2643 eraut.

1029 2669 1128 2701 Idem.
