1876 3025
295 160 406 200 1018
525 169 659 200 FESTI
696 171 757 199 DE
794 170 937 199 VERE.
967 168 1146 199 SIGNJF.
1180 170 1272 200 Lm.
1305 170 1419 200 xxx.
1454 171 1544 201 xx.

298 264 540 306 Uxoriumc
570 265 834 318 pependisse
856 264 1029 314 dicitur,
1063 265 1152 317 qui,
1184 265 1303 318 quod
1331 278 1513 306 uxorem
1563 266 1740 318 [PAUL.

354 346 443 374 non
464 333 682 382 habuerit,
715 345 778 373 aes
799 332 963 386 populo
983 331 1113 372 dedit.

953 463 1094 495 NOTAE

340 545 352 559 C
380 538 546 578 Uoeorium]
575 538 722 577 Ἀ-γαμίου
744 537 824 576 δίκη,
852 537 994 568 Atheni·
1049 534 1213 569 duitatis.'
1236 539 1293 570 Sic
1308 538 1396 579 apud
1408 538 1745 571 Atlieniensesmulc-

298 591 452 622 ensibus:
479 589 558 621 alibi
584 590 701 629 etiam,
725 590 788 620 hoc
811 593 874 628 est,
893 589 995 619 Lace·
1051 593 1086 618 ta
1116 587 1246 618 indicta
1273 590 1306 619 in
1337 598 1394 619 eos
1426 589 1483 629 qui
1513 598 1648 620 uxorem
1680 600 1745 620 non

298 643 462 677 (nemone,
478 640 653 681 ὀψιγαμίου,
669 640 719 671 καὶ
734 639 937 679 κακογαμίου,
950 649 995 671 aes
1050 638 1232 677 duxerant,
1259 649 1334 680 quae
1363 639 1494 678 ἀγαμίου
1521 639 1598 677 δίκη.
1645 641 1746 680 Apud

299 703 408 732 poeuae
425 694 558 723 nomine
576 703 594 723 a
611 692 784 723 caelibibus
802 692 900 732 primi
919 700 996 722 exe·
1050 689 1338 725 Lacedaemonios,
1367 690 1400 720 in
1428 700 1486 721 eos
1513 692 1567 731 qui
1592 692 1644 721 vel
1671 701 1746 721 sero
1802 712 1805 715 -

301 748 435 783 gerunt,
453 748 489 774 ut
506 749 600 783 pulo,
616 743 666 773 M.
685 743 802 773 Furius
823 742 996 782 Camillus,
1051 740 1104 770 vel
1139 739 1227 770 male
1257 745 1455 780 nupserant,
1483 750 1557 780 quae
1584 739 1748 779 ὀψιγαμίου

300 800 336 824 et
353 795 401 825 M.
416 794 611 824 Postumius
627 802 785 824 censores
799 802 885 824 auno
898 793 940 824 ab
951 794 995 824 U.
1049 788 1099 820 καὶ
1125 788 1317 827 κακογαμίου
1337 789 1405 826 δίκη
1424 789 1613 821 dicebatur.
1658 792 1746 822 Vide

303 846 341 876 C.
357 848 430 876 350.
453 846 521 875 Jos.
534 845 618 875 Scal.
1051 841 1238 872 Pollucem.
1284 841 1384 880 Apud
1401 841 1564 872 Romanos
1580 847 1692 872 autem
1711 843 1747 872 il-

350 896 515 935 Uxorium]
538 895 585 926 Ut
605 895 771 931 vidurium,
795 904 841 925 aes
865 893 952 934 quod
978 904 997 924 a
1051 891 1111 922 lud
1142 901 1187 922 aes
1213 891 1310 931 primi
1338 897 1525 931 exegerunt
1553 892 1602 922 M.
1630 893 1748 922 Furius

303 946 412 975 viduis
426 944 650 985 pendebatur.
667 944 780 975 Gloss.
792 944 800 960 ‘
813 944 1008 981 viduvium,·
1054 943 1215 974 Camillus
1234 947 1270 972 et
1292 942 1343 972 M.
1365 942 1560 974 Postumius
1584 943 1749 974 Censores

302 996 470 1034 πρόστιμον
484 994 633 1036 χηρείας,’
652 995 684 1026 id
699 1000 761 1031 est,
785 994 794 1011 ‘
811 995 935 1026 mulcta
953 995 997 1026 vi-
1054 1004 1133 1025 ann.
1151 994 1194 1025 U.
1212 995 1285 1025 350.
1310 993 1391 1025 Dae.
