1876 3025
652 157 1015 189 FRAGMENTUM.
1448 141 1560 183 1033

107 264 276 308 cuntur,
294 257 457 311 quibus
481 268 636 296 manus
660 258 762 295 sunt
782 253 918 294 lautae
943 249 1136 305 perinde,
1156 251 1202 288 ut
1224 247 1386 301 quibus
1408 246 1561 299 pedes,

107 327 332 382 pelluviae.
395 324 641 365 Maximum
674 323 914 363 Praetorem
931 325 946 348 ‘¹
968 319 1055 360 dici
1077 319 1235 371 putant
1256 315 1330 356 alii
1354 327 1468 362 eum,
1487 313 1563 366 qui

107 395 288 436 maximi
312 393 466 446 imperi
484 393 564 442 sit3
586 391 677 440 alii,
694 390 825 443 quia³
844 388 991 429 aetatis
1009 386 1215 426 maximae
1232 396 1243 421 t
1277 396 1359 436 pro
1375 381 1562 433 collegio

107 463 287 516 quidem
327 460 550 513 Augurum
589 458 806 499 decretum
838 462 919 506 est,
952 454 1068 509 quod
1106 455 1148 494 in
1179 452 1349 494 Salutis
1381 448 1562 501 augurio

109 530 330 571 Praetores
352 527 541 581 majores
563 531 607 567 et
636 527 827 566 minores
861 523 1168 577 appellantur3
1191 533 1276 560 non
1296 518 1351 559 ad
1375 521 1562 563 aetatem,

110 598 188 638 sed
211 597 267 637 ad
286 596 371 637 vim
396 595 564 648 imperii
586 594 819 647 pertinere.
882 592 1043 632 Mortis
1072 602 1209 631 causa
1229 586 1461 640 stipulatio
1484 597 1563 624 ex-

107 666 330 706 istimatur
350 663 455 712 fieri,
478 668 524 704 ut
545 663 609 703 ait
632 661 855 702 Antistius
878 660 1046 708 Labeo,
1069 670 1171 711 quae
1196 657 1257 696 ita
1277 654 1338 704 fit,
1359 658 1409 693 ut
1430 656 1563 692 morte

107 733 387 788 promissoris
409 730 700 778 confirmetur,
718 734 806 778 aut,
828 733 879 768 ut
901 726 1081 780 quidam
1103 726 1323 771 dixerunt,
1347 720 1473 775 cujus
1488 720 1566 759 sti·

108 801 347 855 pulationis
380 813 499 839 mors
527 799 608 838 fuit
646 811 800 838 causa.
862 794 1131 848 Marspedis,
1156 794 1248 833 sive
1272 791 1365 830 sine
1388 803 1409 828 r
1436 789 1564 828 litera

108 868 333 922 maspedis
368 867 670 920 imprecaticie
710 865 840 905 solita
870 863 1081 904 vallium4
1117 860 1223 914 quid
1256 858 1485 911 significet,
1507 869 1563 896 ne

109 935 309 976 Messala
331 935 510 988 quidem
530 933 682 988 Augur
710 934 752 973 in
785 931 1104 986 explanatione
1134 928 1413 981 auguriorum
1436 937 1564 978 repe-

107 1004 189 1045 rire
223 1016 268 1043 se
304 1003 508 1056 potuisse
547 1003 624 1043 ait.
686 1001 899 1056 Majorem
922 998 1153 1040 consulem
1180 996 1232 1037 L.
1265 994 1417 1036 Caesar
1438 996 1566 1046 putat

107 1071 196 1112 dici
217 1072 289 1112 vel
324 1084 437 1120 eum,
472 1083 608 1124 penes
644 1082 772 1124 quem
801 1069 951 1109 fasces
983 1068 1085 1116 sint,
1106 1064 1175 1105 vel
1205 1076 1318 1111 eum,
1341 1061 1416 1114 qui
1444 1061 1565 1114 prior

106 1138 254 1180 iactus
281 1140 350 1179 sit.
412 1138 652 1179 Praetorem
674 1142 821 1177 autem
844 1134 1067 1188 majorem,
1090 1132 1320 1173 Urbanum
1341 1143 1350 1167 :
1378 1129 1564 1170 minores

108 1206 202 1259 [10]
221 1210 406 1247 ceteros.
438 1204 684 1246 Mendicum
698 1203 778 1244 clici
794 1200 959 1242 Verrius
972 1207 1099 1255 putat
1113 1213 1138 1238 α
1155 1204 1281 1238 mente
1299 1196 1412 1250 ejus,
1432 1208 1563 1249 quam

108 1272 460 1329 fefellitsortuna,
481 1273 546 1313 vel
564 1271 674 1328 quod
687 1277 877 1325 precetur
898 1282 1092 1324 quemque
1112 1272 1159 1308 ut
1181 1267 1286 1306 vitae
1303 1278 1389 1304 suce
1408 1261 1566 1302 medea-

111 1348 180 1381 tur
200 1341 298 1383 cibo.
361 1339 506 1381 Mater
528 1339 720 1390 Matuta,
752 1338 909 1388 manis,
940 1350 1070 1385 mane,
1096 1331 1415 1381 matrimonium,
1439 1336 1567 1370 mater

96 1408 291 1465 familiae,
315 1416 566 1459 matertera,
600 1407 799 1455 matrices,
833 1404 1011 1445 mater-ise
1040 1402 1156 1443 dicta:
1188 1400 1395 1449 videntur,
1429 1403 1475 1439 ut
1508 1398 1567 1438 ait

113 1476 308 1527 Verrius,
331 1477 428 1532 quia
445 1477 526 1517 sint
549 1476 678 1516 bona:
699 1474 841 1530 qualia
864 1472 1013 1513 scilicet
1033 1472 1131 1520 sint,
1149 1483 1248 1524 quae
1263 1474 1356 1508 sunt
1373 1473 1535 1507 matura
1554 1480 1565 1503 .-

112 1545 179 1585 vel
197 1545 336 1600 potius
359 1560 382 1585 a
407 1551 549 1590 matre,
583 1558 683 1598 quae
712 1549 780 1584 est
817 1541 990 1596 originis
1015 1538 1182 1588 Grcecce„
1212 1535 1346 1590 μήτηρ.
1409 1532 1566 1573 ῙῑῙοᾱοΓ

111 1613 319 1667 quodam,
340 1613 384 1654 id
405 1619 476 1661 est,
501 1612 672 1661 ratione,
693 1611 887 1651 dicuntur
917 1609 996 1648 ista
1023 1605 1173 1655 omnia,
1199 1620 1222 1644 (1
1246 1603 1359 1643 modo
1379 1603 1427 1643 fit
1448 1613 1566 1641 com—

110 1681 311 1729 moditas,
333 1679 573 1728 commodus,
591 1678 828 1728 commodat,
852 1676 1141 1724 accommodat,
1159 1672 1338 1720 modice,
1359 1667 1568 1717 modestia,

111 1747 349 1797 moderatio,
378 1746 651 1787 modificatio.

170 1817 357 1857 Naenias
389 1822 457 1856 est
484 1828 659 1863 carmen,
682 1812 793 1868 quod
812 1810 1018 1867 infzmere
1040 1806 1238 1849 laudandi
1259 1805 1397 1859 gratia
1416 1809 1565 1844 canta-

112 1890 181 1923 tur
202 1883 258 1923 ad
277 1883 446 1924 tibiam.-
477 1881 586 1937 quod
600 1880 842 1922 vocabulum
861 1878 1076 1934 Afranius
1091 1877 1132 1916 in
1153 1872 1392 1916 Mater-teris
1405 1870 1537 1925 posuit
1555 1885 1566 1908 :

115 1950 305 1992 Noem'am
324 1959 460 1991 autem
488 1951 594 1991 inter
616 1951 831 2003 exsequias
851 1945 1146 1989 cantitabam.-
1176 1949 1270 1983 snnt
1292 1940 1361 1998 qui
1382 1955 1424 1980 eo
1446 1937 1564 1979 verbo

716 2088 951 2100 eeeeeeeeeee

157 2185 175 2213 3
201 2182 223 2213 f.
241 2182 369 2222 quie—4
395 2180 416 2212 f.
433 2181 466 2211 in
481 2180 658 2221 precatione
671 2178 903 2210 solitaurilium.

763 2297 906 2329 NOTAE

156 2383 170 2403 ‘³
195 2377 371 2407 Maximum
394 2375 583 2415 Proetorem]
608 2374 722 2405 Livius
753 2373 811 2404 lib.
863 2373 960 2411 tione,
978 2371 1124 2401 dicuntur
1139 2367 1243 2398 omnia
1258 2367 1331 2405 isla,
1356 2364 1565 2403 commoditas,

115 2437 181 2459 vn.
200 2429 208 2444 ‘
224 2428 295 2458 Lex
318 2432 454 2456 vetusta
468 2429 531 2464 est,
558 2425 742 2465 priscisque
774 2425 813 2454 li-
864 2425 916 2462 &a
943 2422 990 2451 ita
1008 2427 1089 2461 puto
1106 2419 1210 2449 fuisse
1226 2417 1388 2456 scriptum
1402 2417 1433 2446 in
1451 2424 1564 2445 exem-

113 2479 195 2508 teris
219 2477 397 2516 verbisque
421 2477 560 2515 scripta,
582 2481 618 2505 ut
647 2475 701 2515 qni
721 2475 811 2505 Prae-
864 2472 962 2512 plari.

113 2533 168 2559 tor
185 2527 348 2558 maximus
367 2527 422 2564 sit,
438 2526 529 2557 Idib.
553 2526 727 2566 Septemb.
745 2526 812 2556 cla·
908 2528 918 2543 ⁵
943 2519 1074 2559 Noenia]
1116 2518 1344 2550 Glossarium:
1408 2520 1414 2532 ¹
1430 2514 1566 2553 Narnia,

113 2588 191 2609 vum
209 2577 358 2618 pangat)
395 2577 483 2607 Vide
500 2585 599 2616 supra
626 2578 657 2606 in
676 2580 683 2592 ⁴
700 2576 813 2615 Major
866 2572 1027 2612 ἐπιτάφιος
1051 2569 1133 2606 ὠδή.’
1179 2570 1265 2602 Quae
1295 2569 1327 2598 in
1356 2566 1421 2596 fine
1439 2566 1564 2596 Graeca

115 2639 171 2660 cos
186 2628 209 2659 :'
225 2634 259 2658 et
276 2629 416 2658 sueton.
432 2627 463 2657 in
481 2627 647 2667 Augusto,
661 2626 702 2657 de
717 2628 812 2657 Salu-
866 2625 982 2662 verba,
1001 2621 1110 2653 νέατον
1125 2625 1160 2652 et
1177 2621 1267 2657 νήτη,
1284 2617 1398 2648 addita
1416 2621 1506 2655 sunt,
1524 2624 1564 2645 ea

118 2680 161 2711 tis
179 2679 329 2718 augurio.
866 2676 899 2706 in
917 2673 1102 2713 exemplari
1120 2672 1164 2701 ita
1188 2671 1287 2711 plane
1308 2669 1478 2707 leguntur,
1502 2674 1561 2695 noe>

158 2737 169 2752 r
192 2731 303 2771 Modo]
324 2729 354 2761 A
374 2729 458 2760 modo
474 2730 615 2770 quodam,
633 2729 665 2760 id
686 2731 743 2765 est,
759 2737 811 2758 ra·
868 2732 937 2758 tum
951 2730 1063 2757 autem
1080 2721 1157 2761 νήτη
1171 2720 1251 2764 quid
1268 2719 1322 2750 sit,²
