1876 3025
274 199 337 230 DE
370 195 646 228 VERBORUM
680 192 1090 224 SlGNlFchTloNF.
1125 192 1220 222 LIB.
1252 190 1401 222 xvlll.

1487 178 1572 220 963

121 296 285 346 Taxat‚
307 299 350 336 et
370 294 541 336 taxatio
562 306 589 334 a
610 291 745 332 verbo
771 294 905 343 tango
927 289 1153 330 dicuntur:
1184 286 1296 328 unde
1318 291 1362 327 et
1391 286 1572 340 [PAUL.

178 368 453 406 taxatores-a
470 360 661 403 scenicis
681 359 903 408 dicuntur,
923 357 1029 411 quia
1051 356 1307 397 alterutrum
1325 353 1574 396 maledictis

179 437 378 485 tangunt.

122 496 417 541 TEGILLUMi
438 495 808 539 cuculliunculum
823 499 859 518 20
880 507 937 535 ex
958 493 1102 547 scirpo
1123 491 1301 532 factum.
1356 490 1575 531 Plautus:

179 567 399 620 Tegillum
420 567 526 608 mihi
548 569 653 614 aret,
674 564 719 605 id
743 565 781 605 si
802 564 885 614 viS‚
909 563 1042 604 dabo.

123 632 261 676 Telak
293 634 470 688 proprie
491 634 580 674 dici
600 632 800 674 videntur
825 644 894 681 ea,
918 644 1020 684 quae
1040 627 1231 669 missilia
1252 631 1378 667 sunt:
1410 624 1577 678 [Fsss‘r.

183 716 242 743 ex
264 702 425 744 Graeco
449 702 653 743 videlicet
672 713 823 740 eorum
845 698 1037 747 nomine,
1059 695 1167 750 quia
1187 695 1253 735 illi
1275 691 1421 742 τηλόθεν
1442 692 1579 732 missa

184 770 350 821 dicunt,
373 784 472 824 quae
494 783 575 810 nos
595 769 791 810 eminus:
821 767 938 807 sicut
959 779 1079 807 arma
1099 778 1166 812 ea,
1188 775 1288 816 quae
1312 761 1367 801 ab
1387 759 1579 800 humeris

184 839 483 892 dependentia
514 838 749 879 retinentur
769 836 988 885 manibus,
1015 829 1369 888 quandoquidem
1391 841 1479 868 non
1502 828 1580 866 mi-

185 919 268 947 nus
299 907 340 947 in
370 906 498 947 nobis
520 918 617 946 eam
641 906 809 957 partem
832 903 1029 956 corporis
1049 912 1217 941 armum
1238 896 1403 946 vocari,
1425 895 1580 936 existi-

184 974 388 1014 mandum
413 978 511 1015 est.¹
529 971 537 994 ¹

128 1041 407 1092 Temerare,m
429 1042 594 1083 violare
615 1054 756 1091 sacra,
787 1044 830 1082 et
860 1037 1175 1086 contaminare,
1203 1034 1370 1075 dictum
1400 1030 1580 1085 [PAUL.

185 1111 398 1152 videlicet
419 1124 446 1151 a
472 1110 732 1152 temeritate.

129 1178 377 1229 Temetum,
401 1179 569 1220 vinum:
600 1178 713 1220 unde
734 1177 1012 1224 temulentus,
1033 1179 1076 1215 et
1098 1169 1361 1214 temulentia.

130 1246 394 1297 Temetum,‘¹
428 1247 593 1289 vinum.

662 1247 850 1288 Plautus
883 1246 927 1286 in
965 1241 1226 1284 Aulularia:
1261 1237 1384 1289 Qui?
1416 1235 1583 1290 [Fsssv.

738 1353 977 1368 eteeoeeeaeooe

174 1436 215 1465 20
239 1434 320 1465 Vet.
337 1434 395 1465 lib.
412 1435 524 1465 cuculli
538 1434 765 1466 vinculum—l
792 1434 871 1465 Vet.
890 1432 950 1465 lib.
966 1435 1013 1463 est
1028 1439 1117 1471 quarn
1133 1438 1231 1459 arma.

789 1531 929 1565 NOTAE

135 1607 184 1634 re,
201 1602 238 1628 ut
253 1598 308 1628 ille
328 1598 487 1639 princeps
500 1608 598 1639 quam
612 1599 758 1629 maxime
776 1607 834 1628 ex-

133 1648 262 1678 cellat.'
301 1649 379 1679 Non
397 1649 501 1689 igitur
517 1650 603 1679 male
619 1648 737 1680 dieunt
753 1649 832 1679 Sce-

136 1699 367 1729 niciScenicis
381 1709 456 1730 cum
469 1709 527 1730 eos
544 1702 656 1730 taxant
670 1710 680 1730 .·
697 1698 755 1730 sed
774 1708 832 1729 eos

137 1749 179 1779 ad
210 1758 321 1780 scenae
347 1759 486 1780 munera
513 1750 645 1788 dignius
679 1749 834 1779 obeunda

136 1804 327 1840 opportune
356 1810 394 1830 ac
426 1801 576 1831 scienter
598 1800 778 1840 designant
799 1805 833 1830 et

134 1850 305 1881 ordinant.
344 1850 482 1889 Paulus,
498 1851 555 1891 qui
571 1851 643 1881 haec
656 1860 720 1881 non
736 1850 837 1882 intel-

136 1900 282 1940 ligebat,
294 1899 477 1930 lectionem
495 1900 649 1931 mutavit.
666 1901 764 1931 Idem.

184 1949 191 1969 ἰ
214 1950 382 1991 Tegillum]
406 1951 522 1981 Plaut.
539 1951 570 1981 in
590 1951 724 1982 Ruden.
746 1949 837 1982 ‘Te-

137 2000 253 2039 gillum
267 2001 331 2032 eho
345 2001 423 2031 illud
438 2001 517 2031 mihi
531 2011 631 2032 unum
642 2001 835 2042 arescit,id,

139 2050 165 2080 si
186 2051 247 2088 vis,
262 2050 362 2081 dabo.
401 2051 528 2082 Eodem
546 2053 704 2090 amictus,
722 2057 836 2083 tectus

140 2101 260 2132 eodem
279 2111 354 2132 esse
368 2103 473 2140 soleo,
491 2102 515 2132 si
526 2102 636 2142 pluit.'
658 2102 736 2133 Ant.
750 2103 836 2142 Aug.

184 2151 351 2191 Tegillum]
365 2153 474 2182 Varro
486 2153 575 2192 apud
591 2152 752 2190 Nonium,
765 2153 836 2193 ‘ju-

140 2211 222 2242 gens
239 2206 274 2232 et
300 2202 441 2233 volitans
465 2203 587 2233 miluus
605 2203 648 2234 ob
672 2213 794 2244 aquam
818 2213 837 2234 e

139 2253 283 2283 nubibus
302 2259 423 2284 tortam
448 2253 577 2284 indicat
597 2252 669 2284 fore
686 2258 723 2284 ut
740 2254 838 2294 tegil-

140 2303 207 2333 lum
226 2307 341 2343 pastor
354 2303 416 2334 sibi
433 2303 565 2334 sumat-⁹
610 2303 641 2334 A
655 2307 780 2341 tectum,
793 2307 838 2335 te-

139 2355 258 2392 gulum,
280 2355 431 2393 tegulum.
477 2354 596 2385 Genus
612 2355 715 2385 vestis
732 2365 750 2385 a
772 2360 838 2385 ter-

143 2413 185 2445 go
212 2404 404 2444 pendentis,
417 2415 483 2445 qua
512 2410 617 2444 caput
643 2405 766 2445 pluviae
798 2415 837 2436 ac

142 2455 358 2493 tempestatis
387 2464 488 2485 eausa
515 2455 707 2495 tegebatur.
752 2456 838 2488 Quae

146 2509 181 2534 et
217 2505 353 2541 cuculus,
389 2505 530 2544 cucullio,
577 2506 839 2537 cuculliunculus:

144 2554 230 2584 male
257 2554 290 2584 in
310 2554 376 2584 Ms.
422 2556 544 2586 Cuculli
566 2556 730 2587 vinculum.
775 2557 838 2587 Lo-

146 2613 205 2634 cus
222 2604 337 2634 Plauti
354 2609 406 2634 est
422 2615 463 2634 ex
481 2605 638 2637 Rudente
654 2612 720 2637 act.
738 2616 777 2639 n.
792 2617 839 2638 sc.

144 2656 177 2684 7.
214 2653 396 2693 ‘Tegillum
440 2655 582 2686 ecciuud
621 2656 701 2686 mihi
738 2666 839 2687 unum

148 2704 284 2739 arescit,
308 2704 342 2735 id
360 2705 387 2735 si
413 2705 461 2735 vis
479 2704 588 2736 dabo.'
632 2706 701 2737 Sed
729 2708 840 2747 potius

147 2756 287 2794 regillum
304 2760 356 2787 est
372 2765 390 2786 a
406 2756 570 2796 tegetibus,
583 2758 671 2799 quod
685 2767 703 2789 e
718 2758 841 2799 scirpo,

884 1594 1028 1637 palustri
1065 1592 1172 1624 herba
1208 1589 1320 1627 fieret,
1358 1592 1396 1619 ut
1442 1591 1588 1625 tegetes.

885 1645 1017 1678 Graecis
1039 1644 1142 1684 ψίαθοι
1167 1641 1301 1682 φλόϊναι,
1321 1641 1482 1678 ‘tegetes
1506 1638 1588 1668 scir-

885 1696 981 1737 peae!
1027 1696 1167 1734 Scirpus
1184 1698 1234 1723 est
1250 1690 1359 1731 φλοῦς.
1384 1691 1466 1720 Dae.

930 1745 943 1766 ¹<
971 1745 1058 1786 Tela]
1084 1744 1171 1775 Vide
1189 1740 1324 1774 ‘arma.’
1349 1740 1427 1771 Ant.
1444 1739 1529 1778 Aug.

929 1796 1018 1836 Tela]
1059 1795 1194 1826 Servius
1233 1792 1273 1823 ad
1311 1789 1393 1821 illud
1436 1798 1502 1819 vu.
1534 1787 1590 1818 ΖΕ-

886 1846 979 1878 neid.
1024 1846 1211 1884 ‘Desuper
1239 1840 1378 1873 Alcides
1404 1839 1479 1870 telis
1512 1847 1588 1878 pre-

887 1896 974 1929 mit)
1028 1894 1186 1934 ‘Omne‚¹
1222 1892 1344 1934 iuquit,
1372 1889 1487 1930 ‘quod
1515 1888 1588 1928 jaci

888 1952 1011 1989 potest,
1026 1948 1131 1978 telum
1142 1950 1295 1982 vocatur,
1312 1942 1439 1973 dictum
1457 1938 1518 1970 ἀπὸ
1532 1938 1589 1969 τοῦ

887 1998 1040 2036 τηλόθεν.’
1078 1997 1143 2028 Alii
1160 1997 1253 2027 telum
1269 1993 1312 2025 ab
1329 1992 1468 2032 antiquo
1485 1989 1589 2020 verbo

887 2051 960 2086 telo,
987 2060 1005 2080 a
1034 2058 1099 2090 quo
1132 2047 1265 2087 protelo,
1296 2043 1444 2084 expello,
1475 2040 1590 2081 ejicio.

888 2102 944 2133 De
961 2101 1062 2131 armis
1078 2103 1113 2129 et
1131 2097 1208 2128 telis
1226 2096 1302 2126 vide
1319 2096 1327 2111 ‘
1340 2092 1455 2124 arma.'
1480 2092 1563 2122 Dae.

932 2149 941 2171 ¹
965 2148 1219 2181 Existimandum
1234 2146 1295 2186 est]
1328 2142 1492 2175 Schedae:
1522 2141 1590 2171 Ex-

889 2201 1092 2233 istimandum
1125 2202 1170 2230 est
1209 2206 1299 2237 quam
1317 2215 1430 2226 .....
1446 2191 1590 2223 forsan:

888 2263 981 2293 quam
995 2252 1028 2282 in
1050 2250 1147 2291 equis.
1193 2248 1254 2278 Ait
1271 2256 1344 2277 eam
1368 2250 1502 2285 partem
1520 2251 1591 2273 cor-

890 2303 979 2343 poris
995 2301 1084 2332 uude
1101 2298 1299 2340 dependent
1321 2305 1415 2327 arma
1439 2303 1505 2324 non
1532 2293 1591 2323 mi-

891 2363 951 2384 nus
978 2354 1011 2383 in
1034 2352 1128 2382 uobis
1153 2359 1273 2381 armum
1294 2346 1420 2383 vocari,
1437 2354 1533 2386 quam
1558 2343 1591 2373 in

891 2404 996 2445 equis,
1022 2403 1121 2433 Idem.

932 2462 954 2476 ¹1¹
981 2453 1158 2494 remerare]
1184 2451 1324 2481 Violare
1346 2457 1457 2488 sacra,
1481 2446 1540 2478 sed
1557 2450 1592 2476 et

892 2505 933 2535 ad
962 2505 1028 2535 alia
1045 2503 1244 2533 translatum
1261 2511 1270 2539 ;
1300 2509 1376 2531 nam
1398 2502 1434 2528 et
1448 2496 1592 2533 foedare,

892 2555 1083 2596 inquinare,
1111 2559 1342 2591 corrumpere,
1367 2550 1430 2579 διο.
1474 2547 1592 2577 Teme-

893 2615 968 2637 rare
986 2606 1126 2643 lectum,
1151 2602 1326 2642 virginem,
1351 2598 1467 2630 fluvios
1492 2605 1592 2626 vene-

893 2666 948 2690 no,
964 2657 1028 2686 &c.
1053 2654 1150 2684 Idem.

937 2710 951 2725 ¹³
977 2703 1149 2742 Temetum]
1166 2699 1339 2741 Sequimini
1351 2707 1430 2739 proe.
1453 2697 1504 2727 Mi
1521 2699 1594 2726 nate

894 2766 1028 2796 sequere,
1045 2754 1150 2786 temeti
1164 2753 1255 2784 timor
1266 2762 1276 2781 .·
1309 2749 1394 2781 male
1410 2747 1536 2778 citatur
1551 2745 1593 2776 ab
