1876 3025
262 132 346 173 *710
692 142 840 173 SEXTI
877 142 1078 173 POMPEll
1114 144 1250 174 ruem

318 250 421 278 cra:
454 236 570 277 idem
602 237 832 278 stultorum
867 236 986 277 feriae
1024 238 1318 290 appellantur,
1355 242 1489 289 (ante,
1510 252 1640 292 quam
1663 240 1704 280 in

319 316 415 344 eum
451 303 781 356 commigrarent
815 303 905 344 sere
937 303 1093 343 Sabini
1129 303 1320 344 Curibus
1356 306 1579 346 venientes
1602 310 1707 358 post

324 370 472 411 foedus
494 371 605 411 inter
627 369 865 411 Romulum
886 373 928 410 et
947 368 1166 423 Tatium,)
1181 371 1303 423 quod
1325 371 1504 424 quidem
1526 384 1706 412 suorum

319 437 609 478 fornacalium
643 449 867 478 sacrorum
887 436 1213 489 cognominant,
1235 450 1287 478 eo
1317 438 1597 491 potissimum
1619 451 1707 479 rem

320 503 515 544 divinam
536 503 717 545 faciunt.

265 569 528 620 Quirinalia,
583 570 695 620 dies,
751 584 839 624 quo
875 570 1062 621 Quirino
1112 569 1278 612 fiebant
1329 584 1483 613 sacra:
1529 572 1706 625 [PAUL.

321 636 474 677 eadem
493 641 536 678 et
555 638 790 678 stultorum
808 637 929 678 feriae
952 641 1054 678 sunt
1074 637 1315 690 appellata.

266 703 507 754 Quirinalis
530 704 656 745 collis
678 704 823 745 dictus
853 709 937 755 est,
959 704 1066 758 quia
1098 705 1141 745 in
1179 718 1278 745 eum
1312 705 1709 758 commigraverunt

321 771 476 812 Sabini
498 771 689 812 Curibus
709 772 926 813 venientes
943 786 952 813 :
984 772 1187 826 quamvis
1204 773 1280 814 alii
1301 786 1328 814 a
1350 773 1515 826 templo
1535 771 1709 822 Quirini

324 837 486 878 dictum
508 841 681 891 putent.

268 902 512 953 Quirinalis
553 905 679 945 collis
702 904 717 926 b
758 905 836 958 qui
865 918 975 946 nunc
1007 906 1184 956 dicitur,
1224 907 1329 948 olim
1371 906 1503 959 AEgo·
1545 906 1711 960 [Fsssr.

322 982 406 1010 nus
419 975 443 1000 4*
488 972 796 1025 appellabatur
832 978 946 1023 ante,
986 986 1119 1027 quam
1156 975 1201 1015 in
1236 987 1336 1015 eum
1375 974 1711 1026 commigrarent

320 1035 456 1091 (fere)
473 1037 623 1078 Sabini
648 1038 836 1080 Curibus
856 1040 1080 1081 venientes
1112 1044 1214 1094 post
1244 1040 1393 1081 foedus
1416 1040 1524 1080 inter
1544 1040 1711 1080 Romu·

322 1103 412 1144 lum
433 1108 477 1145 et
497 1104 673 1146 Tatium
693 1106 843 1156 ictum,
865 1119 892 1147 a
912 1120 999 1160 quo
1020 1108 1132 1149 hanc
1167 1107 1513 1162 appellationem
1533 1107 1711 1148 sortitus

321 1174 415 1210 est:
448 1172 649 1224 quamvis
670 1173 918 1215 existiment
938 1174 1133 1228 quidam,
1156 1175 1276 1229 quod
1312 1175 1355 1215 in
1386 1187 1438 1215 eo
1468 1174 1631 1215 sactum
1653 1173 1710 1214 sit

322 1238 534 1291 templum
557 1238 742 1288 Quirino
764 1241 827 1282 ita
848 1241 1028 1283 dictum.

269 1303 509 1354 Quirinalis
542 1310 671 1359 porta
702 1307 837 1358 dicta,
869 1309 962 1350 sive
998 1310 1115 1362 quod
1151 1323 1205 1351 ea
1244 1310 1288 1350 in
1325 1309 1481 1350 collem
1533 1308 1710 1360 [PAUL‚

324 1370 595 1421 Quirinalem
626 1374 727 1424 itur,
762 1376 854 1416 sive
875 1376 993 1430 quod
1016 1377 1214 1430 proxime
1237 1388 1335 1417 eam
1359 1380 1428 1417 est
1450 1375 1622 1426 Quirini
1644 1388 1712 1415 sa·

324 1437 506 1480 cellum.

271 1501 497 1546 Quirinnsc
526 1520 573 1545 ex
593 1504 665 1546 Ιιαε
684 1522 803 1549 causa
828 1507 1030 1549 Romulus
1053 1516 1108 1549 est
1131 1509 1376 1563 appellatus,
1399 1508 1510 1563 quod
1549 1508 1713 1563 [FEST.

323 1572 425 1621 curi,
445 1572 489 1611 id
506 1579 579 1621 est,
600 1572 731 1624 hasta,
748 1582 943 1626 uteretur,
964 1592 988 1616 a
1011 1591 1092 1631 qua
1112 1575 1292 1618 Romani
1313 1591 1355 1617 eo
1380 1576 1533 1616 ›eoncitee
1555 1574 1710 1616 Romu-

325 1637 409 1676 lum
429 1638 757 1691 appellaverunt.

271 1701 500 1746 Quirinalis
517 1713 639 1759 porta
654 1706 671 1728 ‘¹
702 1708 838 1749 eadem
858 1724 944 1765 qua:
966 1717 1002 1751 ec
1033 1710 1197 1751 Collina
1217 1710 1429 1752 dicebatur
1454 1716 1501 1752 ut
1533 1710 1709 1764 legimus

873 1851 1106 1863 eeeeeoneeaee

310 1924 330 1950 4
354 1921 414 1952 Vir
431 1921 522 1953 doct,
539 1922 571 1952 in
590 1932 694 1963 marg.
713 1925 767 1955 ed.
786 1925 873 1956 Scal.
891 1927 978 1966 conj.
997 1928 1135 1965 Agonus.

914 2080 1058 2112 NOTAE

268 2153 356 2184 Vide
388 2159 423 2186 et
449 2155 556 2188 infra:
596 2160 604 2175 ⁴

268 2203 349 2233 Duc.

630 2160 808 2193 stultorum
844 2162 964 2196 feriae:
1021 2165 1108 2196 Vide
1126 2167 1132 2181 ‘
1148 2166 1338 2205 Agonium!
1385 2164 1448 2195 Sed
1466 2168 1542 2203 post
1560 2168 1714 2201 receptos

1020 2216 1182 2254 Quirites,
1213 2216 1244 2245 id
1273 2221 1336 2254 est,
1361 2214 1516 2250 Sabinos,
1542 2212 1715 2247 Quirinum

311 2254 324 2274 b
343 2254 515 2289 Quirinalis
531 2258 630 2298 collis]
646 2260 734 2291 Vide
751 2262 759 2279 ‘
776 2263 965 2303 Agonium.'

269 2303 380 2335 Varro
396 2306 450 2336 lib.
469 2316 520 2337 iv.
544 2309 553 2325 ‘
573 2309 676 2340 Collis
696 2311 891 2354 Quirinalis,
909 2315 964 2346 nbi

269 2353 401 2385 Quirini
420 2354 546 2392 fanum,
571 2359 628 2398 qni
652 2368 671 2389 a
697 2360 890 2402 Curetibus,
906 2365 963 2404 qui

269 2412 344 2433 cum
360 2405 397 2434 T.
412 2406 509 2437 Tatio
533 2408 677 2439 Curibus
704 2419 870 2444 venerunt
898 2415 963 2446 Ro-

268 2463 375 2484 mam:
411 2457 500 2496 quod
537 2457 583 2488 ibi
618 2460 807 2493 habuerunt
837 2470 963 2506 castra,

268 2503 358 2542 quod
390 2507 588 2538 vocabulum
620 2510 879 2550 conjunctarum
914 2524 963 2545 re-

269 2553 404 2591 gionum
442 2557 578 2588 nomina
615 2558 837 2594 obliteravit!
884 2565 962 2595 Ant.

268 2602 353 2641 x1llg.

313 2655 502 2697 Quirinalis]
520 2659 618 2691 Prius
637 2660 814 2694 dicebatur
825 2665 962 2704 Agonus.

1020 2265 1142 2300 dictus,
1169 2266 1240 2296 sive
1267 2275 1285 2295 a
1311 2266 1438 2305 templo
1466 2263 1600 2295 Quirini
1627 2264 1713 2302 qnod

1020 2315 1124 2345 Plebs
1141 2315 1171 2345 ei
1189 2316 1222 2345 in
1246 2316 1367 2345 eoelum
1393 2315 1499 2344 relato
1524 2313 1555 2343 in
1573 2322 1613 2343 eo
1630 2312 1714 2343 colle

1019 2364 1201 2396 dedicavit.
1247 2365 1351 2395 Ovid.
1370 2373 1409 2395 11.
1430 2364 1520 2394 Fast.
1551 2363 1560 2379 ⁴
1576 2363 1715 2402 Templa

1019 2415 1096 2445 Deo
1113 2413 1251 2448 faciunt,
1268 2414 1363 2444 collis
1380 2423 1511 2454 quoquo
1537 2412 1650 2443 dictus
1676 2412 1715 2441 ab

1018 2464 1073 2494 illo
1092 2463 1163 2494 est.’
1188 2464 1268 2494 Dae.

1060 2520 1073 2535 ⁰
1099 2514 1266 2553 Quirinus]
1292 2514 1380 2545 Vide
1404 2516 1412 2531 ‘
1431 2514 1551 2546 Curis.’
1578 2515 1673 2545 Idem.

1060 2567 1073 2585 ‘¹
1092 2566 1266 2601 Quirinalis
1287 2563 1392 2604 portu]
1419 2566 1543 2596 Verum
1562 2571 1615 2595 cst
1632 2565 1715 2594 Por-

1019 2621 1085 2646 tam
1125 2616 1290 2646 Collinam
1326 2621 1360 2645 et
1395 2615 1606 2647 Quirinalem
1641 2623 1715 2644 esse

1018 2676 1116 2697 unam
1147 2673 1181 2696 et
1210 2666 1365 2701 eandem,
1392 2677 1409 2696 a
1433 2666 1518 2696 colle
1547 2664 1714 2697 Quirinali
