1876 3025
285 126 396 167 1104
742 134 891 165 SEXTI
927 134 1131 165 ΡοΜΡΕιι
1166 134 1299 165 FESTJ

819 230 988 272 solitum
1008 235 1074 272 est

284 313 403 341 remo
540 332 550 341 .
671 329 680 339 .
799 330 809 340 .
927 330 936 339 .
1037 297 1280 339 Retractare
1300 305 1356 339 est
1377 312 1516 339 rursus
1539 304 1733 339 tractare.

286 367 480 409 Rabirius
501 383 525 408 a
547 367 661 408 rabie
691 365 836 417 dictus,
868 366 938 421 qui
965 366 1124 406 morbus
1145 366 1310 406 caninus
1331 373 1401 406 est.
1462 366 1665 407 Catullus
1686 365 1735 405 de

286 435 575 492 Berecynthia,
596 442 633 476 et
654 434 763 476 Atti.
826 433 930 475 Abit
952 434 993 474 in
1015 435 1146 490 quiete
1169 433 1282 475 molli
1303 432 1622 488 rabidusfuror
1643 432 1735 473 ani-

284 504 354 544 mi.
416 503 529 545 Ram·
559 502 717 553 coloris,
752 502 951 543 ravistelli
990 503 1264 557 appellantur
1294 516 1319 542 a
1351 500 1522 552 Plauto,
1554 501 1735 557 quisunt

284 571 537 625 interflavos
559 579 597 612 et
613 572 769 612 caesz'os:
790 585 894 612 ravo
917 572 1000 612 sub
1021 585 1103 612 con
1117 570 1134 595 ⁶

284 642 400 695 quod
430 655 564 694 genus
592 641 816 681 hominum
838 639 1053 694 pessimum
1083 646 1152 679 est.
1214 637 1327 679 Idem
1351 638 1391 678 in
1413 636 1614 693 Epidico.-
1647 637 1735 678 Sed

284 710 384 763 quis
403 710 496 750 haec
519 715 585 750 est
606 707 860 758 muliercula,
883 714 919 747 et
941 706 1010 749 ille
1031 706 1273 753 ravistellus,
1295 707 1366 762 qui
1385 708 1522 748 venit.
1592 705 1736 746 Rates

283 783 483 817 vocantur
500 776 614 832 tigna
639 776 743 816 inter
761 789 800 815 se
821 775 1029 831 colligata,
1047 789 1147 829 quae
1161 789 1237 829 per
1250 788 1408 828 aquam
1428 780 1637 828 agantur.-
1658 764 1735 826 qud

283 844 441 900 quidem
480 842 677 884 vocabulo
719 843 940 885 interdum
979 844 1111 885 etiam
1144 856 1268 883 naves
1305 842 1399 896 ipsae
1438 840 1736 897 significantur.

284 913 492 953 Afranius
513 913 557 953 in
577 912 771 966 epistula
890 942 898 951 .
1019 942 1028 952 .
1163 907 1291 951 Vento
1301 911 1548 963 perculsam
1571 913 1735 949 ratem:

282 982 379 1021 item
397 980 530 1021 eodem
548 980 704 1020 nomine
725 979 1032 1035 significarint⁷
1060 979 1193 1020 etiam
1215 992 1361 1019 remos.
1422 977 1566 1017 Attius
1585 976 1626 1015 in
1652 973 1735 1015 Ne-

283 1050 516 1103 optolemo:
575 1049 682 1102 Atq.
705 1061 785 1101 ego
807 1047 1040 1102 repercutio
1072 1045 1230 1086 ratibus
1254 1061 1364 1087 mare
1382 1062 1394 1086 :
1429 1049 1471 1086 et
1494 1045 1582 1086 alio
1604 1045 1733 1085 loco:

284 1118 370 1158 Sed
389 1118 482 1172 jam
501 1115 740 1172 propellunt
763 1115 973 1157 caeruleum
1005 1120 1120 1157 rates
1152 1116 1308 1156 salum.
1368 1112 1578 1157 Radered
1615 1126 1737 1166 genas

282 1185 451 1225 vetitum
483 1192 539 1225 est
572 1185 612 1225 iu
646 1185 741 1238 lege
778 1195 872 1225 X11.
908 1184 952 1224 id
985 1187 1068 1233 est,
1106 1183 1282 1236 unguib.
1315 1182 1506 1223 scindere.
1567 1179 1736 1222 Rabula

281 1253 439 1294 dicitur
478 1255 519 1294 in
552 1254 699 1294 multis
741 1254 860 1293 intus
876 1252 890 1275 ⁸
930 1251 1121 1304 negotiis,
1157 1258 1375 1306 paratusq.
1408 1249 1464 1291 ad
1496 1249 1735 1291 radendum

283 1321 408 1374 quid,
430 1321 754 1374 auferendumq.
774 1319 847 1360 vel.
858 1326 912 1360 est
934 1327 992 1360 tta
1014 1318 1160 1370 dictus,
1182 1320 1287 1373 quia
1308 1320 1449 1361 acrior
1470 1320 1525 1359 sit
1547 1319 1590 1358 in
1611 1330 1737 1370 nego-

283 1388 351 1429 tiis
371 1387 552 1444 aoeudis,
570 1395 608 1429 et
624 1388 741 1443 quasi
757 1388 965 1429 rabiosus
1597 1413 1607 1423 .
1726 1415 1736 1424 .

282 1456 370 1510 [83]
394 1454 687 1496 Rodusculaua
709 1462 829 1510 porta
850 1454 1010 1495 tidetur
1031 1453 1255 1508 appellata,
1276 1453 1390 1509 quod
1411 1452 1522 1493 rudis
1550 1460 1587 1493 et
1609 1453 1736 1506 impo-

283 1522 357 1564 leta
379 1523 432 1564 sit
455 1524 621 1568 r'·‚·eluta
642 1523 706 1564 vel
726 1523 824 1579 quia
848 1537 925 1564 cere
946 1523 1080 1563 τ’ίηιία
1091 1522 1213 1578 suit:
1249 1537 1342 1562 uam
1364 1536 1428 1572 oeS,
1452 1528 1495 1561 ut
1522 1518 1655 1561 Varro
1676 1520 1736 1560 ait

281 1591 323 1631 in
346 1591 416 1631 lil).
440 1591 756 1647 antiquitatum,
779 1590 932 1632 raudus
954 1590 1165 1631 dicebatur
1181 1606 1193 1630 .·
1210 1597 1330 1644 atque
1349 1603 1393 1630 ex
1412 1604 1455 1630 eo
1472 1588 1553 1629 dici
1569 1589 1611 1628 iu
1625 1602 1737 1628 marz-

283 1658 478 1714 cipamlo‚
499 1657 765 1700 Raudusculo
787 1659 1091 1716 libramserito.
1139 1657 1265 1699 Runa
1281 1673 1407 1713 genus
1429 1658 1516 1698 teli.
1549 1655 1736 1697 Ennius:

282 1736 434 1769 runata
457 1727 620 1777 recedit,
642 1728 687 1768 id
703 1735 775 1778 est,
790 1727 954 1782 pilata:
977 1734 1032 1768 est
1054 1740 1189 1781 genus
1207 1726 1329 1767 etiam

541 1797 656 1838 enim
775 1823 786 1835 .
907 1826 916 1835 .
1035 1827 1043 1835 .
1166 1826 1174 1833 .
1295 1827 1304 1836 .
1377 1807 1435 1840 m,
1458 1799 1606 1846 atque.

669 1863 778 1919 quod
798 1877 959 1905 veneno
982 1862 1192 1918 tingebant

279 1948 346 1975 us.
370 1934 436 1975 M.
537 1965 546 1974 .
668 1964 677 1973 .
797 1962 806 1972 .
923 1962 933 1973 .
1060 1930 1227 1981 Valerio
1290 1961 1299 1971 .

282 1999 458 2041 Rasores
479 2001 846 2055 autiquificliciues
863 1999 1150 2054 appellabant,
1183 1997 1269 2052 qui,
1304 2004 1346 2037 ut
1376 1997 1435 2037 uit
1464 1994 1645 2044 Verrius,
1677 1995 1735 2034 ita

281 2068 480 2122 appellati
501 2068 716 2118 videntur,
738 2070 843 2122 quia
864 2067 1006 2107 radere
1039 2067 1119 2106 ictu
1153 2065 1323 2106 chordas
1355 2065 1573 2105 videantur
1601 2063 1734 2104 artifi-

281 2136 340 2175 cio
361 2136 552 2191 quodam.
614 2135 808 2177 Ratitum
838 2135 1106 2188 quadrantem
1139 2132 1388 2187 Tarquitius
1421 2133 1462 2173 in
1494 2131 1596 2172 libro
1618 2144 1732 2186 quem

281 2202 480 2245 inscribsit
504 2205 551 2245 de
639 2236 648 2245 .
769 2234 778 2242 .
867 2208 912 2243 et
937 2201 1113 2255 Oppius
1128 2207 1144 2233 9
1167 2199 1379 2247 Aurelius,
1401 2199 1552 2240 dictum
1565 2203 1732 2252 putant,

325 2421 345 2448 6
369 2416 394 2449 f.
411 2419 587 2449 colora—7
611 2417 634 2448 f.
652 2417 950 2458 significarunt.—-S
979 2416 1002 2447 f.
1018 2418 1232 2448 intentus.—9
1257 2415 1281 2445 f.
1301 2415 1433 2455 Opilius,

942 2522 1080 2555 NOTAE

326 2599 339 2619 ‘¹
359 2598 496 2639 Radere]
512 2599 650 2629 Servius
666 2599 697 2629 in
717 2608 782 2629 ΧΗ.
802 2599 875 2630 AEn.
896 2602 904 2616 ‘
919 2600 979 2629 Ta·
1037 2604 1112 2630 rent
1140 2597 1275 2637 faciem,
1303 2597 1351 2627 his
1378 2594 1505 2627 verbis:
1532 2595 1656 2626 Mulier
1683 2594 1732 2626 fa-

283 2649 384 2685 men,'
401 2649 891 2690 inquhfscffludum,cautum
906 2650 981 2690 lege
1037 2650 1121 2681 ciem
1154 2658 1196 2679 nc
1225 2647 1379 2689 carpito!
1425 2646 1490 2677 Sed
1520 2652 1601 2687 puto
1627 2645 1733 2677 Servii

287 2703 336 2730 12.
365 2699 566 2740 tabularmn,
595 2710 637 2730 ne
675 2701 833 2732 mulieres
863 2709 980 2741 carpe·
1037 2699 1143 2731 verba
1159 2709 1223 2730 non
1240 2707 1355 2731 carere
1373 2697 1506 2729 mendo.

897 2747 903 2761 ⁴
