1876 3025
321 123 431 164 1146
763 133 913 164 SEXTl
949 132 1152 163 POMPEH
1187 133 1325 163 FESTI

318 235 390 279 set,
431 228 539 284 quod
571 227 730 283 quidem
764 234 857 267 esset
894 241 940 267 ex
969 226 1148 268 sacrifici
1181 228 1404 281 religione.
1471 225 1584 269 Unde
1616 227 1762 268 venisse

319 295 482 336 videtur
496 296 541 336 in
561 295 860 349 proverbium:
885 292 1058 334 Sabinos
1079 293 1215 334 solitos
1228 294 1337 349 quod
1352 295 1509 336 vellent
1525 295 1763 335 somniare:

320 363 389 404 sed
407 362 504 418 quia
523 368 689 416 propter
718 360 961 402 aviditatem
982 361 1160 402 bibendi
1182 360 1368 414 quaeclam
1393 376 1493 402 anus
1519 361 1702 402 mulieres
1720 362 1763 402 id

320 429 537 471 somnium
555 426 804 481 captabant,
833 427 1047 482 vulgatum
1075 434 1131 467 est
1150 427 1260 468 illud
1283 442 1416 482 quoq.
1448 461 1457 470 .
1492 458 1499 467 .
1531 442 1641 470 anus
1659 428 1766 483 quod

320 496 405 536 volt
436 495 634 536 somniat:
669 495 758 535 fere
788 495 901 535 enim
930 493 1049 548 quod
1065 492 1282 548 vigilantes
1304 495 1446 536 animo
1468 496 1700 544 volvimus,
1723 494 1767 534 id

321 561 575 603 dormientib.
592 574 798 615 apparere
820 561 944 602 solet.
1004 560 1213 602 Sambuca
1235 562 1382 617 organi
1397 561 1548 602 dicitur
1567 575 1715 615 genus,
1739 575 1766 603 a

322 643 409 684 quo
431 628 745 682 Sambycz'striae
772 642 892 683 quoq.
924 628 1151 670 dicuntur:
1182 642 1262 683 per
1295 628 1609 670 similitudinem
1643 629 1765 670 etiam

322 711 420 740 eam
454 697 698 738 machinam
737 696 1028 749 appellarunt,
1069 710 1150 750 qua
1193 695 1318 750 [135]
1352 696 1470 737 urbes
1503 702 1766 751 expugnant3

319 778 420 806 nam
453 769 500 805 ut
519 765 563 805 in
585 778 737 819 organo
759 762 927 813 chordae,
954 763 1008 803 sic
1036 763 1077 803 in
1108 764 1304 805 machina
1334 764 1460 805 funes
1486 763 1766 805 intenduntur.

325 831 601 872 Samnitibus
633 844 790 872 nomen
810 830 980 886 factum
1015 830 1067 871 ab
1102 831 1242 881 hastis,
1275 836 1451 885 propter
1476 844 1611 884 genus
1631 830 1767 884 hastae,

323 898 432 954 quod
465 898 598 940 σαυνία
631 899 858 952 appellent
883 897 1033 939 Gran-i.
1068 897 1145 939 alii
1174 898 1290 938 aiant
1320 899 1494 939 Sabinis
1525 912 1623 940 vere
1657 913 1769 940 sacro

323 973 430 1017 voto,
451 966 521 1007 hoc
539 981 666 1020 genus
685 966 910 1006 hominum
932 964 1165 1020 extraflnes
1181 966 1343 1020 ejectum
1362 966 1516 1007 Comio
1540 966 1769 1008 Castronio

324 1033 421 1074 duce
457 1048 662 1088 occupasse
692 1034 859 1083 collem,
892 1034 963 1075 cui
989 1047 1147 1075 nomen
1178 1032 1360 1083 Samnio,
1392 1048 1415 1073 a
1447 1048 1523 1088 quo
1556 1033 1769 1075 Samnites.

329 1099 543 1142 Salariam
565 1102 682 1141 viam
703 1099 876 1155 incipere
897 1100 957 1141 ait
977 1115 1001 1141 α
1018 1107 1161 1154 porta,
1184 1114 1286 1155 quae
1309 1114 1423 1142 nunc
1442 1100 1611 1142 Collina
1633 1115 1657 1141 a
1674 1100 1770 1141 colle

331 1166 542 1211 Quirinali
563 1169 735 1209 dicitur.

330 1234 497 1275 Salaria
513 1243 645 1275 autem
657 1241 875 1289 propterea
890 1236 1217 1290 appellabatur,
1232 1235 1339 1292 quod
1356 1235 1771 1292 impetratumfuerit,

327 1306 377 1343 ut
393 1316 448 1344 ea
469 1304 616 1344 liceret
631 1317 655 1342 a
678 1303 782 1342 mari
804 1303 843 1342 iu
866 1303 1039 1343 Sabinos
1056 1304 1189 1344 salem
1206 1305 1384 1357 portari.

333 1369 500 1410 Salacia
540 1370 646 1410 (licta
680 1377 734 1410 est
762 1369 868 1425 quod
900 1372 1042 1412 salum
1082 1373 1197 1423 ciet;
1230 1372 1417 1425 antiquos
1461 1378 1595 1412 autem
1638 1371 1698 1411 ait
1730 1385 1772 1411 eo

330 1437 551 1478 vocabulo
572 1436 813 1491 poeta-§pro
827 1452 933 1492 aqua
954 1439 1039 1492 ipsa
1057 1453 1144 1478 usos
1162 1453 1254 1478 esse.
1315 1439 1539 1480 Pacuvius
1561 1439 1602 1478 in
1635 1468 1644 1477 .

694 1504 802 1544 Hinc
824 1506 1025 1547 saeviciam
1043 1504 1449 1561 Salaciaefugimus,
1472 1505 1593 1560 laetiq.
1613 1517 1774 1544 munere

331 1572 552 1613 vescimur
579 1572 738 1613 Cereris
755 1589 765 1613 .·
784 1580 871 1627 post
893 1573 1040 1614 condor
1062 1573 1255 1623 thalamo,
1276 1587 1401 1615 nemo
1422 1577 1470 1614 ut
1489 1586 1559 1614 me
1574 1579 1667 1613 tunc
1683 1571 1777 1612 iude

332 1646 451 1694 queat
483 1638 676 1680 abducere
704 1640 943 1681 mortalium
979 1646 1162 1695 saeptem
1189 1642 1335 1681 circum
1370 1654 1502 1680 moero.
1565 1639 1776 1680 Salutaris

332 1712 461 1761 porta
481 1706 693 1760 appellata
716 1715 771 1749 est
784 1708 836 1748 ab
855 1708 934 1749 (cde
958 1708 1135 1759 Salutis,
1153 1710 1272 1763 quod
1295 1710 1334 1749 ei
1363 1708 1672 1763 prorinzasuit:
1703 1705 1780 1746 alii

333 1775 382 1816 ob
409 1776 707 1816 salutationes.
766 1775 988 1817 Vocantur
1009 1775 1239 1831 BIegalesia.
1267 1777 1338 1831 qui
1363 1790 1474 1818 nunc
1495 1776 1600 1824 ludi,
1622 1773 1778 1816 scaeni-

334 1856 409 1884 cos
423 1842 517 1883 olim
537 1841 736 1893 dicebant,
749 1857 850 1899 quos
871 1845 1060 1897 primum
1076 1845 1237 1886 fecisse
1254 1846 1305 1886 C.
1511 1875 1520 1883 .
1637 1875 1647 1884 .
1767 1873 1776 1884 .

332 1911 441 1952 lium
475 1910 541 1951 M.
565 1911 821 1964 Popillium,
854 1912 921 1952 Μ.
942 1910 990 1951 F.
1017 1912 1189 1953 Carales
1211 1913 1410 1960 Aediles,
1447 1911 1668 1952 memoriae
1684 1924 1780 1963 pro·

336 1977 525 2018 diderunt
561 1978 786 2019 historici:
820 1979 1024 2021 solebant
1057 1979 1117 2020 his
1140 1979 1306 2034 prodire
1330 1979 1440 2019 mimi
1466 1980 1509 2019 in
1544 1978 1779 2026 orchestra,

336 2045 438 2085 dum
459 2045 567 2084 intus
588 2044 880 2099 actussahnlae
913 2053 1275 2099 componerentur
1296 2061 1383 2085 cum
1405 2044 1547 2085 versib.
1569 2043 1779 2085 obscenis.

338 2112 475 2154 Salva
513 2114 610 2154 rest
657 2121 728 2163 est,
758 2114 854 2154 clam
894 2121 1031 2154 cantat
1073 2129 1221 2164 senex,
1263 2127 1396 2168 quare
1437 2114 1620 2168 parasiti
1658 2112 1781 2166 [136]

339 2180 564 2233 Apollinis
594 2182 638 2221 in
670 2195 819 2222 scaena
839 2183 1051 2232 dictitent,
1073 2196 1251 2223 causam
1274 2182 1455 2222 Verrius
1478 2182 1520 2221 in
1550 2181 1579 2221 l.
1602 2194 1643 2221 v.
1674 2193 1781 2233 quo-

339 2261 435 2288 rum
476 2250 617 2301 prima
653 2255 721 2290 est
762 2250 798 2290 P
840 2250 981 2300 litera,
1028 2250 1247 2291 reddidit:
1295 2249 1411 2303 quod
1461 2249 1527 2290 (3.Ξ
1570 2247 1782 2301 Sulpicio,

342 2315 412 2355 C.4
451 2316 608 2357 Fulvio
645 2317 747 2358 Cos.
782 2317 845 2358 M.
874 2317 1113 2372 Calpurnio
1148 2317 1307 2358 Pisone
1346 2317 1417 2357 Pr.
1446 2316 1554 2357 Urb.
1589 2315 1779 2357 faciente

932 2436 1127 2449 coelet-‘ee‘
1133 2437 1169 2450 ee

384 2503 415 2531 3.
440 2500 462 2531 f.
487 2501 593 2533 P.-4
616 2501 639 2533 f.
668 2504 705 2535 C.
725 2504 768 2535 N.

996 2594 1026 2625 N
1033 2593 1133 2625 OTAE

474 2668 482 2683 ¹
506 2665 602 2698 Salva
617 2667 679 2708 res]
706 2668 755 2700 De
773 2667 927 2710 parasitis
943 2667 1109 2710 Apollinis
1125 2668 1289 2700 videndus
1312 2668 1495 2700 Athenaeus
1513 2666 1571 2698 lib.
1590 2675 1639 2697 v1.
