1876 3025
310 151 374 181 DE
406 143 677 180 VERBORUM
711 147 1123 179 SIGNIF'IGATIONE
1158 148 1253 177 LIB.
1286 148 1392 178 XVI.

1500 136 1582 179 751

198 245 335 297 gratia
362 246 425 286 ita
441 249 475 274 ¹4
503 244 708 296 figuntur,
746 247 792 284 ut
812 256 866 283 ex
889 241 1109 284 contrario
1131 244 1232 296 'quae
1254 246 1583 295 oppanguntur.

197 313 354 354 Cicero
377 313 421 353 in
436 312 620 354 Verrem
634 313 740 353 libro
762 316 919 365 quarto
942 323 951 348 ε
982 316 1140 364 postea
1154 310 1384 351 convolsis
1401 321 1586 361 repagu-

195 379 263 429 lis,
282 380 564 433 effractisque
585 379 730 420 valvis
751 378 950 419 demoliri
967 378 1153 431 signum,
1173 391 1225 418 ac
1248 377 1446 418 vectibus
1467 375 1587 416 labe—

196 446 355 488 factari
386 452 610 493 conantur,
644 460 746 501 quae
783 446 934 500 poetae
970 445 1185 486 interdum
1214 457 1400 499 repages
1434 442 1588 496 appel-

197 514 304 555 lant.

142 580 377 635 Repagula
408 586 523 632 sunt,
550 596 648 636 quae
672 581 971 635 patefaciendi
993 582 1131 634 gratia
1152 581 1216 634 ita
1237 580 1372 633 figun-
1402 581 1566 635 [PAUL

199 654 286 699 tur,
320 653 369 690 ut
398 663 422 690 e
452 649 670 691 contrario
691 654 1021 703 oppangantur:
1051 648 1146 689 haec
1170 652 1212 689 et
1232 661 1418 702 repages
1441 649 1592 689 dicun-

200 722 283 757 tur.

145 783 352 825 Retanda
368 782 384 807 ¹¹
403 784 605 825 locantur
626 784 869 837 Pomptina
883 788 912 809 ¹⁵
936 783 1128 834 fiumina,
1151 781 1195 823 id
1209 789 1279 833 est,
1294 797 1398 837 pm·-
1426 782 1588 836 [FEsT.

197 851 352 905 ganda,
390 857 482 891 retae
509 850 614 891 enim
645 857 843 891 vocantur
872 850 1048 902 arbores,
1072 865 1158 905 qua:
1177 857 1250 890 aut
1273 863 1318 889 ex
1337 848 1590 904 ripisflami-

200 933 296 958 mrem
317 918 538 967 eminent.†

146 984 448 1040 Repastinarii
479 999 580 1039 ager
614 986 653 1027 is
685 986 858 1036 dicitur,
888 989 937 1027 ut
969 985 1153 1027 Verrius
1187 985 1426 1034 existimat,
1459 983 1589 1038 cujus

768 1116 887 1128 eeeeee

890 1115 987 1128 ,,,,,

191 1206 231 1234 14
253 1203 332 1233 Vet.
346 1202 421 1233 cod.
439 1212 496 1242 qua
513 1202 652 1233 ita—15
672 1202 736 1233 Ed.
754 1201 842 1233 scal.
869 1202 1021 1241 Repamla
1046 1202 1186 1232 locantur
1204 1198 1425 1240 Ροννιρίηιι.-Ὶι
1442 1198 1526 1232 Ead.
1542 1199 1597 1231 ed.

147 1246 290 1286 plenius,
303 1245 471 1286 fluminum
487 1246 631 1280 «statuent,
647 1249 701 1276 aut
724 1246 756 1276 z'n
774 1245 868 1276 alveis
890 1247 1012 1276 extant.

802 1365 948 1399 NOTAE

148 1444 184 1472 ta
196 1441 326 1482 quidem
339 1447 392 1474 est
408 1452 535 1480 earum,
549 1453 630 1485 quas
643 1443 765 1474 Cicero
777 1445 848 1473 tan-

149 1495 219 1522 tum
237 1494 532 1534 conseripsit,110n
549 1495 630 1533 egit.
673 1494 776 1524 Sexta
794 1502 848 1522 ve-

150 1550 187 1571 ro
217 1544 363 1574 omnium
394 1545 528 1576 Verrin.
572 1543 660 1574 Vide
690 1547 697 1560 ‘
712 1542 849 1574 Redivi-

148 1591 251 1624 vum.’
275 1593 350 1624 Ant.
367 1594 452 1633 Aug.

193 1642 370 1683 Repagula]
404 1644 554 1675 Glossae:
592 1645 601 1661 ‘
620 1644 849 1683 Repagxstum,

151 1691 263 1730 κόραξ.’
299 1695 307 1710 ‘
323 1694 513 1734 Repagula,
536 1692 754 1733 καλυπτῆρες.’
778 1694 849 1723 Jos.

152 1742 235 1773 Scal.

197 1795 375 1835 Repagula]
400 1796 486 1827 Quae
513 1799 708 1835 panguntur
736 1798 770 1824 et
798 1803 849 1824 re-

154 1849 360 1882 panguntur.
405 1844 473 1875 Sed
488 1845 575 1884 quod
588 1845 641 1874 hic
653 1845 701 1874 ait
717 1844 850 1883 Festus,

152 1896 187 1922 ut
208 1903 247 1923 ex
270 1894 424 1924 contrario
448 1904 516 1935 ‘1¹⁴ae
541 1898 769 1934 oppanguntur,
786 1902 850 1923 uon

153 1944 233 1973 satis
250 1944 410 1985 intelligo,
426 1945 571 1984 etjuxta
587 1954 640 1975 me
662 1945 850 1982 intelligere

153 1993 303 2032 quemvis
330 1995 429 2024 alium
455 1999 549 2034 puto.
595 1995 729 2034 Nempe
756 1993 850 2025 Festi

153 2042 255 2073 verba
268 2043 385 2074 mutila
398 2049 522 2075 suntet
538 2049 698 2084 corrupta
711 2055 719 2083 ;
735 2045 850 2084 legen-

154 2090 232 2122 dum
248 2093 348 2133 enim,
363 2104 430 2134 quoe
450 2094 661 2134 patefaciundi
684 2095 790 2133 gratia
806 2094 853 2124 ita

144 2140 304 2181 figuntur,
321 2147 354 2173 ut
379 2153 419 2173 ex
438 2144 652 2183 contrarioque
672 2153 851 2183 oppangan-

155 2195 208 2222 tar
222 2197 250 2223 et
267 2197 490 2233 repangantur.
533 2194 632 2225 Seras
649 2194 718 2225 sive
736 2199 852 2225 vectes

153 2240 227 2272 illos
243 2243 417 2283 intelligit,
429 2243 485 2284 qni
502 2243 545 2274 ab
562 2244 724 2274 exteriori
741 2249 852 2285 parte,

154 2290 283 2322 inserto
309 2292 447 2323 brachio
475 2303 536 2333 per
560 2293 711 2324 foramen
726 2294 852 2334 janum,

155 2341 411 2373 adducebantur
435 2348 470 2373 et
490 2343 755 2374 reducebantur.
800 2345 854 2373 Ex

155 2391 322 2431 contrario,
339 2391 371 2421 id
390 2397 453 2432 est,
469 2391 609 2423 deforis.
634 2394 751 2423 Contra
764 2394 853 2424 enim

157 2438 235 2469 nihil
256 2440 344 2470 aliud
370 2446 423 2471 est
441 2451 538 2481 quam
563 2442 724 2482 ἀντίκρυςε
749 2448 785 2473 ut
812 2443 854 2473 de

158 2487 274 2518 Africa
290 2489 377 2520 dixit
389 2491 511 2530 Virgil.
535 2491 545 2508 ⁶
562 2492 696 2522 Italiam
713 2491 856 2523 contra.²

158 2537 212 2567 Ex
227 2539 382 2568 contrario
405 2540 531 2579 optime
549 2541 665 2572 Graeci
689 2541 807 2572 dicunt
824 2542 855 2580 ἐξ

158 2587 306 2618 ἐναντίας.
321 2589 400 2618 Dae.

200 2635 214 2655 ¹¹
238 2637 398 2678 Retanda]
420 2639 508 2669 Gell.
534 2641 593 2672 lib.
621 2651 673 2673 xt.
697 2651 772 2682 cap.
800 2644 854 2672 17.

158 2685 262 2718 refert
280 2687 311 2719 in
325 2687 439 2720 edicto
450 2690 557 2721 veteri
570 2690 745 2732 cujusdam
762 2691 856 2723 Prae-

901 1440 982 1471 toris
1007 1440 1172 1480 scriptum
1195 1439 1321 1471 fnisse:
1346 1438 1355 1455 ‘
1373 1437 1439 1472 Qui
1463 1436 1600 1468 flumina

901 1489 1044 1520 retanda
1062 1489 1196 1530 publice
1213 1489 1392 1528 redempta
1408 1487 1555 1518 liabent:
1573 1486 1601 1516 si

902 1539 977 1580 quis
995 1548 1111 1569 eorum
1129 1538 1169 1569 ad
1186 1548 1238 1569 me
1256 1537 1400 1568 eductus
1414 1535 1530 1575 fuerit,
1545 1534 1600 1576 qui

902 1589 1050 1629 dicatur,
1067 1588 1154 1629 quod
1172 1599 1247 1619 eum
1266 1598 1307 1618 ex
1330 1588 1405 1627 lege
1423 1586 1602 1617 locationis

904 1639 1019 1670 facere
1047 1639 1251 1678 oportuerit,
1278 1647 1344 1668 non
1373 1635 1519 1667 fecisse?
1559 1635 1604 1665 Et

906 1689 995 1729 apud
1022 1688 1138 1719 Caium
1166 1688 1224 1718 lib.
1239 1697 1307 1718 vn.
1329 1687 1372 1716 de
1395 1685 1523 1724 origine
1548 1694 1603 1714 vo-

906 1738 1053 1769 cabulor.
1078 1737 1195 1766 ‘retas
1214 1736 1324 1766 vocari
1352 1735 1503 1774 arbores,
1529 1743 1602 1774 quae

906 1792 965 1818 aut
982 1797 1024 1818 ex
1042 1787 1122 1827 ripis
1139 1785 1313 1816 fluminum
1331 1784 1530 1823 eminerent,
1546 1788 1605 1814 aut

906 1837 937 1868 iu
952 1837 1055 1867 alveis
1069 1845 1183 1867 eorum
1198 1838 1373 1866 extarent:
1400 1834 1604 1873 appellatas-

906 1895 971 1927 que
987 1896 1061 1917 esse
1078 1896 1096 1916 a
1115 1885 1242 1916 retibus
1257 1895 1265 1922 ;
1290 1883 1377 1925 quod
1395 1888 1605 1923 praetereun—

906 1941 956 1967 tes
972 1946 1076 1967 naves
1104 1935 1320 1975 impedirent,
1336 1938 1371 1964 et
1388 1934 1481 1973 quasi
1499 1933 1609 1964 irreti-

905 1992 993 2017 rent.
1038 1986 1173 2017 Idcirco
1199 1994 1272 2016 sese
1290 1983 1446 2015 arbitrari
1465 1983 1606 2014 retanda

903 2036 1041 2068 flumina
1052 2037 1156 2067 locari
1171 2036 1270 2066 solita
1284 2044 1358 2066 esse
1372 2045 1380 2073 ;
1405 2034 1437 2064 id
1452 2038 1515 2073 est,
1529 2043 1608 2073 pnr-

906 2087 1017 2127 ganda
1033 2097 1075 2117 ne
1088 2086 1169 2128 qnid
1184 2092 1242 2117 aut
1259 2095 1375 2124 moroe,
1390 2088 1447 2115 aut
1463 2084 1608 2123 periculi

907 2137 1049 2169 navibus
1077 2137 1109 2167 in
1141 2146 1181 2167 ea
1209 2137 1355 2177 virgulta
1383 2134 1608 2166 incidentibus

907 2187 1030 2219 fieret.'
1053 2187 1133 2218 Ant.
1150 2187 1236 2225 Aug.

951 2238 1098 2268 Retanda
1124 2235 1277 2274 locantur]
1300 2236 1357 2266 Ita
1385 2235 1474 2265 hunc
1497 2234 1608 2264 locum

908 2293 944 2320 et
971 2298 1034 2328 ego
1061 2288 1138 2318 olim
1166 2288 1405 2328 suppleveram
1431 2295 1472 2316 ex
1497 2285 1609 2316 Gellio

908 2339 967 2369 lib.
983 2347 1032 2368 xi.
1049 2347 1126 2377 cap.
1144 2340 1195 2368 17.
1211 2338 1266 2378 qui
1284 2336 1343 2367 lib.
1362 2344 1427 2367 vu.
1465 2335 1536 2366 Caii
1564 2335 1607 2365 de

909 2388 1038 2427 origine
1070 2387 1310 2418 vocabulorum
1340 2385 1466 2416 refert:
1493 2385 1502 2400 ‘
1519 2390 1610 2415 retas

909 2438 1048 2479 vocari‚'
1061 2440 1124 2469 διο.
1169 2438 1265 2469 Idem
1285 2438 1415 2469 Gellius
1431 2447 1474 2467 ex
1490 2436 1610 2467 edictis

909 2489 1104 2520 Praetorum
1132 2487 1249 2520 affert:
1276 2488 1284 2504 ‘
1302 2487 1370 2520 Qui
1398 2486 1534 2518 flumina
1560 2496 1609 2517 re-

909 2538 1033 2579 tanaus
1051 2541 1113 2569 &c-
1146 2538 1232 2569 Inde
1249 2538 1399 2569 Isidorus
1416 2548 1424 2568 :
1451 2537 1459 2552 ‘
1478 2536 1607 2566 Retan=

909 2590 964 2629 (la,
982 2589 1180 2629 purganda!
1204 2589 1289 2620 Dae.

953 2639 961 2660 i
982 2638 1199 2678 Repastinari]
1225 2637 1356 2669 Afranii
1384 2635 1488 2668 verba
1514 2643 1607 2666 men-

907 2689 990 2720 dosa
1003 2695 1092 2721 sunt.
1120 2688 1199 2720 Ant.
1216 2689 1300 2727 Aug.
