1876 3025
729 197 949 228 scHEnAE.
1450 186 1563 228 1195

115 292 259 348 pictor
295 293 385 334 fieri
417 294 526 344 vult,
548 293 621 348 qui
656 292 749 334 risu
781 296 980 334 mortuus
1016 295 1096 333 est.
1156 291 1288 332 Picta
1318 303 1419 343 quae
1452 305 1565 333 nunc

115 366 220 414 toga
239 361 409 411 dicitur,
429 375 647 416 purpurea
669 366 768 403 ante
790 361 987 402 vocitata
1015 365 1098 410 est,
1127 372 1224 413 eaq.
1245 362 1341 399 erat
1360 358 1455 398 sine
1475 360 1565 412 pic-

114 433 237 470 tura:
270 428 367 483 ejus
390 430 455 470 rei
477 434 778 483 argumentum
799 433 865 470 est
886 429 1060 482 pictura
1081 428 1125 468 in
1148 426 1243 469 aede
1257 426 1503 475 Vertumni,
1524 432 1567 469 ct

116 496 270 546 Consi,
287 510 468 550 quarum
491 498 536 538 in
558 498 699 538 altera
721 497 787 538 M.
809 496 992 538 Fulvius
1013 496 1223 545 Flaccus,
1246 495 1291 535 in
1313 494 1454 535 altera
1474 494 1563 535 Τ.Π

116 563 324 617 Papirius
339 564 501 606 Cursor
519 564 831 618 triumphantes
852 565 914 605 ita
928 564 1037 617 picti
1051 567 1166 605 sunt.
1227 562 1399 604 Tunica
1421 565 1568 603 autem

114 632 313 685 palmata
334 647 361 674 a
382 633 613 674 latitudine
643 633 867 674 clavorum
896 632 1140 681 dicebatur,
1163 644 1262 685 quae
1292 644 1409 672 nunc
1440 643 1467 670 a
1497 643 1569 682 ge-

115 713 218 741 nere
239 701 421 755 picturae
446 701 709 754 appellatur.
770 700 1006 755 Impetum,
1028 700 1311 749 industrium,
1342 698 1569 751 indulgen-

116 773 203 808 tem
236 769 416 823 perinde
450 769 699 822 composita
729 781 828 809 esse
861 768 925 808 ait
952 767 1154 817 Verrius,
1182 772 1273 820 atq.
1304 767 1500 819 impune,
1527 772 1571 809 et

120 837 343 887 immunis,
364 837 470 878 mihi
499 849 586 877 non
620 837 727 877 satis
757 835 1006 890 persuadet.
1066 835 1230 876 Pietati
1250 834 1390 876 aedem
1413 846 1571 874 conse-

119 908 285 945 cratam
308 905 364 946 ab
388 904 534 946 Acilio
552 907 582 927 ¹2
611 905 738 945 aiunt
759 917 811 945 eo
831 904 946 953 loco,
968 916 1056 957 quo
1077 903 1298 957 quondam
1321 902 1475 942 mulier
1495 901 1571 942 ha-

115 972 336 1022 bitaverit,
358 985 459 1025 quae
481 976 646 1026 patrem
672 985 797 1012 suum
819 972 1036 1012 inclusum
1058 984 1233 1011 carcere
1256 970 1455 1010 mammis
1474 970 1570 1010 suis

118 1040 230 1080 clam
251 1040 434 1081 aluerit:
467 1042 523 1081 ob
544 1040 629 1081 hoc
656 1040 835 1090 factum,
858 1040 1143 1094 impunitus¹³
1173 1039 1215 1080 ei
1246 1051 1464 1080 concessa
1490 1044 1571 1079 est.

119 1107 277 1148 Picum
294 1121 419 1148 avem
434 1109 614 1162 quidam
629 1109 794 1149 dictum
810 1113 968 1162 putant
985 1121 1010 1149 a
1025 1107 1137 1148 Pico
1150 1120 1249 1160 rege
1265 1105 1572 1159 Aboriginum,

120 1187 209 1228 quo
224 1175 469 1216 dissolutus
484 1177 583 1217 sit¹4
602 1181 667 1217 ΛΠ
1174 1205 1182 1214 .
1431 1204 1441 1214 .

120 1242 421 1284 Piscatorium
457 1257 520 1285 aes
542 1249 718 1285 vetusto
755 1258 874 1285 more
908 1206 1175 1297 appellatur,
1209 1241 1327 1295 quod
1364 1241 1409 1281 in
1452 1240 1575 1295 [185]

119 1316 266 1351 monte
288 1311 461 1352 Albano
490 1312 618 1352 datur
649 1325 728 1366 pro
759 1312 976 1365 piscibus.
1036 1310 1207 1350 Pedam
1230 1309 1459 1361 vestigium
1496 1307 1574 1348 hu-

120 1378 238 1418 mani
260 1380 488 1433 praecipue
510 1381 634 1433 pedis
656 1380 908 1434 appellasse
940 1379 1142 1432 antiquos
1174 1378 1218 1417 in
1250 1376 1575 1417 commentariis

123 1445 386 1498 quibusdam
409 1447 594 1488 inveniri
615 1448 738 1489 solet.
799 1447 964 1488 Pescia
986 1447 1029 1486 in
1053 1446 1200 1486 saliari
1223 1445 1412 1485 carmine
1429 1443 1575 1483 AElius

123 1512 233 1553 Stilo
255 1513 343 1554 dici
375 1515 439 1555 ait
469 1515 636 1568 capitia
665 1528 723 1556 ex
753 1515 904 1568 pellib.
934 1513 1101 1566 agninis
1133 1512 1265 1562 facta,
1287 1511 1405 1565 quod
1430 1510 1577 1551 Graeci

123 1581 259 1634 pelles
291 1587 451 1622 vocent
481 1596 611 1636 pesce
641 1587 795 1623 neutro
827 1594 979 1634 genere
1009 1580 1251 1634 pluraliter.
1314 1578 1576 1618 Pestiferum

124 1648 269 1700 fulgur
289 1649 562 1704 dicitur‚quo
583 1663 715 1698 mors,
739 1649 980 1690 exiliumve
1004 1647 1238 1700 significari
1258 1646 1386 1686 solet.
1448 1645 1578 1685 Pisa-

125 1716 245 1757 litem
263 1722 275 1738 ⁵
304 1718 502 1771 appellat
530 1718 720 1759 Naevius
742 1717 1096 1765 Pantaleontem,
1118 1715 1161 1755 id
1185 1717 1267 1764 est,
1291 1714 1412 1754 Pisis
1432 1713 1580 1753 oriun-

127 1784 231 1825 dum
259 1789 505 1839 tyrannum,
527 1799 626 1826 cum
654 1786 821 1840 alioqui
848 1784 948 1826 inde
982 1783 1175 1838 profecti
1197 1795 1311 1823 nunc
1334 1781 1491 1821 Pisani
1515 1780 1580 1821 di·

128 1856 291 1893 cantur.
352 1853 548 1894 Pedibus
575 1854 777 1902 obsitum,
800 1853 846 1893 id
874 1857 957 1901 est,
980 1851 1216 1905 pediculis,
1243 1849 1435 1890 Titinius
1456 1847 1580 1902 pedi-

130 1931 283 1960 cosum
324 1921 523 1974 appellat
567 1921 648 1962 hoc
688 1920 818 1961 modo
840 1934 850 1963 :
896 1920 997 1961 Rus
1039 1918 1282 1959 detrudetur
1322 1917 1579 1971 pedicosus,

130 1988 375 2040 squalidus.
436 1988 583 2029 Pedes
604 1994 747 2031 autem
770 2002 852 2042 pro
876 1987 1092 2042 pediculis
1112 1999 1122 2025 ι
1153 1986 1218 2026 sic
1240 1985 1427 2026 Plautus
1448 1983 1582 2024 refert

130 2055 176 2094 in
209 2054 492 2098 Curculione:
527 2057 641 2098 Item
672 2069 808 2110 genus
829 2056 892 2097 A¹⁶
923 2057 1035 2097 inter
1064 2055 1262 2095 homines
1284 2066 1382 2093 meo
1405 2052 1581 2106 quidem

132 2121 296 2172 animo,
331 2128 375 2165 ut
405 2138 586 2174 muscae,
619 2126 801 2176 culices,
836 2125 1032 2174 cimices,
1065 2122 1252 2176 pedesq.
1287 2121 1504 2174 pulicesq.
1541 2123 1583 2159 et

133 2189 288 2231 Livius
318 2193 360 2233 in
391 2192 608 2245 gladiolo:
641 2193 823 2234 Pulices
852 2207 922 2242 ne,
953 2206 1008 2234 an
1036 2191 1229 2239 cimices,
1260 2201 1314 2230 an
1343 2188 1496 2242 pedes,
1518 2199 1583 2227 re-

134 2258 301 2311 sponde
341 2260 471 2303 mihi:
502 2264 546 2302 et
585 2261 812 2303 Lucilius:
845 2261 937 2302 Ubi
977 2274 1044 2301 me
1081 2259 1207 2307 vidit,
1248 2263 1385 2311 caput
1423 2255 1582 2302 scabit,

736 2405 970 2417 eeeeeeeeeeee

183 2494 219 2522 ll
244 2491 266 2522 f.
288 2492 411 2523 L.-1·2
436 2492 459 2523 f.
479 2494 675 2525 Acilia—13
700 2493 1004 2534 f.1·2›1punz·tas.—14
1028 2490 1048 2521 f.
1063 2500 1080 2521 Α
1099 2492 1176 2530 quod
1193 2490 1219 2519 is
1234 2489 1436 2519 salitus—15
1462 2487 1485 2517 f.
1511 2497 1527 2517 Λ
1551 2497 1583 2517 eo

138 2535 283 2565 uti.—16
308 2536 350 2567 al.
369 2546 386 2565 A
403 2540 447 2566 est
465 2537 616 2567 lenonum.

789 2641 928 2673 NOTAE

183 2746 192 2760 ³
216 2739 397 2780 Pisalilem]
422 2739 475 2771 Ita
494 2744 546 2771 cst
572 2741 603 2771 in
626 2741 758 2773 schedis
777 2750 836 2781 pro
856 2739 1041 2771 Ρίεαίὲζωικ
1066 2742 1100 2769 et
1117 2738 1162 2768 ita
1180 2735 1313 2767 videtui·
1331 2734 1522 2775 lsgendum,
