1876 3025
271 125 356 166 ‘734

705 134 850 165 SEXTI
886 134 1089 164 POMPEII
1124 133 1260 165 FESTl

272 230 454 271 Refriva
475 236 488 252 ⁶
519 229 661 270 fahan
694 229 866 279 dicitur,
891 231 987 269 ut¹²
1022 229 1083 270 ait
1113 229 1294 271 Cincius
1318 242 1507 283 quoque,
1537 243 1636 284 quae
1667 233 1723 273 ad

330 296 597 345 sacrificium
619 296 764 337 referri
784 296 899 337 solet
919 296 1085 337 donum
1105 309 1163 338 ex
1181 300 1330 350 segete
1354 297 1548 351 auspicii
1570 311 1719 347 causa,

329 365 455 419 quasi
486 366 690 405 revocent
705 366 734 393 ¹³
765 363 930 416 fruges,
952 368 1002 403 ut
1033 363 1212 404 domum
1232 364 1437 406 datantes
1460 365 1668 407 revirtico
1690 370 1724 391 ¹4

272 472 275 475 ,
330 433 507 484 ἢᾶ,ῐοηι
540 432 734 473 divinam
768 431 1028 472 faciendam.
1089 432 1237 472 AElius
1271 432 1456 483 dubitat,
1477 446 1532 473 an
1564 446 1619 473 ea
1650 433 1724 481 sit,

271 535 276 539 .
330 513 428 553 quae
449 500 626 553 prolata
646 500 689 540 in
714 504 923 552 segetem,
950 499 1127 540 domum
1147 499 1371 551 referatur,
1394 514 1451 542 an
1474 514 1575 554 quae
1600 501 1725 542 refri-

329 572 467 621 gatur,
483 568 601 621 quod
623 573 690 608 est
708 571 921 608 torreatur
941 581 951 609 :
984 567 1060 608 sed
1083 568 1332 621 opinionem
1355 568 1496 609 Cincii
1518 568 1725 623 adjuvat,

330 635 450 688 quod
471 635 514 675 in
543 635 770 676 sacrificiis
790 635 999 688 publicis,
1031 648 1128 676 cum
1160 635 1262 689 puls
1295 635 1444 676 fabata
1466 635 1551 676 diis
1582 635 1723 686 datur,

329 702 574 743 nominatur
594 702 765 744 refriva.

275 769 457 811 Refriva
478 770 695 819 dicebant,
717 781 816 823 quae
835 774 865 799 ¹⁵
900 781 957 809 ex
996 772 1135 822 segete
1157 783 1297 812 causa
1317 770 1509 824 auspicii
1545 771 1725 824 [PAUL.

330 837 505 878 domum
527 837 582 877 ad
606 837 873 878 sacrificium
901 837 1156 878 referebant.

275 902 510 954 Refutare‚f
537 904 806 958 redarguere,
839 907 1135 959 compositum
1168 919 1195 947 a
1226 905 1358 947 fando
1387 919 1516 948 versa
1540 906 1580 947 A
1599 906 1726 948 litera

329 971 372 1011 in
393 971 452 1013 V.

275 1035 479 1092 Refutare
495 1036 508 1060 f
543 1037 745 1094 signficari
764 1036 1008 1094 redarguere
1030 1039 1255 1082 Pacuvius
1276 1040 1321 1081 in
1343 1040 1522 1082 Hermi·
1559 1040 1723 1092 [FEST.

881 1157 997 1170 eeeeee

1002 1158 1118 1170 cccccc

318 1248 354 1277 11
379 1246 459 1278 Vet.
487 1246 561 1278 cod.
581 1246 777 1283 fabra.——l2
803 1247 884 1277 Vet.
908 1246 985 1277 cod.
1012 1248 1159 1279 rim—13
1185 1248 1265 1279 Vet.
1294 1247 1370 1279 cod.
1394 1249 1637 1279 revocant.—14
1661 1246 1725 1279 Ed.

274 1289 362 1320 Scal.
380 1290 618 1321 &vernem—15
644 1290 723 1321 Vct.
741 1290 797 1321 lib.
816 1290 976 1329 Refriram
991 1291 1143 1331 dicebant,
1159 1300 1260 1330 quam.

931 1420 1073 1452 NOTAE

274 1499 326 1527 est
356 1495 446 1537 quod

274 1544 362 1586 quod
379 1545 542 1586 exemplis
558 1545 680 1576 clarius
694 1546 836 1586 patebit.
883 1545 972 1577 Plin.

272 1596 330 1626 lib.
350 1605 414 1626 vu.
433 1606 506 1635 cap.
522 1598 555 1626 6.
579 1595 758 1626 ‘Incessus
779 1596 810 1625 in
833 1596 972 1636 gravida

273 1645 402 1676 refert!
447 1646 542 1676 Idem
560 1645 617 1676 lib.
634 1654 674 1676 11.
692 1655 768 1686 cap.
784 1648 836 1677 51.
859 1646 868 1661 ‘
881 1645 970 1676 Mul-

273 1700 343 1725 tum
376 1700 487 1726 tamen
511 1696 542 1725 in
567 1696 616 1726 his
641 1694 746 1726 refert
771 1701 806 1727 et
822 1696 970 1726 locorum

274 1745 418 1777 natura!
443 1746 579 1777 Lucret.
597 1745 654 1775 lib.
671 1754 723 1776 iv.
737 1749 745 1763 ‘
758 1746 873 1786 Usque
888 1745 972 1777 adeo

272 1796 383 1836 magni
400 1794 505 1826 refert
523 1795 668 1826 studium
681 1800 782 1836 atque
795 1795 970 1827 voluntas.‘

272 1845 388 1876 Piaut.
419 1846 514 1876 Pers.
544 1854 594 1875 lv.
622 1849 652 1877 4-
677 1851 686 1863 ‘
700 1846 800 1877 Nunc
824 1846 864 1876 ad
891 1845 970 1876 illud

274 1896 402 1936 venies,
418 1896 507 1937 quod
526 1894 633 1926 refert
648 1895 731 1927 tua.’
776 1897 872 1927 Idem
888 1898 971 1928 Tru-

273 1945 340 1975 cul.
358 1954 397 1976 11.
411 1948 445 1976 4.
469 1950 477 1962 ‘
492 1945 591 1977 Quod
618 1945 665 1975 rei
684 1945 716 1975 id
736 1950 770 1976 te
786 1947 973 1977 assimilare

274 1993 412 2024 retulit?
452 1993 552 2025 Unde
568 1998 712 2034 apparet
731 2004 807 2025 vere
823 1997 971 2026 activum

274 2043 412 2073 verbum
430 2052 517 2083 esse,
534 2048 570 2074 et
592 2052 706 2074 errare
723 2044 973 2077 Grammaticos

273 2101 350 2122 cum
374 2092 493 2123 dicunt
516 2097 525 2109 ‘
538 2092 635 2131 mea‚'
659 2098 667 2111 ‘
683 2093 764 2133 tua,'
779 2096 787 2111 ‘
802 2095 887 2134 sua,'
898 2105 973 2127 esse

274 2142 441 2173 ablativos
465 2141 665 2178 foemininos,
687 2153 759 2184 quae
788 2154 865 2175 vere
895 2150 974 2177 sunt

275 2193 473 2224 accusativi.
520 2195 618 2227 Quod
648 2200 681 2226 et
715 2196 794 2227 olim
836 2197 973 2229 Donato

275 2243 484 2284 suboluerat,
500 2245 567 2285 qui,
580 2245 644 2276 etsi
661 2255 727 2276 non
746 2247 881 2278 omnino
900 2257 973 2278 ver-

273 2293 307 2323 bi
325 2299 476 2324 naturam
494 2299 547 2325 est
559 2299 746 2334 assecutus,
762 2300 875 2327 tamen
893 2306 973 2327 con-

273 2348 326 2373 tra
344 2342 592 2375 Grammaticos
609 2349 616 2361 ‘
632 2344 730 2379 mea‚'
750 2351 759 2363 ‘
773 2346 855 2381 tua,'
870 2346 879 2363 ‘
891 2347 970 2382 sua‚’

275 2394 485 2424 accusativos
497 2402 583 2432 esse,
600 2403 666 2424 non
684 2394 862 2434 ablativos,
884 2395 971 2426 indi-

273 2442 365 2473 cavit
383 2443 424 2474 ad
443 2443 521 2474 illud
536 2444 674 2475 Terent.
693 2444 831 2475 Phorm.
855 2445 864 2461 ‘
879 2446 969 2478 Quid

273 2497 345 2532 tua,
363 2494 497 2530 malum,
515 2494 547 2524 id
566 2493 714 2524 refert?’
729 2494 783 2524 ubi
801 2495 858 2526 ille
874 2506 882 2526 ε
899 2497 908 2512 ‘
928 2496 971 2527 Et

274 2552 377 2581 quare
408 2544 574 2585 quomodo
611 2544 746 2575 dicatur
773 2545 853 2585 quid
885 2555 970 2581 mea,

274 2592 354 2630 quid
376 2593 452 2623 tua?
467 2603 507 2624 an
522 2594 619 2624 deest
636 2593 691 2634 ad,
707 2599 743 2625 ut
756 2594 813 2634 sit,
827 2595 870 2626 ad
886 2605 971 2636 mea,

277 2641 318 2670 ad
340 2643 437 2672 tua?’
462 2644 559 2675 Idem.

317 2698 328 2712 ι’
352 2692 498 2734 Rastia-u}
535 2693 643 2725 Locus
670 2694 766 2726 valde
790 2695 970 2727 mendosus

484 1499 493 1512 '
514 1494 684 1536 importo‚'
722 1500 730 1514 ‘
747 1496 907 1536 reperto,'
937 1496 971 1527 id

1026 1496 1077 1537 (ut
1092 1498 1213 1528 domum
1233 1498 1375 1528 datantes
1397 1495 1552 1535 tevirtico)
1575 1495 1628 1527 cui
1644 1495 1725 1537 quid

1027 1548 1231 1579 substituam
1248 1558 1313 1578 non
1330 1548 1448 1579 liabeo.
1472 1550 1548 1578 Ant.
1563 1546 1650 1585 Aug.

1070 1596 1216 1636 Refrira]
1254 1597 1474 1636 Refrivusuba
1489 1597 1617 1635 dicitur,
1633 1600 1667 1626 ut
1680 1597 1726 1627 ait

1029 1648 1166 1683 Cincius,
1189 1657 1254 1688 quae
1268 1649 1307 1678 ad
1322 1647 1508 1689 sacrificium
1524 1646 1637 1684 referri
1651 1648 1727 1677 solet

1027 1700 1148 1729 domum
1164 1708 1202 1728 ex
1216 1701 1330 1737 segete,
1356 1697 1489 1737 auspicii
1512 1707 1614 1736 causa,
1639 1697 1729 1737 quasi

1025 1748 1268 1788 revocetsruges
1283 1749 1404 1778 domum
1415 1759 1425 1779 .·
1449 1749 1523 1778 elata
1539 1748 1621 1778 enim
1636 1751 1681 1779 est
1696 1751 1728 1779 et

1027 1798 1132 1829 tritico
1145 1809 1154 1829 :
1169 1799 1209 1829 ad
1224 1809 1289 1829 rem
1304 1798 1634 1836 divinamfuciendam.
1649 1797 1727 1829 Non

1027 1850 1146 1888 solum,
1176 1848 1296 1890 inquit,
1327 1848 1405 1879 data
1432 1853 1484 1879 est
1502 1848 1582 1886 suba
1609 1848 1726 1885 refriva

1028 1908 1088 1929 suo
1116 1899 1245 1939 generi,
1275 1898 1334 1928 sed
1358 1903 1394 1929 et
1415 1898 1550 1937 reliquis
1573 1897 1725 1938 frugibus

1028 1952 1063 1978 et
1078 1949 1204 1981 tritico.
1227 1948 1380 1978 Plinius:
1409 1947 1418 1963 ‘
1434 1947 1558 1978 Fabam
1575 1948 1690 1989 utique
1707 1956 1726 1977 e

1028 1996 1180 2037 frugibus
1192 1996 1319 2028 referre
1334 2007 1404 2028 mos
1423 2003 1475 2028 est
1492 1998 1633 2037 auspicii
1648 2007 1725 2029 cau-

1029 2056 1163 2088 sa‚quae
1176 2046 1252 2077 ideo
1265 2046 1404 2077 Refriva
1417 2046 1633 2087 appellatur-⁹
1654 2047 1723 2077 Pli-

1028 2097 1118 2128 niani
1136 2096 1212 2128 libri
1226 2097 1351 2127 habent
1363 2097 1514 2135 resrinum
1524 2097 1611 2127 male
1621 2106 1681 2137 per
1692 2107 1724 2131 π,

1029 2157 1094 2178 non
1108 2156 1209 2188 pern.
1221 2152 1230 2165 ‘
1243 2147 1449 2183 Referivus:
1465 2147 1726 2179 ‘1·eferititius:'

1028 2201 1037 2215 ‘
1052 2197 1275 2238 Conditivus,’
1287 2203 1296 2216 ‘
1307 2197 1527 2236 condititius‚'
1544 2202 1579 2228 et
1594 2197 1726 2228 similia.

1028 2248 1116 2279 Haec
1127 2253 1240 2279 autem
1256 2258 1308 2279 res
1323 2248 1438 2279 divina
1449 2247 1722 2279 fiebatKalendis

1028 2298 1160 2330 Juniis:
1190 2298 1280 2329 unde
1315 2298 1416 2329 dictae
1452 2303 1529 2329 suut
1556 2298 1723 2329 Kalendae

1025 2346 1183 2379 fabariae:
1210 2348 1289 2389 quia
1312 2348 1374 2378 hoc
1396 2357 1511 2379 mense
1531 2348 1657 2379 adultae
1674 2347 1723 2380 fa-

1025 2397 1078 2428 bae
1095 2397 1214 2428 divinis
1231 2397 1330 2428 rebus
1347 2397 1600 2429 adhiberentur.
1632 2398 1724 2429 Auc-

1027 2452 1080 2476 tor
1097 2446 1307 2478 Macrobius.
1352 2447 1546 2488 Eodemque
1562 2447 1616 2479 (lie
1628 2449 1722 2489 pulte

1024 2495 1153 2527 fabaria
1169 2501 1205 2528 et
1229 2496 1339 2528 larido
1360 2497 1480 2528 Cau-nm
1505 2498 1577 2529 deae
1603 2508 1655 2529 res
1673 2498 1722 2529 di-

1027 2547 1101 2577 vina
1116 2546 1232 2578 fiebat.
1279 2549 1400 2589 Neque
1415 2548 1503 2579 aliud
1517 2548 1721 2589 intelligitur

1025 2596 1057 2627 iu
1074 2596 1140 2626 fine
1157 2597 1275 2628 horum
1292 2599 1384 2628 Festi
1411 2599 1600 2634 verborum,
1624 2599 1633 2615 ‘
1645 2609 1719 2630 cum

1024 2646 1098 2687 puls
1117 2645 1232 2677 fabata
1246 2648 1309 2677 diis
1328 2647 1529 2688 datur‚'&c.
1554 2649 1620 2679 Jos.
1636 2648 1717 2679 Seni.

1070 2695 1078 2715 f
1100 2696 1266 2736 letamur-e]
1304 2698 1344 2728 Iu
1383 2699 1472 2730 Festi
1506 2698 1612 2729 verbis
1644 2704 1716 2728 crat
