1876 3025
336 155 398 184 DE
434 150 701 182 VERBORUM
740 147 1153 179 smNiFwATioNss
1190 146 1281 175 [AB.
1317 146 1399 175 xv.
1486 135 1569 176 713

126 249 392 302 Quisquiliae
415 250 620 302 putantur
649 245 736 286 diei
769 242 977 298 quicquid
1010 254 1066 282 ex
1099 240 1330 281 arboribus
1391 238 1572 292 [PAUL.

181 317 362 358 minutis
399 314 674 358 surculorum
711 313 1001 365 foliorumque
1037 308 1174 357 cadit,
1206 308 1332 349 velut
1360 307 1573 361 quicquid

183 385 352 426 cadit.¹0

126 451 257 503 Quod
273 449 326 475 ¹¹i
359 449 580 503 significat
596 448 730 489 etiam
749 445 932 500 aliquid,
964 447 1253 498 praeterquam
1277 439 1396 495 quod
1423 440 1466 481 in
1486 452 1571 480 usu

184 519 277 560 fere
299 522 381 568 ost,
409 522 452 558 et
469 516 617 558 Graeci
637 516 789 556 dicunt
807 518 894 554 τμη

132 585 254 629 Quod
280 584 482 640 signficat
502 584 631 625 etiam
651 581 835 636 aliquid,
864 582 1020 634 praeter
1040 592 1163 634 quam
1185 573 1296 632 quod
1314 576 1357 616 in
1415 575 1577 628 [FEST.

185 668 258 693 usu
276 651 374 708 fere
394 658 451 692 est
473 657 510 690 ec
530 649 666 691 Graecz'
682 650 832 691 dicuni:
851 651 903 689 τί.

131 719 352 771 Quoniam
385 716 633 772 significatk
664 731 744 757 non
773 715 901 756 solum
924 713 968 755 z‘d
987 712 1096 769 quod
1114 712 1227 767 quia,
1246 719 1289 752 ut
1310 711 1370 751 ait
1400 708 1581 757 Verrius,

190 787 309 841 apud
332 786 556 839 antiquos,
586 783 654 824 sed
672 783 793 824 etiam
816 781 859 822 id
879 781 989 837 quod
1006 787 1238 835 postquam,
1258 778 1331 819 hac
1349 776 1508 818 scilicet
1528 776 1582 816 de

189 867 343 904 causa,
373 852 482 908 quod
514 850 703 893 Grcecum
734 850 807 891 ἐπεὶ
840 850 1072 903 utriusque
1109 846 1480 901 significationem
1515 842 1583 881 ob-

190 927 306 961 tenet.

135 987 360 1038 Quoniam
383 986 607 1040 significat
628 998 715 1027 non
738 985 885 1026 solum
905 984 949 1025 id
978 982 1099 1037 quod
1121 981 1242 1035 quia,
1277 980 1355 1021 sed
1404 977 1584 1031 [Pirum

191 1055 323 1096 etiam
344 1054 390 1096 id
428 1053 548 1108 quod
570 1056 819 1107 postquam,
849 1051 932 1092 hac
961 1051 1014 1091 de
1036 1062 1205 1099 causa3
1239 1047 1358 1102 quod
1381 1046 1586 1088 Graecum

192 1122 266 1161 ἐπεὶ
282 1128 311 1151 ¹³
343 1121 570 1175 utriusque
592 1119 956 1174 significationem
979 1118 1165 1159 obtinet.

139 1188 262 1239 Quot
283 1188 426 1240 servi‚¹
443 1193 559 1230 tot¹4
586 1188 754 1237 hostes,
776 1188 818 1228 in
837 1185 1074 1241 proverbio
1097 1189 1195 1226 est:
1228 1183 1282 1224 de
1305 1194 1394 1236 quo
1424 1178 1589 1235 [ΡΕΞΤθ

754 1348 979 1361 eeeeeeeeeee

183 1464 223 1492 10
248 1461 314 1492 Pro
338 1461 421 1492 cadit
443 1460 505 1492 Vir
530 1462 623 1493 doct.
649 1460 682 1492 in
707 1471 815 1503 marg.
842 1461 898 1492 ed.
923 1460 1013 1492 Scal.
1036 1458 1179 1499 conjicit
1208 1457 1402 1488 cadim—11
1427 1452 1507 1484 Vet.
1534 1452 1594 1483 lib„

143 1505 228 1539 Quid
240 1515 247 1533 .-
260 1510 294 1535 et
308 1504 544 1544 italegendum
560 1509 675 1535 monet
693 1505 865 1536 Dum—12
882 1504 961 1536 Vet.
978 1503 1036 1535 lib.
1054 1502 1202 1533 ὅτι.-13
1217 1500 1285 1531 Hic
1300 1505 1434 1539 quoque
1449 1499 1521 1527 vet.
1535 1495 1594 1526 libe

142 1547 286 1578 ὅτι.-]4
312 1547 393 1578 Vet.
410 1547 484 1578 cod.
499 1548 579 1587 quod
593 1547 755 1580 servitute.

800 1673 945 1706 NOTAE

146 1768 217 1793 tum
244 1766 320 1792 sunt
349 1769 467 1791 voces:
492 1760 556 1791 Abi
578 1759 707 1791 deturba
724 1763 754 1790 te
768 1768 844 1789 saxo

144 1813 232 1842 homo
248 1821 308 1842 non
330 1811 516 1851 quisquiliae,
539 1810 613 1851 quid
639 1812 705 1840 est?
749 1813 758 1827 ‘
775 1809 844 1840 De-

146 1861 246 1892 turba
278 1866 311 1892 te
338 1870 418 1891 saxo
431 1860 439 1873 '
463 1860 553 1891 idem
570 1863 635 1899 est,
650 1858 739 1900 quod
763 1861 772 1876 ‘
790 1859 845 1890 abi

146 1912 179 1942 in
197 1911 318 1942 malam
335 1910 431 1950 rem,'
453 1911 463 1928 ⁴
479 1911 566 1942 male
583 1909 729 1951 pereas‚'
753 1914 787 1941 et
804 1910 846 1940 si-

899 1759 960 1790 uss
1006 1758 1102 1793 Dum,
1125 1757 1158 1787 id
1183 1761 1248 1795 est,
1269 1753 1448 1786 interdum.
1498 1754 1601 1789 Quod,

900 1807 1050 1849 aliquod.
1097 1807 1175 1842 Quis
1191 1809 1303 1837 autem
1328 1809 1363 1835 et
1380 1804 1454 1844 quid
1470 1813 1488 1834 a
1504 1802 1552 1834 τὶς
1565 1807 1602 1834 et

900 1859 942 1897 τὶ,
959 1862 1089 1889 mutato
1110 1869 1131 1887 τ
1153 1857 1186 1888 in
1204 1867 1222 1897 q
1249 1864 1342 1886 more
1369 1855 1516 1888 Dorum,
1543 1852 1603 1894 qui

904 1920 966 1952 pro
980 1908 1058 1940 τότε
1073 1908 1192 1940 dicunt
1208 1905 1301 1938 πόκα.
1327 1905 1425 1935 Idem.

146 1962 237 1992 milia
263 1971 338 2003 quae
367 1961 401 1992 in
427 1961 600 1993 comoediis
624 1966 846 2002 usurpantur.
945 1959 959 1981 ¹<
985 1959 1141 1995 Quoniam
1170 1955 1346 1999 significat]
1384 1955 1442 1986 Ait
1480 1954 1603 1985 Festus

147 2012 229 2043 Duc.

184 2061 383 2103 Quisquiliae]
395 2061 546 2094 Isidorus
560 2062 593 2093 in
606 2062 718 2094 Gloss.
729 2061 739 2078 ‘
750 2061 848 2094 Quis-

149 2113 261 2152 quiliae
278 2113 404 2144 surculi
421 2113 553 2147 minuti,
569 2112 760 2154 quisquiliae
778 2111 849 2143 fru-

148 2167 339 2195 mentorum
377 2168 613 2204 purgamenta,
654 2164 708 2195 vel
754 2163 850 2204 palea

151 2212 330 2244 eventata.’
378 2214 499 2245 Festus
521 2214 569 2245 ait
591 2223 708 2245 vocem
724 2213 849 2245 factam

151 2272 168 2291 a
185 2263 342 2303 quidquid.
383 2264 495 2296 Julius
510 2263 664 2304 Scaliger
681 2274 700 2294 a
715 2264 852 2305 quisque,

152 2318 186 2343 et
203 2314 339 2354 proprie
356 2316 403 2345 sic
419 2314 487 2346 dici
503 2315 541 2346 τὸ
556 2314 667 2355 τυχὸν,
685 2314 851 2356 quidquid

152 2364 300 2397 obvium.
345 2365 410 2396 Alii
427 2374 489 2406 per
511 2365 812 2406 transpositionem
833 2374 853 2395 a

154 2414 299 2448 σκύβαλα
308 2415 397 2455 quod
412 2415 500 2446 idem
516 2421 627 2453 notat,
637 2414 728 2446 unde
740 2415 852 2446 Gloss.

155 2466 163 2480 ‘
182 2466 392 2506 Quisquiliae,
406 2465 576 2502 σκύβαλα.’
601 2466 682 2498 Dae.

199 2515 206 2534 ί
232 2515 337 2554 Quod]
360 2510 455 2557 Lege
470 2517 555 2558 quid,
568 2522 605 2548 ut
622 2517 656 2548 in
671 2517 711 2548 al.
760 2516 857 2554 Quid,

158 2565 295 2606 aliquid,
325 2570 362 2597 ut
392 2568 483 2606 quod,
511 2567 660 2609 aliquod.
719 2565 855 2598 Attius:

157 2618 164 2633 ‘
185 2617 239 2647 Ita
266 2616 343 2646 dum
371 2617 598 2659 interruptum
626 2618 744 2650 credas
771 2619 856 2649 nim-

160 2666 236 2697 bum
255 2666 394 2705 volvier,
408 2667 497 2697 Dum
515 2668 603 2709 quod
618 2668 762 2699 sublime
780 2677 858 2699 ven-

162 2718 204 2746 tis
221 2717 396 2757 expulsum
415 2717 487 2757 rapi
502 2718 638 2757 Saxum,
651 2723 708 2749 aut
726 2718 859 2758 proceb·

901 2011 1032 2042 Latinis
1063 2009 1205 2050 quoniam
1238 2005 1432 2048 significare
1467 2004 1540 2045 quia
1569 2008 1605 2034 et

900 2066 1076 2103 postquam,
1098 2065 1136 2091 ut
1162 2059 1296 2090 Graecis
1321 2055 1400 2091 ἐπεὶ,
1424 2060 1460 2087 et
1489 2064 1604 2085 verum

904 2118 967 2144 est.
1010 2111 1140 2143 Prioris
1164 2107 1422 2150 significationis
1448 2106 1608 2145 exempla

905 2163 1047 2195 cuilibet
1062 2161 1177 2201 obvia,
1194 2158 1393 2201 posterioris
1416 2156 1525 2187 minus
1548 2164 1604 2185 uo-

906 2219 950 2245 ta.
996 2214 1109 2246 Quare
1133 2219 1301 2252 apponam
1326 2217 1429 2239 unum
1453 2212 1490 2237 et
1521 2205 1606 2235 alte-

907 2274 992 2296 rum.
1051 2264 1165 2295 Plaut.
1205 2260 1301 2292 Asin.
1345 2257 1464 2291 ‘Quid
1493 2256 1607 2287 nunc?

905 2314 1060 2355 quoniam
1091 2311 1203 2351 ambo,
1229 2314 1266 2341 ut
1293 2314 1346 2339 est
1367 2307 1522 2343 lubitum,
1548 2314 1609 2335 nos

907 2363 1090 2398 delusistis,
1105 2361 1242 2392 datisne
1254 2363 1429 2399 argentum
1440 2356 1462 2387 ?’
1509 2355 1608 2388 Idem

908 2415 941 2446 iu
960 2413 1098 2453 Prolog.
1115 2411 1230 2443 Aulul.
1252 2410 1262 2426 ‘
1280 2409 1314 2441 Is
1330 2407 1488 2450 quoniam
1508 2405 1609 2437 mori-

909 2471 978 2503 tur,
995 2464 1042 2494 ita
1058 2461 1158 2493 avido
1174 2459 1310 2500 ingenio
1327 2458 1403 2497 fuit,
1427 2457 1610 2496 Nunquam

911 2514 1063 2546 indicare
1080 2511 1112 2543 id
1130 2510 1200 2542 filio
1218 2508 1324 2541 voluit
1340 2506 1421 2538 suo!
1457 2504 1611 2541 Quoniam

913 2570 1026 2597 autem
1043 2573 1062 2594 a
1077 2572 1168 2603 quom
1183 2566 1219 2593 et
1233 2560 1314 2599 jam.
1339 2558 1448 2590 Idem.

956 2615 963 2636 ¹
986 2616 1066 2651 Quot
1092 2613 1189 2653 servi]
1214 2611 1303 2644 Quid
1327 2610 1448 2640 Festus
1473 2604 1610 2636 addide-

912 2668 956 2699 rit
979 2664 1159 2697 sententiae
1182 2662 1300 2692 relata:
1325 2656 1501 2697 Capitonis
1517 2654 1610 2685 nobis

914 2726 979 2747 non
996 2718 1148 2747 constat:
1168 2717 1279 2743 tamen
1298 2706 1503 2750 probabilius
1519 2703 1605 2735 vide:
