1876 3025
302 193 363 223 DF.
398 187 669 221 VERBORUM
706 182 1119 217 SIGNlFch'rloNE
1155 182 1248 211 LIB.
1283 179 1434 210 XVIII.

185 289 550 344 quingentorum9
597 283 852 324 denarium.S

1495 167 1580 209 953

940 278 1305 321 Alexandrinum,
1345 275 1581 316 duodecim

185 356 370 398 millium
389 352 631 394 denarium.
675 347 1055 404 Neapolitanum,t
1078 358 1159 387 sex
1180 344 1457 386 denarium.¹0
1503 343 1582 395 Sy-

185 435 465 470 racusanum,
484 420 614 460 trium
636 418 915 459 denarium.¹¹
950 415 1212 467 Rheginum,
1234 412 1494 452 victoriati¹2
1532 441 1540 449 .

131 492 307 534 Talium
324 495 353 519 ¹³
377 487 638 530 Cornificius
656 485 823 540 posuit,
847 484 961 525 unde
984 489 1027 524 et
1047 482 1277 524 Talassus.
1309 479 1484 520 Taliam
1510 479 1584 520 alii

186 557 429 600 folliculum
453 569 575 609 cepe.

131 629 297 677 Talia‚¹¹
318 625 563 667 folliculum
582 637 707 678 cepe.

1406 615 1584 665 [PAUL.

132 695 338 737 Talionis
365 693 634 735 mentionem
663 691 759 732 fieri
790 690 832 731 in
854 687 1086 730 duodecim
1108 687 1173 728 ait
1191 684 1391 733 Verrius,
1422 682 1587 732 [FEs'r.

193 765 278 805 hoc
310 762 470 803 modo:
504 761 542 801 si
572 760 810 801 membrum
834 757 1076 811 rapserit,¹4
1105 756 1149 795 ni
1172 767 1271 795 cum
1293 766 1345 794 eo
1368 751 1500 806 pacit,
1520 756 1586 792 ta-

190 832 251 873 lio
273 834 391 872 esto:
413 842 554 883 neque
573 829 634 878 id,
655 827 760 882 quid
784 825 1017 879 significet,
1038 824 1228 865 indicat:
1262 831 1372 876 puto
1391 819 1497 874 quia
1512 832 1589 859 no—

193 904 282 940 tum
303 903 393 939 est:
416 896 630 950 permittit
651 895 765 936 enim
787 893 861 936 Iex
882 905 1037 947 parem
1059 890 1311 933 vindictam.

740 1013 879 1026 ‘‘‘‘‘‘‘

881 1012 981 1025 eeeee

182 1099 202 1128 9
213 1096 291 1127 Vet.
302 1093 362 1125 lib.
375 1093 769 1134 quadringentorum-10
781 1092 860 1123 Vet.
872 1091 929 1123 lib.
944 1101 1000 1122 sex
1011 1089 1141 1121 millium
1155 1087 1411 1119 denarium—ll
1426 1085 1487 1116 Vir
1499 1086 1595 1117 doct.

140 1140 229 1180 conj.
247 1138 341 1170 trium
356 1137 485 1168 millium
500 1137 759 1167 denarium—12
786 1135 984 1166 Talentm-um
999 1143 1058 1165 mm
1075 1142 1169 1163 unum
1191 1141 1301 1171 genu-5¹,
1323 1131 1373 1170 &a
1419 1129 1505 1160 Haec
1522 1130 1598 1170 qui·

142 1184 217 1214 dem
235 1191 310 1213 esse
328 1181 435 1217 Festi,
454 1184 546 1211 notat
570 1179 659 1210 Scal.
686 1179 746 1210 sed
773 1188 840 1209 non
867 1188 907 1209 ex
926 1182 1010 1208 vett.
1037 1176 1118 1207 libb.
1139 1176 1305 1206 desumta.
1350 1175 1404 1204 De
1430 1177 1502 1203 toto
1520 1173 1595 1203 loco

141 1226 265 1257 videsis
290 1225 404 1255 Bentl.
427 1223 572 1254 Dissert.
589 1222 631 1253 de
650 1222 750 1253 Plial.
776 1222 889 1262 Epist.
905 1231 963 1262 pp.
979 1221 1141 1252 433-457.
1158 1218 1212 1250 ed.
1231 1219 1411 1248 1699.—13
1436 1216 1516 1246 Vet.
1534 1215 1595 1246 lib.

144 1270 349 1301 Talem—14
374 1267 434 1298 Vir
450 1266 542 1299 doct.
559 1266 593 1297 in
611 1275 716 1307 marg.
734 1265 790 1298 ed.
806 1266 895 1297 Scal.
913 1264 1003 1305 conj.
1020 1262 1139 1304 ruperit
1155 1263 1208 1294 vel
1224 1261 1323 1301 rupit.
1368 1258 1457 1290 Vide
1474 1257 1575 1290 infra.

798 1388 942 1421 NOTAE

187 1472 198 1487 ⁵
222 1467 380 1499 Rhodium
404 1471 435 1498 et
456 1467 687 1508 Cistophorum,
716 1468 848 1505 quatuor

144 1518 274 1549 millium
299 1518 539 1558 quingentorum
574 1515 753 1555 denarium]
778 1516 848 1547 Ne-

145 1569 215 1600 scio
237 1577 298 1600 cur
311 1569 383 1600 liaec
399 1569 441 1601 de
458 1568 580 1600 mendo
598 1568 678 1598 viris
696 1567 848 1598 doctissi-

145 1620 210 1650 mis
228 1624 388 1660 suspecta
401 1619 539 1651 fuerint.
585 1619 675 1650 Nam
699 1623 794 1649 recte
813 1627 849 1648 se

146 1670 285 1702 liabent.
332 1671 503 1702 Rhodium
533 1670 714 1709 talentum,
743 1672 782 1698 ut
814 1672 850 1699 et

149 1721 404 1762 Cistophorum‚
415 1721 480 1753 fuit
495 1726 642 1762 quatuor
659 1720 799 1751 millium
815 1724 851 1751 et

148 1772 411 1813 quingentorum
442 1771 672 1802 denariorum.
727 1770 852 1802 Caelius

153 1823 358 1863 Rhodiginus
374 1823 431 1854 lib.
446 1832 480 1854 x.
497 1832 573 1863 cap.
590 1825 622 1854 2.
648 1827 656 1840 ‘
670 1821 849 1862 Cistoplio-

150 1884 223 1905 rum
254 1874 359 1905 fuisse
385 1873 526 1914 legimus
552 1878 694 1914 quatuor
712 1872 851 1903 millium

151 1932 184 1955 et
207 1925 469 1966 quingentorum
487 1923 677 1962 denarium,
692 1922 792 1953 sicuti
817 1927 853 1953 et

152 1976 320 2007 Rhodium
343 1976 521 2006 talentum.
566 1975 643 2005 Dici
671 1973 854 2013 opinantur

152 2028 382 2068 cistophorum
400 2025 442 2057 ab
461 2025 586 2067 insigni
614 2024 759 2056 ferentis
788 2024 853 2054 cis-

152 2082 233 2108 tam.
278 2076 376 2107 Sicut
392 2076 544 2107 coronati
562 2074 661 2106 modo
688 2079 854 2105 vocantur

151 2128 278 2159 nummi
293 2138 311 2158 a
323 2137 456 2158 coronae
468 2125 640 2168 imagine?
665 2126 763 2158 Idem.

195 2179 205 2198 ῑ
229 2178 485 2218 Neapolitanum]
521 2179 632 2218 Lege:
671 2176 855 2218 Neapolita-

153 2239 239 2269 rium,
254 2239 310 2260 sex
329 2230 462 2260 millium
479 2230 641 2260 denarium
653 2239 663 2259 .-
685 2228 855 2269 Syracusa-

155 2291 240 2320 num,
269 2281 366 2311 trium
397 2280 529 2311 millium
552 2280 725 2310 denarium.
771 2279 855 2310 Qnae

155 2331 383 2372 sequebantur
397 2331 476 2362 mihi
491 2331 625 2372 penitus
640 2331 756 2372 ignota
765 2334 857 2361 sunt.

160 2383 260 2413 Idem.

201 2437 215 2452 ¹¹
241 2432 346 2472 Talia]
371 2432 504 2472 Scribo,
534 2432 667 2472 Tullum,
690 2431 858 2469 alliifhlli-

160 2484 270 2522 culum,
293 2483 340 2514 vel
375 2493 478 2522 σῶμα).
526 2483 703 2515 Lucilius:
727 2483 736 2499 ‘
752 2483 861 2523 lacry-

160 2544 331 2575 mosaeque
348 2533 466 2564 ordine
482 2533 597 2565 tanae)
625 2534 858 2566 Glossarium:

161 2589 169 2603 ⁶
184 2586 297 2624 Talla,
313 2583 467 2625 κρομμύου
481 2583 637 2626 λέπυρον.’
654 2587 723 2616 Jos.
740 2585 825 2616 Scal.

207 2636 342 2676 Talium]
377 2635 541 2676 Scaliger,
567 2636 686 2666 Talium
709 2636 776 2666 aniz·
794 2636 860 2673 fol-

163 2688 299 2728 liculum,
315 2687 363 2717 rel
378 2696 481 2726 ccepoe.
528 2686 698 2717 Lucilius:
712 2691 720 2703 ‘
731 2676 860 2717 Flebile

166 2748 261 2779 eaepe
293 2738 401 2777 simul,
438 2738 706 2780 lacrymosaeqne
744 2739 860 2770 ordine

900 1463 1016 1495 tallaess
1061 1463 1105 1494 Et
1123 1463 1155 1494 in
1174 1462 1284 1494 Gloss.
1307 1456 1603 1501 ‘Taltaffipommou

899 1513 1055 1554 λέπυρον.’
1103 1515 1111 1530 ‘
1127 1513 1310 1544 Folliculus
1336 1510 1461 1551 caepae.'
1506 1510 1603 1541 Talla

899 1570 1014 1597 autem
1034 1575 1052 1595 a
1074 1563 1203 1603 Θαλλὸς,
1222 1573 1333 1594 ramus
1354 1562 1478 1600 virens,
1492 1561 1542 1591 ita
1564 1564 1603 1591 ut

901 1617 1009 1657 primo
1034 1620 1069 1647 et
1096 1614 1232 1656 proprie
1265 1614 1352 1644 Tulln
1372 1612 1477 1643 fuerit
1494 1611 1602 1652 stipes

901 1677 1018 1708 caepae.
1046 1667 1111 1697 Sed
1131 1670 1223 1697 recte
1238 1664 1340 1695 etiam
1360 1663 1448 1694 Talia
1461 1662 1527 1692 dici
1542 1671 1602 1702 po-

903 1720 982 1749 test.
1026 1719 1073 1749 Ut
1091 1718 1132 1748 ab
1148 1715 1260 1754 ἄλλος,
1276 1715 1372 1746 alins.
1428 1712 1558 1744 Folium
1582 1721 1602 1742 a

902 1768 1038 1808 φύλλον,
1051 1770 1115 1799 διο.
1142 1767 1227 1797 Dae.

946 1823 961 1838 Χ
987 1818 1142 1858 Talionz's]
1169 1815 1317 1847 Vidend.
1342 1814 1433 1845 Gell.
1460 1812 1519 1844 lib.
1542 1821 1607 1844 xx.

903 1879 980 1910 cap.
999 1873 1027 1900 l.
1045 1868 1104 1900 sed
1122 1869 1176 1899 liic
1193 1867 1312 1898 melius
1331 1866 1435 1897 verba
1451 1864 1534 1905 legis
1554 1867 1607 1895 12.

905 1921 974 1951 tab.
989 1919 1197 1950 referuntur.
1214 1918 1295 1950 Ant.
1307 1918 1393 1957 Aug.

950 1971 1105 2011 Tuliom's]
1138 1970 1297 2000 Tulionem
1322 1968 1450 2005 GraecI,
1479 1967 1609 2004 ἆντιπή·

903 2035 1009 2065 ρωσιν,
1031 2020 1270 2061 ταυτοπάθειαν,
1295 2019 1514 2057 ἆντισήκωσιν.
1538 2021 1606 2051 Jos.

906 2075 992 2106 Scae.

948 2125 1103 2167 Talionz's]
1128 2125 1214 2156 Talio
1239 2133 1258 2155 a
1282 2124 1378 2155 Talis.
1417 2122 1479 2155 Jus
1495 2123 1610 2154 Talio-

906 2177 1054 2218 nis,quo
1071 2176 1143 2217 quis
1170 2175 1239 2206 tale
1265 2174 1343 2216 quid
1364 2175 1492 2213 patitur
1509 2175 1611 2215 quale

907 2227 1003 2258 fecit.
1050 2227 1167 2259 Quare
1195 2226 1322 2265 optime
1357 2225 1479 2255 Festus
1506 2235 1613 2265 parem

906 2279 1079 2310 vindictam
1098 2277 1359 2317 interpretatur.
1406 2275 1475 2306 Alii
1491 2286 1614 2316 poennm

908 2330 1070 2370 reciproci,
1084 2329 1194 2363 ricem,
1208 2330 1262 2368 850.
1301 2327 1391 2358 Fons
1405 2327 1541 2358 talionis
1558 2328 1612 2358 lex

910 2381 1026 2411 divina
1042 2379 1150 2410 Exod.
1164 2388 1239 2418 cap.
1253 2379 1307 2409 22.
1332 2381 1339 2393 ‘
1354 2376 1438 2408 dens
1456 2387 1517 2418 pro
1530 2377 1614 2408 den—

912 2438 958 2470 te,
972 2431 1088 2462 oculus
1103 2439 1161 2470 pro
1178 2428 1297 2459 oculo.'
1336 2428 1377 2458 In
1390 2428 1458 2468 leg.
1475 2431 1525 2459 12.
1542 2428 1613 2459 tab.

910 2482 1106 2523 legendum,
1122 2480 1160 2511 Si
1181 2479 1348 2510 membrum
1364 2479 1478 2519 rupsz't,
1494 2479 1527 2509 m*
1544 2488 1614 2509 cum

911 2545 945 2564 eo
958 2533 1056 2573 pacit,
1072 2532 1147 2562 talio
1161 2534 1236 2562 esto.
1271 2530 1335 2560 Vel
1354 2530 1467 2570 potius
1481 2530 1508 2559 si
1524 2539 1616 2559 mem-

915 2585 1001 2615 brum
1016 2583 1126 2623 γαμέω
1144 2587 1181 2612 nt
1196 2580 1286 2621 apud
1305 2580 1452 2611 Gellium
1470 2579 1529 2610 lib.
1552 2588 1616 2611 xx.

915 2637 987 2666 αἱ.
1003 2638 1038 2664 et
1051 2633 1140 2672 apud
1155 2632 1321 2665 ,Catonem
1340 2631 1361 2660 l.
1381 2638 1435 2660 lv.
1459 2629 1555 2668 Orig.
1572 2639 1614 2659 ex

917 2684 1093 2715 Prisciano
1119 2684 1143 2713 1.
1170 2691 1220 2713 vr.
1247 2680 1301 2711 ‘Si
1328 2680 1400 2721 quis
1427 2678 1615 2710 membrum

917 2739 1020 2777 rupit,
1053 2740 1110 2767 aut
1142 2745 1178 2765 os
1214 2733 1330 2771 freuit,
1356 2732 1480 2763 talione
1513 2741 1614 2772 prox=
