1876 3025
664 138 1023 170 FRAGMENTUM.
1451 130 1552 169 1141

109 249 253 291 puruS,
276 250 300 276 α
322 248 405 290 qua
425 248 470 275 re
503 232 770 288 appellatum
801 248 878 274 esse
908 247 1059 274 sacrem
1090 232 1210 274 dicit:
1245 233 1303 275 ita
1324 234 1367 273 id
1401 235 1560 288 adjicit,

112 303 222 360 quod
251 317 400 357 param
433 317 532 356 opus
570 309 655 345 est,-
695 303 841 343 omisit
877 300 1077 343 vocabuli
1115 307 1286 357 etymon.
1348 299 1527 341 Plancus
1548 317 1560 339 .-

111 371 383 413 Adolescens
413 370 563 425 quibas
593 370 655 410 lzc'c
678 369 826 424 pretiis
847 370 964 424 porci
997 371 1172 412 veniunt
1206 383 1353 414 sacres,
1383 368 1560 409 sinceri?

111 452 334 481 nummum
361 452 494 480 unum
515 452 564 479 en
585 452 610 478 a
632 453 692 479 me
716 437 981 493 accipe,jube
1000 445 1037 479 te
1059 439 1204 492 plari4
1234 438 1288 478 de
1316 450 1414 478 mea
1438 450 1562 490 pecu-

111 507 211 547 nia:
231 513 270 547 et
296 506 339 547 in
373 504 594 548 Rudente:
627 507 737 548 Sunt
769 506 887 547 domi
918 505 1016 562 agni
1038 513 1072 547 et
1097 505 1214 560 porci
1245 519 1386 546 sacres.
1450 502 1562 545 Cato

111 574 311 615 adversas
337 572 390 617 Q.
414 572 647 614 Zilinaciam
673 572 911 622 Thermum,
932 579 1036 628 post
1423 602 1431 611 .
1550 602 1560 611 .

110 654 275 683 sacrem
297 642 338 682 in
359 642 455 683 sinu
481 641 690 692 mactavit,
716 641 888 695 ponitur
907 640 1145 695 aliquando
1166 654 1245 695 pro
1265 639 1409 681 hostia.
1471 637 1562 679 En-

110 709 200 750 nius
214 726 226 750 .·
252 707 354 749 Fuso
374 709 577 764 sanguine
600 722 784 750 sacrem.
817 706 1072 761 Sacrificimn
1095 707 1203 763 quod
1213 721 1293 762 pro
1310 706 1397 747 uvis
1409 707 1562 761 primis

109 777 199 827 fiat,
233 776 521 832 appellabatur
550 776 602 817 ab
632 776 810 832 antiquis
844 777 1051 818 sacrima:
1089 780 1154 817 est
1184 782 1335 824 autem,
1356 781 1401 814 ut
1428 773 1562 814 AElz'us

117 843 222 885 Stilo
244 851 281 884 et
306 842 497 885 Cloatius
528 845 692 894 dicunt,
724 849 900 884 mustum
930 842 1110 884 inditum
1136 844 1179 884 in
1205 842 1463 896 amphoram
1486 839 1564 880 Li-

111 910 311 952 ber-atibus
330 912 527 952 sacrificii
545 924 692 960 causa,
714 924 794 964 pro
825 910 914 950 uvis
945 917 980 950 et
1016 909 1124 959 vino,
1157 922 1257 963 quae
1286 907 1416 962 quasi
1435 920 1562 948 sacra

109 985 216 1030 sant,
239 994 328 1019 cum
345 978 475 1021 libero
495 979 556 1030 fit,
577 983 625 1020 ut
644 978 914 1033 praemelium,
938 992 1026 1018 cam
1044 977 1203 1019 Cereri.
1236 974 1518 1018 Sacrificulus
1533 978 1559 995 “¹

111 1045 205 1088 Rex
225 1046 471 1101 appellatur,
492 1047 567 1102 qui
599 1060 654 1088 ea
684 1060 824 1097 sacra,
859 1061 959 1101 quae
977 1045 1127 1102 facere
1156 1043 1288 1100 Reges
1311 1049 1560 1091 sueverant,

108 1116 240 1157 facit:
261 1116 416 1170 primas
437 1122 680 1156 memoratur
700 1120 801 1169 post
814 1129 938 1168 reges
951 1121 1120 1155 exactos
1141 1111 1320 1153 Sicinius
1348 1109 1559 1151 Bellutus.

109 1183 284 1225 Sacella
305 1184 499 1224 dicantur
527 1182 611 1224 loca
634 1183 733 1223 Diis
755 1187 927 1224 sacrata
945 1183 1038 1223 sine
1059 1181 1181 1236 [128]
1203 1185 1336 1222 tecto.
1398 1178 1560 1218 Sacro-

110 1256 310 1293 sanctum
332 1252 503 1301 dicitur,
526 1251 643 1305 quod
667 1251 764 1305 jure
788 1250 979 1304 jurando
1002 1249 1267 1302 interposito
1298 1249 1364 1286 est
1385 1245 1560 1285 institu-

108 1324 227 1361 tum:
261 1320 300 1361 si
320 1320 419 1373 quis
440 1319 485 1360 id
506 1319 737 1367 violasset,
759 1323 808 1359 ut
827 1322 964 1358 morte
986 1330 1144 1370 poenas
1170 1314 1381 1369 penderet
1399 1326 1409 1352 ε
1430 1311 1559 1365 cujus

109 1388 278 1440 generis
296 1391 396 1428 sunt
416 1387 506 1428 ΤΒ.
525 1387 613 1427 PL.
674 1386 894 1439 AEdilesq.
916 1385 1112 1439 ejusdem
1128 1383 1316 1424 ordinis:
1340 1381 1456 1436 quod
1482 1380 1559 1420 ad-

109 1454 253 1497 firmat
274 1455 338 1496 M.
361 1454 473 1496 Cato
502 1455 548 1495 in
580 1467 647 1503 ea,
679 1466 812 1507 quam
845 1453 1038 1506 scripsit,
1072 1452 1234 1493 AEdilis
1266 1450 1409 1503 plebis
1433 1460 1558 1488 sacro

109 1527 288 1564 sanctos
310 1536 421 1564 esse.
481 1522 673 1563 Sacratae
693 1522 809 1573 leges
830 1525 943 1569 sunt,
967 1520 1127 1573 quibus
1153 1523 1352 1559 sanctum
1376 1521 1456 1563 est,
1480 1514 1557 1568 qui

109 1589 215 1643 quid
236 1589 444 1630 adversus
475 1602 550 1629 eas
571 1588 739 1637 fecerit,
762 1600 886 1628 sacer
907 1587 1040 1628 alicui
1067 1587 1256 1626 Deorum
1285 1585 1457 1625 sicut⁵n
1491 1581 1557 1621 fa-

108 1658 245 1708 milia,
282 1658 587 1711 pecuniaque:
624 1660 728 1696 sunt
760 1655 836 1709 qui
877 1668 975 1695 esse
1017 1653 1165 1694 dicant
1196 1655 1407 1699 sacratas,
1443 1662 1555 1703 quas

107 1726 427 1780 plebesjurata
448 1727 491 1766 in
513 1728 660 1765 monte
683 1724 819 1764 Sacro
840 1723 1030 1764 sciverit.

109 1793 294 1835 Seclusa
330 1806 455 1834 sacra
480 1793 752 1840 dicebantur,
778 1804 878 1844 quae
910 1789 1057 1831 Graeci
1086 1787 1294 1841 mysteria
1319 1784 1555 1839 appellant.

108 1860 267 1904 Scaena
293 1863 349 1903 ab
382 1863 509 1913 aliis;
542 1874 569 1902 a
595 1859 864 1914 quibusdam
899 1870 1059 1899 sacena
1088 1855 1348 1910 appellatur,
1373 1852 1555 1893 dolabra

713 1987 955 2000 eeeeeeeeeeee

149 2060 169 2089 4
192 2057 216 2089 f.
234 2057 392 2098 piari.-—5
418 2057 441 2089 f.
466 2058 509 2088 sz‘t
523 2067 604 2088 cum.

760 2164 900 2196 NOTAE

856 2243 939 2278 utus,
964 2235 1104 2269 indicari
1127 2242 1247 2266 nomen
1270 2229 1390 2268 Sicini,
1407 2228 1464 2270 qui
1481 2227 1552 2258 dic-

107 2245 235 2280 mento,
253 2245 290 2273 ut
306 2251 349 2272 ex
373 2241 447 2282 ejus
472 2240 622 2282 reliquiis
647 2244 802 2281 apparet.

858 2294 912 2320 tus
936 2292 987 2319 est
1013 2287 1189 2318 Bellntns:
1215 2282 1288 2314 fieri
1312 2280 1400 2312 enim
1427 2282 1555 2318 potest,

106 2291 249 2323 Plautus
266 2292 513 2331 manuscriptus
531 2291 563 2322 in
577 2292 733 2322 Menech.
745 2291 802 2321 ha-

106 2341 168 2372 bet
182 2342 306 2382 synuri,
321 2347 358 2372 ut
375 2340 521 2372 fortasse
538 2341 579 2372 ad
604 2341 803 2382 Aristopha-

107 2391 158 2422 nis
197 2402 329 2422 versum
369 2392 558 2432 respexerit
591 2392 624 2422 in
655 2392 802 2423 Acharn.

106 2442 194 2473 Ἀλλ’
210 2441 279 2473 οὐδὲ
295 2441 418 2480 θύσιμός
443 2443 530 2473 ἐστιν
544 2440 632 2478 αὐτή.
672 2446 729 2473 Με.
747 2453 802 2473 σα-

107 2494 185 2534 μάν;
208 2496 252 2526 πᾶ
266 2495 292 2525 δ’
309 2494 379 2534 οὐχὶ
396 2494 520 2533 θύσιμός
536 2494 642 2534 ἐστιν;
665 2499 713 2525 Δι.
736 2493 803 2535 κέρ-

108 2556 164 2577 κον
179 2546 233 2577 οὐκ
250 2545 327 2585 ἔχει.
370 2546 410 2576 In
431 2545 614 2585 exemplari
633 2546 732 2585 plane
751 2549 803 2576 est

109 2618 117 2625 .
133 2619 141 2628 .
154 2620 162 2628 .
177 2620 183 2628 .
197 2598 258 2627 ine.
275 2608 315 2627 ex
332 2606 398 2638 quo
415 2595 556 2627 fecimus
573 2597 737 2635 sanguine.

152 2652 175 2666 ¹¹¹
198 2646 414 2687 Sacrificulus]
439 2646 571 2686 Opinon·
587 2646 747 2676 extremis
765 2645 802 2676 il-

109 2697 150 2728 lis
167 2697 287 2733 literis,
311 2707 386 2737 quae
408 2701 486 2727 sunt
504 2696 537 2726 in
554 2696 758 2736 exemplari.
771 2718 779 2727 .
795 2718 802 2726 ,

858 2347 895 2372 ut
912 2339 1051 2370 Verrius
1076 2347 1143 2367 non
1167 2345 1236 2369 eOS,
1266 2342 1349 2374 quos
1377 2330 1489 2360 Livius
1517 2332 1554 2359 et

858 2390 1055 2429 Dionysius,
1095 2387 1151 2427 qui
1188 2384 1340 2415 Manium
1375 2379 1552 2419 Papirium

858 2442 1000 2482 primum
1033 2436 1259 2469 sacrificulum
1288 2431 1448 2474 produnt,
1492 2427 1551 2459 sed

857 2491 939 2523 alios
956 2489 1130 2520 historicos
1146 2485 1250 2517 fuerit
1264 2487 1409 2514 secutus,

899 2547 914 2562 Π
938 2543 1076 2572 Deorum
1097 2538 1192 2578 sicut]
1218 2537 1288 2567 Pro
1304 2535 1384 2564 sicut
1402 2529 1555 2561 scriben-

856 2602 947 2631 num,
961 2591 1002 2621 sit
1018 2600 1098 2620 cum.
1121 2588 1211 2619 Vide
1228 2587 1260 2617 in
1288 2586 1296 2602 ‘
1310 2583 1456 2616 Publica
1473 2588 1553 2620 pon-

857 2642 965 2674 dera!
