1876 3025
322 168 381 197 DE
420 166 691 196 VERBORUM
728 163 1138 195 SIGNIFICATIONE
1176 164 1266 192 [AB.
1301 162 1408 190 XVI.

1496 150 1580 192 783

127 264 347 305 Romulus
383 270 426 304 et
463 263 632 304 Remus
667 275 694 303 a
730 262 907 309 virtute,
938 260 1019 301 hoc
1054 262 1135 308 est,
1160 270 1186 298 a
1214 258 1370 298 robore
1402 256 1579 311 [PAUL.

181 333 393 386 appellati
415 338 533 372 sunt.

126 399 365 441 RorariosS
400 400 565 440 milites
598 400 833 448 vocabant,
866 397 939 451 qui
970 396 1054 436 levi
1078 398 1296 436 armatura
1316 394 1447 447 primi
1468 407 1581 448 pree-

181 467 289 508 lium
321 468 683 518 committebant3
721 466 854 521 quod,
892 469 941 506 ut
973 468 1071 505 ante
1104 464 1285 504 imbrem
1319 462 1404 503 fere
1435 476 1579 503 rorare

184 535 316 585 solet,
340 536 403 576 sic
426 535 505 585 illi,
540 540 641 576 ante
674 547 848 587 gravem
881 538 1146 574 armaturam
1176 530 1295 584 quod
1327 530 1577 583 prodibant,

180 603 337 644 rorarii
369 603 496 644 dicti.

127 671 362 713 Rorarium
382 671 392 694 ἲ
422 672 587 720 vinum,
607 670 724 725 quod
746 670 920 711 rorariis
944 669 1145 710 dabatur.

182 807 374 860 auspicii
398 806 626 860 repetendi
649 819 800 846 causa.

839 739 913 779 ubi
942 739 1151 779 incubare
1173 739 1354 790 possetu

1412 736 1578 788 [Fnsr.

124 873 281 914 Ros-cii
313 874 653 927 appellabantur
684 873 725 913 in
763 873 968 913 omnibus
991 871 1176 926 perfecti
1193 873 1372 917 artibus,
1400 871 1578 925 [PAUL.

179 941 294 994 quod
319 941 518 982 Roscius
541 941 723 994 quidam
746 941 971 995 perfectus
997 953 1109 981 unus
1125 941 1169 980 in
1198 944 1287 981 arte
1309 953 1405 990 sua,
1428 941 1471 982 id
1494 946 1578 991 est,

179 1009 416 1059 comoedia,
431 1009 661 1064 judicatus
682 1009 754 1050 sit.

780 1146 919 1178 NOTAE

120 1217 244 1258 titudo,
261 1222 296 1249 et
314 1218 364 1249 vir
378 1217 489 1251 fortis.
534 1221 665 1253 Latinis
684 1222 821 1261 Remus,

87 1289 90 1293 -
120 1272 158 1298 nt
180 1268 188 1283 ⁴
206 1267 350 1309 Ape110,’
378 1274 385 1285 ¹
403 1269 549 1309 Apollo·‘
592 1270 622 1302 A
641 1271 750 1310 ῥῶμος,
766 1272 821 1312 ῥω-

117 1318 228 1357 μύλος,
261 1326 297 1350 ut
329 1330 348 1350 a
378 1321 500 1360 ψεῦδος,
531 1321 693 1361 ψεύδυλος,
733 1323 821 1353 unde

117 1370 127 1385 ‘
151 1371 344 1401 Pseudolus
360 1371 368 1383 '
407 1372 598 1404 Plautinus.
646 1373 675 1403 A
708 1374 821 1412 φεΐδος,

117 1421 272 1461 φείδυλος,
298 1422 340 1453 ab
364 1421 448 1463 ἦδος,
475 1423 597 1462 ἥδυλος,
623 1429 657 1455 et
674 1425 819 1456 similia:

116 1473 194 1503 inde
214 1474 345 1504 Latinis
372 1475 493 1514 priscis
512 1476 686 1506 Romulus:
714 1485 820 1516 quare

118 1524 206 1555 infra
227 1527 362 1561 Paulus,
381 1527 390 1543 ‘
409 1527 571 1557 Romulus
598 1532 633 1558 et
659 1528 783 1558 Remus
801 1537 821 1558 a

115 1576 282 1608 virtutez'
314 1587 390 1608 nam
417 1578 523 1608 virtus
549 1578 686 1618 proprie
704 1578 746 1608 de
771 1579 819 1608 vi-

116 1627 210 1658 ribus
229 1629 391 1668 corporis,
417 1634 452 1659 ut
470 1629 559 1668 apud
578 1629 697 1660 Phaed.
721 1633 729 1646 ‘
746 1629 819 1659 Vir-

117 1678 181 1709 tuti
199 1688 334 1718 semper
348 1680 511 1719 praevalet
535 1678 727 1718 sapientin.'
751 1678 818 1709 Sal-

116 1738 190 1759 mas.
206 1730 238 1758 in
253 1728 351 1759 Solia.
398 1729 484 1759 Inde
503 1729 726 1768 intelligenda
744 1739 817 1769 quae

116 1788 219 1817 supra
233 1777 319 1808 (lixit
337 1778 457 1809 Festus
475 1779 505 1808 in
520 1778 586 1809 tine
600 1779 656 1808 τοῦ
670 1779 818 1810 Romam:

113 1829 122 1844 ‘
139 1828 321 1858 Romulum
340 1829 454 1859 urbem
473 1830 662 1860 nominasse
680 1830 817 1860 Romam

117 1878 229 1917 potius
247 1888 347 1918 quam
364 1879 553 1919 Romulam,
565 1882 597 1910 ut
609 1880 754 1919 ampliore
767 1890 818 1910 vo-

114 1927 214 1959 cabuli
237 1929 465 1970 significatione
487 1931 680 1970 prosperiora
703 1932 818 1971 petrice

114 1989 178 2009 διατ-
205 1979 419 2010 ominaretur?
465 1981 563 2011 Roma
589 1981 677 2011 enim
703 1985 737 2012 et
753 1982 816 2013 Re-

112 2039 179 2060 mus
203 2030 308 2060 multo
328 2031 594 2071 s1gnificantiora
621 2037 698 2062 sunt
717 2043 816 2073 quam

115 2080 249 2111 Romula
272 2085 308 2111 et
335 2081 500 2121 Romulus,
524 2092 599 2123 quae
626 2083 694 2113 sint
719 2082 815 2113 dimi-

113 2136 197 2161 nuta
213 2141 254 2161 ex
272 2131 349 2162 illis.
376 2132 474 2163 Idem.

155 2185 166 2200 ⁵
198 2181 364 2221 Rorurios]
399 2182 614 2214 Glossarius:
641 2183 816 2223 ‘RQ-arii,

113 2230 359 2269 ἂκροβολισταί.’
394 2233 486 2263 Male
502 2234 583 2274 legit
601 2234 737 2273 Rogarz'i
756 2244 815 2275 pro

113 2283 258 2313 Rnrarii.
282 2283 354 2315 JOS.
373 2284 463 2315 Scal.

157 2333 308 2364 Rorarz‘os
323 2334 450 2374 milites]
473 2335 568 2366 Idem
581 2336 680 2367 Varr.
696 2335 752 2366 lib.
769 2345 816 2367 vr.

113 2382 123 2399 ‘
136 2383 266 2414 Rorarii
284 2385 368 2415 dicti
381 2394 400 2415 a
417 2395 504 2425 rore,
520 2386 576 2426 qui
589 2386 712 2416 bellum
727 2396 817 2417 com-

114 2433 298 2466 mittebant
314 2440 402 2471 ante,
420 2436 495 2467 ideo
509 2436 594 2477 quod
613 2442 694 2468 ante
713 2442 816 2473 rorat,

113 2494 211 2525 quam
244 2484 354 2523 pluit!
399 2486 516 2516 Plaut.
549 2487 580 2516 in
609 2488 816 2518 Frivolaria:

115 2535 124 2549 ⁴
137 2533 314 2573 sequimini
331 2534 392 2565 liae
417 2535 518 2566 Sultis
536 2536 684 2576 legiones
702 2547 816 2568 omnes

114 2583 287 2613 Lavernae.
313 2583 378 2613 Ubi
394 2585 510 2615 rorarii
525 2586 639 2616 Estis?
665 2587 715 2618 En
729 2592 817 2618 sunt.

114 2634 181 2664 Ubi
199 2639 277 2665 sunt
294 2635 450 2665 accensi?
476 2636 587 2667 Ecee.’
613 2638 725 2668 Gloss.
742 2640 750 2655 ‘
764 2648 815 2669 ro-

115 2687 205 2725 rarii,
222 2686 469 2727 ἇκροβολισταί.’
514 2688 567 2718 Ita
591 2690 678 2719 enim
702 2690 816 2730 legen-

115 2735 206 2776 dum,
235 2745 300 2768 non
328 2737 462 2776 rogarii,
487 2744 688 2770 monuerunt
710 2739 815 2771 Scali-

877 1232 949 1262 ger,
965 1221 1165 1259 Vulcanius,
1183 1223 1247 1252 &c.
1303 1220 1448 1259 Rorarii,
1476 1220 1576 1253 iidem

882 1274 890 1288 ‘
906 1271 1049 1309 velites‚’
1075 1277 1110 1302 et
1141 1270 1375 1302 ‘Ferentarii.'
1398 1272 1482 1303 Dac.

921 1324 929 1342 ²
954 1323 1137 1362 Rurarium]
1163 1322 1277 1353 Verba
1304 1322 1397 1353 Festi
1422 1322 1465 1352 ad
1487 1322 1579 1353 alind

876 1373 1015 1404 verbum
1043 1374 1240 1413 pertinent:
1274 1378 1320 1411 et,
1344 1377 1381 1403 ut
1417 1373 1578 1412 arbitror,

877 1423 1058 1455 scribenda
1075 1430 1152 1455 sunt
1176 1424 1250 1455 loco
1273 1424 1480 1455 incertorum
1502 1429 1579 1464 post

877 1475 918 1506 R.
946 1475 1024 1506 Ant.
1038 1474 1126 1514 Aug.

919 1531 931 1545 ¹¹
958 1548 1122 1557 ........
1133 1526 1184 1556 ubi
1197 1526 1340 1556 incubare
1354 1526 1470 1566 posset]
1498 1526 1577 1556 Non

874 1582 926 1608 sat
944 1578 1089 1617 conjicio
1105 1587 1171 1618 quo
1188 1578 1285 1608 istaec
1302 1576 1483 1608 reserenda
1499 1577 1578 1608 sint.

873 1628 913 1659 In
932 1628 1057 1659 Sched.
1077 1633 1153 1668 post
1171 1629 1308 1658 Rnslum
1325 1629 1471 1668 spatium
1497 1629 1576 1659 dua-

874 1689 946 1709 rum
980 1679 1178 1719 pagiuarum
1207 1680 1363 1709 relictum
1389 1684 1454 1717 est,
1482 1683 1518 1710 et
1543 1680 1576 1709 in

872 1729 953 1765 fine,
975 1730 1027 1760 ubi
1047 1730 1191 1760 incubare
1213 1733 1314 1769 posset
1333 1730 1466 1769 auspicii
1491 1739 1576 1770 repe-

874 1781 959 1811 tendi
981 1790 1083 1811 causa.
1130 1780 1197 1810 Hic
1214 1785 1324 1810 autem
1346 1779 1577 1810 Romanorum

873 1841 1000 1862 morem
1036 1831 1157 1861 Festus
1195 1830 1402 1870 explicabat,
1441 1831 1510 1871 qui,
1548 1832 1576 1862 si

872 1882 1007 1923 quando
1025 1882 1151 1922 egressi
1174 1882 1258 1912 male
1274 1888 1493 1922 pugnassent,
1511 1883 1577 1913 Ro-

872 1942 958 1963 mam
980 1932 1240 1963 revertebantur
1256 1932 1297 1963 ad
1314 1932 1485 1972 captanda
1502 1943 1574 1964 rur-

872 1991 927 2012 sus
944 1982 1111 2022 auspicia‚
1129 1982 1216 2022 quod
1233 1981 1393 2013 dicebant
1414 1982 1422 1998 ‘
1441 1989 1573 2023 repete-

870 2042 907 2063 re
934 2031 1111 2073 auspicia,’
1136 2032 1293 2063 ‘omina.'
1338 2033 1434 2073 Virg.
1457 2033 1575 2065 ‘Omi-

871 2093 914 2114 na
931 2084 962 2114 ni
982 2089 1141 2124 repetant
1157 2083 1286 2124 Argis!
1332 2084 1430 2116 Quod
1453 2085 1479 2115 si
1506 2086 1575 2116 lon-

871 2134 943 2174 gius
960 2134 1179 2165 ministerium
1206 2134 1513 2176 administraretur,
1531 2146 1574 2167 ne

872 2185 941 2217 dux
973 2185 1015 2216 ab
1044 2186 1197 2217 exercitu
1226 2186 1351 2216 diutius
1375 2186 1522 2227 abesset,
1547 2188 1575 2219 si

872 2236 1014 2266 Romam
1047 2236 1089 2266 ad
1121 2236 1309 2277 repetenda
1348 2238 1500 2278 auspicia
1531 2239 1572 2270 de

871 2287 1053 2327 longinquo
1070 2287 1280 2326 revertisset,
1292 2289 1574 2329 constitutum,ut

872 2348 957 2368 nnus
976 2339 1065 2369 locus
1087 2338 1129 2368 de
1147 2339 1284 2379 captivo
1302 2349 1381 2379 agro
1402 2340 1574 2372 Romanus

872 2389 971 2420 fieret
987 2390 1019 2419 in
1044 2399 1084 2420 ea
1101 2389 1274 2429 provincia
1291 2389 1323 2420 in
1342 2401 1406 2431 qua
1423 2391 1575 2422 bellaba-

873 2443 939 2477 tur,
956 2438 998 2469 ad
1015 2449 1127 2480 quem,
1149 2440 1176 2469 si
1204 2441 1358 2471 renovari
1378 2451 1461 2481 opus
1478 2448 1571 2474 esset

871 2489 1034 2529 auspicia,
1050 2489 1119 2520 dux
1143 2490 1282 2522 rediret.
1329 2492 1373 2522 Et
1390 2492 1572 2523 incubandi

872 2539 975 2569 verbo
994 2539 1114 2570 Festus
1128 2549 1207 2570 usus
1222 2544 1287 2578 est,
1300 2541 1386 2581 quod
1401 2542 1570 2572 interdum

871 2589 1035 2620 cubantes
1066 2590 1219 2629 auspicia
1247 2596 1437 2631 captarent,
1466 2591 1571 2621 inter-

872 2640 949 2670 dum
978 2642 1009 2670 in
1032 2641 1140 2671 solida
1162 2641 1241 2672 sella
1266 2642 1436 2673 sedentes.
1481 2641 1570 2673 Vide

872 2690 1088 2722 ‘silentium’
1113 2691 1195 2723 Dae.
