1876 3025
306 163 368 193 DE
399 159 669 193 VERBORUM
704 156 1108 188 SlGNIFlCATlONE
1144 156 1236 186 [AB.
1268 155 1375 186 XVI.
1472 146 1557 186 745

173 258 356 299 Sacrum
377 255 627 304 aedificium,
650 256 956 295 consecratum
982 252 1097 293 Deo.
1145 249 1350 291 Sanctum
1374 263 1558 299 murum,

172 326 249 378 qui
288 327 344 366 sit
369 324 548 366 'circum
585 322 814 376 oppidum.
876 320 1149 372 Religiosum
1189 317 1454 370 sepulcrum,
1488 319 1561 358 ubi

172 396 366 433 mortuus
387 391 600 445 sepultuS,
615 394 691 430 aut
706 390 910 430 humatus
927 388 999 437 sit,
1018 387 1128 428 satis
1145 389 1342 427 constare
1363 385 1438 426 ait.
1471 385 1560 429 Sed

171 460 233 499 ita
248 458 448 511 portione
472 457 701 511 quadam‚p
721 461 764 496 et
783 455 1056 508 temporibus
1076 453 1230 494 eadem
1250 453 1391 494 videri
1407 466 1560 506 posse.

172 526 221 566 Si
258 525 478 578 quidem¹³
511 524 630 578 quod
663 535 837 564 sacrum
869 526 951 572 est,
980 521 1096 563 idem
1128 521 1234 573 lege,
1258 523 1335 560 aut
1356 520 1559 561 instituto

170 592 389 647 majorum
409 596 607 633 sanctum
628 604 725 632 esse
747 594 921 644 putant,
944 592 991 629 ut
1014 588 1163 629 violari
1180 591 1214 617 ¹4
1243 586 1287 627 id
1308 587 1402 627 sine
1422 600 1562 641 poena

169 674 257 701 non
279 660 448 714 possit:
480 659 599 700 idem
634 658 884 710 religiosum
906 669 1081 711 quoque
1113 668 1229 705 esse,
1266 655 1473 708 quoniam
1505 655 1562 695 sit

171 727 392 781 aliquid,¹⁵
431 726 550 780 quod
588 725 650 766 ibi
685 725 852 765 homini
874 725 1017 765 facere
1035 736 1120 764 non
1139 723 1281 772 liceat,
1299 722 1420 776 quod
1439 723 1477 762 si
1497 721 1562 762 sa·

172 795 275 845 ciat,
298 795 511 836 adversus
533 794 727 834 Deorum
756 792 1023 833 voluntatem
1052 791 1251 832 videatur
1271 790 1434 832 facere.
1493 789 1562 831 Si-

172 863 330 903 militer
350 862 405 902 de
426 874 565 909 muro,
586 865 630 900 et
652 859 858 912 sepulcro
882 860 1036 900 debere
1055 859 1289 908 observari,
1311 862 1362 898 ut
1391 857 1560 903 eadem,

170 935 211 972 et
230 943 373 980 sacra,
396 934 438 970 et
459 932 627 978 sancta,
650 935 695 969 et
715 928 919 981 religiosa
938 927 1064 977 fiant,
1082 927 1156 967 sed
1175 940 1227 967 eo
1248 925 1396 976 modo,
1421 937 1510 979 quo
1526 924 1559 949 ¹⁶

169 1012 302 1052 supra
321 998 571 1051 expositum
593 999 672 1046 est,
695 1009 793 1036 cum
816 996 871 1036 de
894 1009 1020 1037 sacro
1042 995 1248 1035 diximus.

114 1068 339 1114 Reluere,q
369 1066 596 1114 resolvere,
632 1064 917 1117 repignerare.
985 1062 1196 1104 Caecilius
1236 1062 1280 1101 in
1322 1060 1478 1101 Carine
1516 1063 1562 1100 ut

170 1147 337 1184 aurum,
360 1137 406 1174 et
422 1136 600 1179 vestem,
623 1132 741 1185 quod
762 1131 911 1173 matris
933 1130 1031 1181 fuit,
1052 1130 1201 1180 reluat,
1223 1129 1341 1184 quod
1356 1129 1456 1169 viva
1474 1127 1561 1182 ipsi

171 1201 422 1256 opposuit¹⁷
440 1200 625 1253 pignori.

116 1269 326 1319 Reluere,
348 1269 532 1317 solvere,
550 1267 839 1321 repignerare.
1382 1262 1561 1315 [PAUL.

115 1337 486 1390 Remancipatam
500 1341 512 1357 s
530 1335 689 1376 Gallus
711 1335 857 1375 AEiius
875 1346 975 1374 esse
997 1333 1076 1383 ait,
1097 1346 1197 1386 quae
1216 1330 1382 1372 manci·
1397 1329 1560 1384 [FEST.

169 1409 275 1459 pata
295 1405 354 1445 sit
374 1405 429 1445 ab
452 1417 518 1452 eo,
537 1404 607 1444 eui
628 1403 673 1443 in
693 1415 870 1443 manum
893 1401 1166 1443 convenerit.

721 1520 958 1532 “vedeo-‘oete

157 1603 195 1632 13
220 1600 284 1631 Ed.
302 1600 388 1630 Scal.
405 1600 441 1630 Si
455 1600 676 1639 quidam—14
701 1599 786 1630 Ead.
811 1599 867 1631 ed.
891 1602 1005 1639 putant
1027 1598 1234 1629 violari.—l5
1261 1596 1345 1627 Ead.
1364 1595 1414 1627 ed.
1430 1595 1481 1635 qui
1501 1604 1561 1624 non

114 1649 177 1675 tam
199 1644 239 1674 sit
263 1643 478 1683 atiqui‹1.—-16
501 1642 585 1673 Ead.
604 1643 657 1673 ed.
671 1644 725 1673 sed
749 1644 906 1682 quomodo,
922 1644 1099 1681 qnod.—l7
1122 1641 1209 1671 Scau.
1226 1645 1260 1670 et
1278 1641 1363 1670 Dae.
1382 1637 1561 1679 legendum

114 1692 251 1718 monent
266 1686 426 1727 opposivz't.
473 1686 542 1716 Pro
557 1686 615 1725 ipsi
630 1685 680 1715 vir
696 1685 790 1717 doct.
806 1685 838 1715 in
856 1695 963 1726 marg.
981 1685 1033 1716 ed.
1048 1684 1137 1715 Scal.
1155 1683 1242 1723 conj.
1257 1684 1336 1722 ipsa.

768 1791 909 1822 NOTAE

867 1855 1126 1896 extinguuntur,
1140 1854 1187 1885 sic
1201 1854 1356 1893 sepulcra
1368 1852 1453 1883 fiunt
1469 1861 1562 1883 sanc-

865 1906 954 1938 tiora
984 1904 1181 1936 vetustate-²
1225 1905 1270 1934 Et
1293 1904 1446 1935 Catullus
1461 1914 1469 1934 :
1495 1904 1504 1920 ‘
1518 1903 1564 1933 Et

115 1867 193 1889 cere
224 1866 287 1887 non
317 1856 430 1888 liceat.
474 1855 540 1887 Sed
573 1855 649 1886 vide
677 1855 813 1886 omnino

114 1908 193 1939 Ald.
218 1908 351 1940 Manut.
368 1907 409 1938 de
428 1907 580 1948 quaesitis
599 1916 658 1947 per
676 1906 812 1946 Episto-

115 1960 181 1990 lam
207 1959 264 1990 lib.
283 1968 306 1989 ι.
329 1959 394 1998 Ep.
412 1961 462 1989 10.
508 1958 595 1989 Nam
621 1958 669 1988 ita
688 1957 762 1988 fuse
779 1961 813 1988 et

114 2010 293 2050 perspicue
308 2009 394 2040 hune
407 2009 514 2040 locum
528 2008 700 2043 tractavit,
715 2012 752 2039 ut
764 2008 811 2039 ni-

112 2062 158 2092 hil
175 2070 278 2100 supra
293 2060 392 2101 adjici
412 2068 508 2100 posse
525 2069 691 2090 censeam.
717 2059 813 2090 Idem.

155 2117 171 2138 Ρ
195 2112 257 2142 Sed
270 2112 316 2141 ita
330 2111 469 2151 portione
481 2110 628 2150 quadam]
645 2110 722 2140 Hoc
737 2115 809 2141 est:

115 2162 179 2193 etsi
203 2159 381 2200 ιεειοιίιῐη,θ
409 2160 614 2199 ‘sanctium’
646 2164 680 2191 et
708 2162 717 2177 ‘
735 2160 811 2191 reli-

115 2211 268 2253 giosum,'
288 2212 377 2242 inter
399 2220 434 2241 se
450 2209 622 2247 differant,
638 2220 677 2241 ea
704 2210 807 2250 qnod-

114 2262 269 2293 ammodo
293 2261 411 2292 eadem
435 2260 542 2292 videri
568 2271 664 2301 posse
689 2262 808 2292 Gallus

115 2313 219 2343 AElius
236 2311 369 2353 probat.
395 2312 443 2343 Ut
462 2311 615 2343 Delubra
631 2321 703 2353 quae
721 2321 810 2342 sacra

116 2368 206 2403 sunt,
229 2363 309 2404 quia
332 2363 404 2393 Deo
429 2367 637 2394 consecrata.
681 2362 810 2401 Sancta,

116 2412 192 2453 quia
207 2421 247 2443 ea
263 2422 304 2444 ne
327 2412 400 2453 quis
425 2413 540 2451 violet,
563 2413 677 2452 capite
702 2412 811 2443 sanci-

116 2469 186 2493 tum
202 2467 266 2494 est.
300 2464 344 2494 Et
357 2463 515 2503 religiosa,
531 2463 607 2503 quia
624 2464 667 2494 sit
684 2461 809 2503 aliquid

117 2514 206 2555 quod
224 2513 268 2544 ibi
285 2513 433 2544 homines
455 2513 566 2545 facere
582 2524 648 2544 non
667 2514 808 2554 possint.

115 2564 201 2595 Inde
234 2564 355 2595 Cicero
378 2565 532 2604 sepulcra
559 2569 659 2594 vocat
688 2567 808 2595 sancta.

116 2615 240 2655 Philip.
273 2623 324 2646 lx.
361 2614 615 2654 ‘Sepulcrorum
646 2614 809 2644 sanctitas

116 2665 148 2696 iu
166 2666 238 2705 ipso
255 2665 323 2695 solo
340 2669 405 2703 est,
421 2664 509 2705 quod
527 2664 615 2694 nulla
632 2664 663 2694 vi
681 2663 807 2695 moveri

117 2727 224 2760 neque
240 2717 346 2749 deleri
370 2721 496 2757 potest,
511 2722 612 2758 atque
633 2720 672 2747 ut
691 2721 808 2748 cetera

866 1957 962 1987 Batti
1001 1955 1126 1986 veteris
1170 1963 1303 1985 sacrum
1346 1951 1562 1993 sepulcrum!

865 2007 951 2038 Vide
967 2004 1176 2037 ‘Sanctum.'
1198 2005 1294 2035 Idem.

908 2063 923 2084 q
962 2056 1108 2096 Reluere]
1147 2056 1373 2096 Repignerare,
1405 2054 1466 2085 hoc
1497 2057 1563 2091 est,

864 2108 945 2139 dato
966 2108 1078 2149 pretio
1102 2107 1224 2147 pignus
1251 2106 1416 2146 recipere.
1460 2105 1508 2136 Ut
1528 2104 1562 2134 in

865 2159 923 2190 illo
950 2158 1102 2189 Caecilii:
1127 2157 1197 2188 ‘Ut
1220 2165 1336 2186 aurum
1361 2160 1396 2186 et
1421 2159 1564 2193 vestem,

864 2208 952 2250 quod
974 2208 1092 2238 matris
1117 2205 1195 2245 fuit,
1215 2206 1350 2245 Reium,
1372 2205 1460 2246 quod
1485 2205 1563 2235 viva

864 2258 928 2299 ipsi
960 2257 1133 2298 opposivit
1161 2255 1319 2297 pignori.’
1365 2253 1562 2295 Legendum

864 2309 965 2343 enim,
995 2307 1159 2347 opposivit,
1195 2315 1261 2336 non
1299 2304 1464 2345 opposuit.-
1502 2304 1563 2335 hac

865 2368 948 2389 voce
966 2368 1043 2388 usus
1067 2357 1188 2388 Cicero
1210 2357 1242 2386 in
1267 2357 1418 2386 oratione
1443 2357 1475 2386 in
1493 2355 1564 2385 Sal-

864 2408 1002 2439 lustium
1025 2408 1057 2438 in
1083 2412 1152 2438 vet.
1174 2406 1248 2437 cod.
1279 2405 1399 2437 ‘Unde
1428 2411 1478 2445 tu,
1504 2405 1562 2446 qui

863 2460 962 2491 modo
993 2469 1034 2490 ne
1063 2463 1240 2498 paternam
1267 2457 1401 2498 quidem
1427 2457 1560 2488 domum

863 2512 994 2542 reluere
1032 2509 1195 2550 potueri8‚
1226 2512 1369 2549 repente
1400 2512 1559 2548 tanquam

863 2570 989 2592 sommo
1009 2559 1141 2598 beatus,
1157 2559 1273 2589 hortos
1291 2557 1561 2599 pretiosissimos,

863 2612 974 2643 villam
990 2611 1023 2640 in
1038 2609 1168 2640 Tiburti
1185 2609 1223 2639 C.
1242 2608 1397 2645 Caesaris,
1415 2606 1559 2646 reliquas

863 2660 1083 2703 possessionis
1103 2657 1295 2699 paraveris.'
1318 2657 1417 2687 Idem.

905 2716 915 2732 Γ
939 2708 1207 2749 Remancipatam]
1230 2705 1477 2746 Remancipare
1508 2703 1559 2735 ‹li-v
