1876 3025
254 150 338 193 896
707 159 855 191 sex'ri
890 156 1091 187 ΡοΜΡΕιι
1128 156 1264 187 Fsssrt

315 259 525 311 perpetuo
547 258 654 297 Stet:
688 254 780 304 alii,
803 252 921 307 quod
945 252 984 292 is
1010 251 1138 292 locus
1159 265 1186 292 a
1214 251 1387 293 Graecis
1418 249 1570 304 στεγνὸς
1588 254 1621 280 ¹4
1649 250 1713 291 dis-

314 325 441 375 citur,
457 326 561 378 quia
586 325 697 364 bene
721 321 945 362 contineat
971 332 1144 372 aquam.

261 391 570 445 Stalagmium‘
589 402 721 443 genus
743 387 968 428 inaurium
995 386 1170 427 videtur
1190 386 1451 438 significare.
1502 385 1712 426 Caecilius

317 461 362 500 in
381 459 563 508 Karine,
588 471 687 498 cum
709 456 773 497 ait
793 469 803 497 z
828 455 924 509 ¹jum
942 460 974 484 ¹⁵
996 468 1053 495 ex
1083 467 1186 495 aure
1218 454 1316 508 ejus
1338 454 1617 506 stalagmium
1638 452 1715 492 do-

321 528 381 568 mi
401 528 559 568 habeo.

264 592 556 648 stalagmium
581 606 721 646 genus
756 591 991 632 inaurium.
1054 589 1286 631 Caecilius:
1319 589 1391 630 Ex
1412 601 1514 630 aure
1536 587 1716 641 [PAUL.

318 664 414 718 ejus
435 661 714 714 stalagmium
738 660 858 701 domi
880 659 1035 699 babeo.

264 731 390 772 Stata
413 730 665 771 sacrificia*
687 733 802 778 sunt,
826 739 928 780 quae
950 724 1083 766 certis
1099 724 1237 765 debus
1258 724 1351 765 fieri
1373 723 1538 764 debent.
1555 722 1720 776 [FEST.

321 798 434 840 Cato
466 799 508 838 in
547 810 600 838 ea
636 809 765 850 quam
789 795 943 836 scribit
964 795 1019 834 de
1057 794 1108 834 L.
1144 792 1341 843 Veturio,
1373 791 1427 832 de
1455 790 1720 839 sacrificio†

322 867 577 914 commisso,
596 878 698 906 cum
720 865 761 904 ei
782 876 942 917 equum
965 861 1129 902 ademit
1151 874 1160 902 :
1193 860 1325 910 Quod
1357 865 1420 909 tu,
1457 858 1576 913 quod
1605 859 1649 899 in
1680 861 1722 898 te

321 935 418 983 fuit,
436 946 565 974 sacra
587 938 705 973 stata
727 931 956 979 solemnia,
978 929 1122 982 capite
1146 931 1301 968 sancta
1320 927 1565 968 deseruisti.

267 1003 393 1044 Stata
415 1002 674 1042 dicebantur
695 999 927 1048 sacrificia,
951 1011 1048 1051 quae
1083 996 1216 1037 certis
1239 995 1393 1036 diebus
1423 994 1499 1034 fie-
1544 993 1724 1047 [PAUL.

324 1072 443 1112 bant.
505 1068 621 1110 Cato
641 1081 650 1109 :
685 1068 840 1116 Sacra,
869 1071 1005 1115 stata,
1028 1054 1273 1113 sollemnia,
1295 1066 1451 1103 sancta
1471 1060 1723 1101 deseruisti.

268 1140 408 1181 Statae
433 1137 593 1179 Matris
612 1135 891 1177 simulacrum
912 1133 957 1173 in
978 1133 1071 1173 soro
1090 1131 1335 1173 colebatur.

270 1208 408 1248 Statae
432 1206 589 1246 Matris
604 1209 619 1225 Χ
642 1203 924 1243 simulacrum
947 1202 990 1242 in
1023 1200 1115 1240 foro
1145 1198 1388 1247 colebatur,
1417 1199 1538 1250 post·
1561 1194 1725 1248 [FEST.

329 1287 460 1331 quam
482 1273 526 1313 id
545 1269 873 1320 collustravit,¹6
906 1282 960 1309 ne
996 1266 1168 1321 lapides
1198 1266 1296 1318 igne
1331 1266 1727 1317 corrumperentur,

333 1343 410 1396 qui
432 1341 641 1395 plurimus
671 1338 732 1379 ibi
767 1337 897 1378 fiebat
913 1342 929 1364 y
950 1339 1163 1376 nocturno
1199 1338 1406 1386 tempore,
1437 1343 1595 1383 magna
1628 1341 1730 1383 pars

330 1409 483 1465 populi
501 1409 543 1449 in
562 1420 667 1449 suos
684 1406 871 1460 quisque
885 1404 1009 1445 vicos
1032 1401 1283 1443 rettulerunt
1299 1399 1396 1452 ejus
1417 1399 1526 1438 Deae
1547 1396 1729 1438 cultum.

275 1478 432 1519 Statua
453 1482 521 1518 est
543 1475 689 1525 Ludii,
711 1474 843 1528 ejus‚2
862 1472 936 1527 qui
950 1469 1172 1526 quondam
1193 1468 1373 1509 fulmine
1395 1467 1510 1507 ictus
1541 1467 1586 1507 in
1612 1464 1730 1505 circo

882 1568 1018 1581 eeeeeee

1022 1567 1119 1579 eeeee

321 1625 359 1652 lt
386 1619 448 1651 Ed.
464 1619 556 1650 Scal.
574 1616 770 1649 συειός.-15
792 1615 857 1645 Vir
881 1613 972 1644 doct.
998 1612 1031 1642 iu
1058 1621 1165 1651 marg.
1189 1610 1342 1651 ejusdem
1369 1609 1424 1640 ed.
1449 1607 1588 1648 conjicit
1613 1610 1734 1638 tum.—

278 1671 291 1701 †
309 1664 361 1696 121.
377 1663 458 1694 ibid.
476 1662 750 1699 Samaga—16
774 1658 862 1690 Scal.
882 1657 1045 1698 probante
1066 1655 1153 1686 Dae.
1174 1654 1291 1684 Coelz'us
1305 1653 1431 1684 stravit.

941 1742 1080 1776 NOTAE

280 1815 369 1858 quod
387 1815 522 1846 minime
547 1814 705 1845 rimosum
732 1815 849 1850 est‚et
872 1809 979 1841 fideli-

282 1874 335 1899 ter
360 1867 527 1903 continet,
545 1876 563 1895 a
580 1864 697 1903 στέγω,
721 1868 811 1903 tego.
854 1862 982 1900 stagno

281 1917 490 1949 contrarium
517 1915 628 1946 futile.
675 1913 761 1944 Inde
789 1913 898 1943 Varro
927 1910 983 1942 lib.

283 1976 331 1998 iv.
349 1967 391 1997 de
408 1967 446 1997 L.
463 1967 498 1996 L.
522 1967 530 1982 ‘
544 1966 723 2005 Stagnum,
742 1963 866 1993 Graece
889 1960 984 1999 στέγ-

284 2016 347 2055 νὸν,
364 2016 454 2057 quod
474 2025 537 2046 nou
556 2015 657 2045 habet
675 2013 816 2044 rimam!
832 2014 913 2044 Dae.

328 2068 336 2086 ²
358 2065 585 2104 stalagmium]
611 2064 783 2095 lnaurium
807 2072 913 2102 genus
930 2061 987 2092 ob·

284 2118 420 2157 longum
452 2126 494 2146 ex
533 2116 638 2146 bacca
670 2114 838 2154 pendula3
870 2113 987 2154 quales

284 2167 451 2207 hodieque
470 2165 625 2196 mulieres
638 2170 764 2194 nostrae
782 2168 916 2203 gestare
934 2172 985 2193 so-

285 2217 371 2247 lent.
415 2215 468 2246 Ad
497 2221 605 2255 guttae
630 2214 882 2244 similitudinem
913 2222 988 2253 quae

287 2266 421 2297 Graecis
437 2264 621 2303 σταλαγμὸς
645 2264 783 2295 dicitur.
830 2263 989 2294 Meminit

288 2317 403 2348 Plaut.
429 2316 598 2346 Menaectn.
624 2313 704 2345 Act.
721 2323 776 2345 ιη.
803 2323 850 2344 sc.
869 2316 899 2343 3.
920 2314 929 2329 ‘
946 2312 989 2343 A·

288 2367 402 2405 mabo,
419 2367 462 2396 mi
481 2366 705 2404 Menaechme,
722 2366 853 2396 inaures
872 2363 916 2394 da
931 2363 990 2394 mi·

288 2418 319 2447 hi
339 2415 530 2447 Faciundas
560 2414 672 2455 pondo
690 2414 790 2444 duum
808 2422 990 2451 nummum,

290 2466 480 2506 stalagmia,
496 2466 543 2495 Ut
562 2471 594 2495 te
608 2466 754 2495 libenter
769 2464 900 2494 videam
916 2472 990 2493 cum

292 2519 333 2549 ad
352 2527 411 2548 nos
429 2515 583 2546 veneris!
629 2515 669 2545 In
685 2524 781 2545 versu
801 2513 927 2544 (taecilti
946 2512 991 2542 le-

292 2579 346 2607 βο,
362 2569 437 2599 Jam
452 2577 491 2598 ex
511 2576 584 2597 aure
609 2567 675 2604 ejus
694 2565 894 2603 stalagmium
911 2564 993 2594 domi

293 2619 395 2650 habeo.
442 2617 516 2648 Etsi
534 2618 632 2647 aliter
650 2616 681 2646 in
707 2615 805 2646 Pauli
824 2615 992 2654 Epitoma.

300 2669 397 2699 Idem.

338 2723 349 2737 ¹¹
375 2718 468 2748 *Statu
494 2717 662 2758 sacrificiu]
689 2716 917 2756 Opponuutur
946 2715 993 2746 iu-

1036 1806 1169 1838 dictivis
1186 1811 1221 1837 et
1235 1804 1434 1836 mobilibus:
1461 1801 1612 1833 meminit
1627 1800 1737 1832 Cicer.

1038 1867 1062 1889 1.
1089 1857 1230 1889 Tuscul.
1254 1857 1263 1873 ‘
1280 1857 1364 1887 Cum
1391 1853 1479 1884 enim
1508 1853 1597 1882 illam
1622 1851 1662 1882 ad
1686 1860 1738 1880 so·-

1040 1909 1138 1939 lenne
1175 1912 1211 1938 et
1242 1911 1369 1936 statum
1402 1903 1606 1934 sacrificium
1638 1910 1740 1932 curru

1041 1960 1116 1990 vehi
1134 1959 1192 1998 jus
1217 1956 1329 1995 esset‚'
1358 1958 1422 1986 &c.
1468 1955 1513 1985 Et
1542 1954 1574 1983 in
1600 1953 1740 1984 Milone.

1039 2010 1096 2040 Sic
1131 2019 1190 2049 pro
1221 2008 1320 2038 domo
1344 2011 1352 2023 ‘
1369 2006 1485 2037 Statas
1509 2001 1739 2034 caerimonias'

1041 2060 1140 2090 dixit.
1185 2059 1273 2097 Lege
1292 2056 1393 2095 infra,
1422 2056 1472 2085 De
1488 2053 1651 2092 sacrilegio
1663 2062 1742 2083 cnm·

1042 2110 1146 2140 misso.
1195 2107 1278 2139 Vide
1295 2107 1328 2138 in
1355 2108 1363 2122 ‘
1379 2105 1560 2146 prohibere
1583 2102 1747 2135 comitia.'

1042 2160 1141 2190 Idem.

1086 2214 1101 2229 x
1124 2209 1224 2240 Slalae
1253 2206 1388 2247 Matris]
1420 2206 1560 2237 Vestam
1587 2204 1745 2245 intelligit

1044 2269 1141 2300 quam
1175 2259 1277 2299 prisci
1308 2258 1357 2288 illi
1388 2267 1407 2287 a
1435 2255 1585 2287 sistendo
1612 2254 1745 2284 Statam

1045 2312 1217 2345 dixerunt,
1244 2314 1279 2339 ut
1296 2309 1369 2348 ejus
1387 2316 1508 2337 nomen
1523 2305 1680 2335 Graecum
1697 2302 1744 2333 ef-

1046 2361 1223 2400 fingerent,
1241 2358 1371 2390 Graecis
1383 2357 1470 2387 enim
1485 2355 1586 2395 ἑστία,
1599 2355 1640 2385 ab
1652 2353 1746 2385 ἕσασ-

1047 2415 1104 2445 Θαι,
1138 2412 1159 2441 ἰ.
1188 2408 1379 2449 ἱδρύσασθαι,
1402 2408 1479 2448 quia
1507 2407 1630 2447 ubique
1653 2410 1744 2436 stata

1047 2464 1136 2492 esset
1153 2466 1188 2490 et
1207 2464 1416 2490 consecrata.
1442 2457 1538 2487 Idem.

1088 2517 1101 2537 5
1127 2512 1190 2546 Qui
1204 2510 1355 2550 plurimus
1372 2507 1538 2548 ibifiebut]
1573 2505 1628 2536 Ob
1645 2514 1746 2536 excu-

1047 2563 1116 2594 bias
1141 2562 1284 2601 scilicet,
1309 2571 1383 2601 quae
1414 2562 1447 2590 in
1475 2557 1547 2590 foro
1574 2557 1747 2598 praecipue

1048 2613 1247 2653 agebantur.
1276 2612 1371 2641 Mem.

1092 2670 1102 2683 z
1127 2663 1241 2692 Statua
1259 2665 1301 2691 est
1320 2661 1426 2699 Ludii,
1439 2659 1518 2699 rjus]
1543 2658 1632 2688 Hinc
1650 2656 1748 2687 intel-

1051 2712 1206 2754 ligendus
1223 2712 1314 2743 locu»
1328 2711 1414 2742 Pub.
1430 2709 1579 2741 Victoris
1596 2707 1698 2748 quiin
1715 2708 1746 2737 8.
