1876 3025
255 147 339 187 704

716 154 863 185 SEXTI
901 153 1103 184 POMPEll
1139 154 1274 184 FESTI

317 251 361 294 N
365 252 527 293 aevium
549 252 593 291 in
616 252 806 292 carmine
835 248 996 291 Punici
1027 248 1156 290 belli:
1190 248 1366 289 Summe
1391 248 1534 289 Deum
1557 259 1710 299 regna-

314 324 381 361 tor
400 320 610 374 quianam
631 332 767 372 genus
800 318 902 359 isti:
934 321 976 358 et
1011 317 1058 357 in
1090 321 1264 371 satyra:
1302 315 1523 367 Quianam
1563 315 1711 355 Satur·

313 388 432 428 nium
454 387 667 441 populum
697 386 924 440 pepulisti.

986 385 1041 425 Et
1064 385 1232 426 Ennius
1274 385 1319 425 in
1346 385 1458 425 libro
1491 383 1710 437 septimo:

315 453 539 505 Quianam
558 454 690 495 dictis
711 454 868 494 nostris
889 452 1110 493 sententia
1130 452 1250 496 flexa
1268 452 1387 495 est.¹⁶

258 521 482 572 Quianam
526 535 606 576 pro
645 534 793 575 quare,
833 524 876 561 et
906 533 999 568 cur,
1037 521 1231 574 ponitur.

1291 520 1483 561 Ennius:
1529 518 1619 572 [PA
1631 528 1657 559 U
1668 528 1710 557 L.

316 589 536 641 Quianam
560 589 688 630 dictis
709 588 870 629 nostris
892 588 1111 629 sententia
1130 588 1247 631 flexa
1266 593 1351 630 est.

260 655 378 707 Quid
400 655 513 697 nisih
534 655 822 709 usurpavisse
847 655 1056 708 antiquos
1077 656 1204 697 testis
1225 659 1292 697 est
1313 654 1525 697 Afranius
1549 650 1712 704 [FEST.

316 726 361 766 in
382 724 610 779 Epistula:
642 736 713 764 me
737 728 916 763 auctore
933 728 1076 764 mater
1099 724 1372 765 abstinebis:
1405 721 1511 776 quid
1527 719 1641 761 nisi?

259 790 558 843 Quietalus¹7i
588 792 644 832 ab
665 791 859 844 antiquis
881 790 1109 832 dicebatur
1131 791 1291 833 Orcus.

260 860 348 911 Qui
385 861 469 902 hoc
493 857 716 909 censetis,k
744 860 851 900 illuc
887 860 1083 909 transite,
1116 859 1193 914 qui
1225 859 1314 901 alia
1345 857 1492 899 omnia
1523 856 1566 896 in
1601 854 1712 894 hanc

317 933 485 982 partem
505 942 514 969 :
546 928 613 968 his
639 928 785 968 verbis
806 927 955 981 praeit,
979 928 1138 969 ominis
1161 927 1368 969 videlicet
1388 937 1540 973 causa,
1573 936 1627 963 ne
1650 922 1714 962 di·

318 1004 407 1047 cat,
427 997 502 1051 qui
526 1010 613 1037 non
635 996 844 1037 censetis.

262 1065 559 1117 Quincentum
578 1063 586 1086 ¹
618 1069 662 1105 et
683 1064 902 1117 producta
924 1065 1066 1120 prima
1089 1064 1278 1119 syllaba,
1314 1067 1359 1103 et
1389 1074 1462 1114 per
1484 1059 1520 1100 C
1542 1059 1711 1099 literam

319 1137 536 1186 usurpant
552 1132 582 1155 ¹8
615 1132 805 1186 antiqui,
826 1134 946 1187 quod
970 1139 1131 1188 postea
1151 1131 1292 1174 levius
1313 1130 1455 1171 visum
1476 1132 1560 1176 est,
1583 1126 1647 1166 ita
1666 1129 1716 1164 ut

317 1214 430 1242 nunc
453 1200 641 1242 dicimus
663 1201 956 1254 pronunciari.

871 1319 987 1331 oooooo

990 1319 1105 1331 eeeeee

307 1397 346 1426 16
383 1396 392 1412 ‘
410 1395 500 1434 Lege
530 1396 577 1425 ita
602 1395 804 1426 Naevianum
833 1396 1050 1427 Saturnium:
1091 1396 1215 1427 Summe
1252 1397 1348 1427 Deum
1379 1397 1542 1433 regnator,
1571 1390 1717 1432 quianam

259 1438 420 1477 genuisti?
477 1438 630 1468 Enniano
655 1439 767 1469 versui
797 1438 891 1470 deest
920 1440 1046 1480 syllaba
1075 1440 1132 1470 heu
1154 1451 1164 1470 .·

1198 1439 1273 1470 Heu
1288 1439 1301 1470 !
1321 1439 1466 1479 quianam
1488 1435 1581 1466 dictis
1605 1433 1718 1464 nostris

261 1481 415 1512 sententia
430 1480 520 1521 flexa
544 1480 613 1512 est!
641 1481 714 1513 Jos.
739 1481 914 1514 Scal.—l7
940 1483 1026 1514 Mss.
1053 1483 1182 1514 habent
1206 1483 1456 1518 Quietulis.-18
1480 1479 1540 1510 Vir
1566 1477 1657 1508 doct.
1684 1475 1716 1505 in

263 1533 369 1565 marg.
385 1523 441 1555 ed.
458 1524 546 1554 Scal.
565 1523 704 1564 conjicit
719 1525 920 1565 usurpabant.

915 1623 1059 1655 NOTAE

304 1694 320 1715 ¹¹
344 1695 428 1730 Quid
443 1695 520 1736 nisi]
548 1695 615 1726 Pro
632 1696 758 1735 quidni.
805 1699 851 1728 Ni
874 1699 962 1729 enirn

263 1746 476 1776 decurtatum
493 1755 535 1776 ex
556 1746 631 1786 uisi,
656 1748 745 1787 quod
772 1754 823 1779 est
851 1758 911 1789 pro
935 1749 964 1779 si

261 1806 334 1827 non.
359 1796 447 1827 Dae.

305 1845 313 1866 ⁵
338 1847 516 1887 Quietalus]
532 1847 558 1877 A
577 1848 690 1888 quiete,
704 1849 793 1891 quod
812 1850 857 1881 ibi
875 1860 963 1882 mor-

264 1896 314 1927 tui
332 1897 520 1937 quiescant.
544 1898 640 1928 Idem.

307 1945 321 1965 k
346 1946 411 1981 Qui
427 1947 481 1977 hoc
496 1947 642 1987 censetis]
674 1948 761 1980 Haee
791 1949 894 1981 verba
917 1950 965 1980 di·

263 1995 428 2027 cebantur
445 1997 477 2027 in
494 1997 621 2028 Senatu
640 1997 683 2028 ab
697 2008 736 2029 eo
753 2001 966 2040 magistratu,

266 2047 324 2087 qui
339 2047 505 2078 retulerat
524 2048 636 2089 aliqua
664 2049 704 2079 de
733 2059 768 2080 re
796 2050 836 2080 ad
860 2051 965 2082 Sena-

266 2102 351 2136 tum,
385 2103 424 2128 ut
452 2107 513 2138 per
539 2097 780 2130 discessionem
820 2101 965 2131 Senatus

266 2148 457 2179 consultum
475 2148 617 2180 faceret.
665 2151 737 2182 Cic.
755 2152 812 2183 lib.
830 2153 965 2192 1.epist.

265 2201 297 2228 2.
320 2198 386 2228 ‘de
413 2198 520 2229 tribus
548 2200 669 2240 legatis
695 2200 892 2242 frequentes
919 2203 966 2233 ie-

267 2252 345 2278 runt
361 2247 394 2278 in
411 2248 477 2278 alia
499 2249 633 2279 omnia.’
678 2250 766 2282 Vide
793 2251 882 2282 Gen.
909 2252 966 2283 lib.

269 2306 348 2329 xw.
364 2307 440 2338 cap.
457 2301 487 2329 7.
511 2299 589 2329 Aut.
602 2300 688 2339 Aug.

312 2347 439 2383 Quihoc
454 2349 598 2389 censetis]
617 2350 655 2380 In
671 2352 816 2382 Senatus
833 2354 967 2384 consul-

269 2402 304 2427 to
333 2406 393 2437 per
419 2398 657 2430 discessionem
683 2400 844 2433 faciendo
865 2404 966 2434 moris

267 2453 352 2486 erat,
367 2455 404 2479 ut
420 2449 548 2487 consul,
565 2456 622 2480 aut
641 2451 667 2481 is
686 2452 741 2491 qui
767 2462 842 2483 cum
870 2453 968 2493 insig-

268 2498 367 2529 nibus
384 2498 514 2539 imperii
533 2501 582 2530 vel
600 2501 776 2532 lictoribus
791 2508 876 2542 erat,
892 2512 968 2534 cum

268 2558 335 2589 qua
359 2549 401 2580 ‹le
429 2559 530 2580 causa
559 2551 720 2582 Senatum
752 2561 970 2589 convocaret,

269 2599 455 2637 retulisset,
482 2599 531 2629 liis
550 2600 658 2631 verbis
676 2603 860 2632 sententias
880 2612 972 2642 roga-

270 2654 340 2678 ret:
373 2657 434 2682 QUi
454 2658 527 2680 noc
544 2659 842 2689 emsETis‚11.Luc
857 2661 970 2683 TRAN-

271 2706 556 2732 SiTE2QU1AL1A
571 2709 706 2740 comm,
718 2710 753 2731 ιΝ
771 2710 870 2733 HANG
885 2711 971 2733 PAR·

1018 1707 1107 1729 TEM.
1144 1697 1277 1728 Ominis
1292 1701 1404 1727 autem
1422 1703 1523 1725 causa
1540 1693 1585 1723 ita
1602 1692 1718 1733 loque-

1019 1748 1129 1783 batur,
1156 1748 1209 1788 qui
1229 1749 1293 1778 alia
1315 1746 1429 1784 omnia,
1450 1754 1492 1775 ne
1509 1743 1655 1781 diceret,
1669 1741 1721 1781 qui

1017 1800 1221 1830 martirium.
1268 1798 1348 1836 Vel,
1373 1797 1430 1837 qui
1447 1796 1546 1826 aliter
1563 1792 1721 1830 censetis,

1019 1849 1108 1890 quod
1149 1855 1261 1879 tamen
1302 1849 1408 1888 ipsum
1448 1844 1630 1886 significat,
1661 1841 1719 1873 sed

1019 1907 1263 1930 con-rimarum
1278 1899 1328 1928 vel
1346 1905 1479 1928 MATER
1498 1901 1533 1925 ut
1550 1894 1626 1925 mali
1641 1893 1722 1923 omi-

1021 1951 1071 1980 nis
1084 1949 1222 1981 verbum
1242 1949 1407 1989 fugiebat.
1440 1947 1530 1977 Hinc
1544 1945 1626 1975 illud
1643 1944 1722 1975 Hir-

1023 2000 1060 2031 tii
1088 2000 1146 2031 lib.
1165 2008 1248 2030 νιιι.
1273 1999 1316 2029 de
1340 1998 1429 2029 bello
1446 1996 1601 2028 Gallico:
1626 1995 1723 2024 ‘Dis-

1023 2050 1211 2080 cessionem
1239 2048 1388 2079 faciente
1412 2046 1590 2083 Marcello,
1617 2045 1723 2074 Sena-

1023 2106 1077 2130 tus
1095 2099 1255 2140 frequens
1278 2099 1309 2129 in
1338 2099 1402 2129 alia
1429 2096 1540 2127 omnia
1564 2094 1721 2126 t=·ansiit.’

1025 2150 1112 2180 Fuse
1124 2149 1211 2180 hunc
1223 2158 1348 2180 morem
1363 2147 1510 2187 explicat
1523 2146 1612 2176 l’lin.
1625 2145 1723 2184 epist.

1024 2203 1075 2230 14.
1104 2200 1160 2230 lib.
1178 2209 1258 2230 vul.
1307 2198 1396 2230 Quid
1416 2199 1426 2228 ἓ
1452 2198 1504 2227 lex
1523 2206 1588 2226 non
1603 2201 1722 2236 aperte

1022 2250 1124 2281 docet
1148 2250 1258 2281 dirimi
1277 2249 1403 2279 debere
1428 2248 1626 2280 sententias,
1647 2256 1722 2276 cum

1022 2302 1070 2332 ita
1087 2300 1323 2332 discessionem
1337 2298 1541 2339 fierijubet:
1567 2306 1628 2331 Qui
1643 2305 1722 2328 HAEC

1021 2360 1199 2386 censeris,
1244 2360 1283 2381 1N
1326 2359 1426 2381 HANG
1464 2357 1623 2383 PARTEM,
1659 2356 1721 2380 Qui

1023 2411 1105 2432 ALrA
1123 2410 1258 2438 οΜΝιΛ,
1285 2411 1322 2432 m
1352 2408 1462 2431 1LLAM
1490 2407 1636 2430 PARTEM
1664 2408 1723 2430 ru:

1024 2460 1097 2484 QUA
1120 2453 1298 2482 SENTlTis?
1322 2452 1404 2482 Dac.

1067 2500 1074 2521 ¹
1100 2502 1323 2542 Quincentum]
1347 2503 1393 2533 Ut
1417 2502 1426 2518 ‘
1440 2502 1614 2541 ducenta,’
1632 2503 1641 2519 ‘
1658 2508 1724 2534 tre-

1025 2551 1146 2586 centa,’
1170 2552 1179 2568 ‘
1194 2551 1382 2583 sexcenta)
1424 2554 1490 2583 Sed
1509 2559 1629 2592 postca
1645 2554 1724 2593 quia

1027 2607 1102 2642 post
1125 2612 1144 2631 η
1167 2602 1253 2631 male
1268 2607 1363 2632 sonat
1387 2613 1411 2640 c,
1430 2602 1576 2641 εὐφωνίας
1593 2612 1690 2632 causa
1708 2612 1722 2631 c

1026 2652 1060 2682 in
1077 2662 1100 2689 g*
1118 2657 1293 2689 mutatum,
1309 2658 1343 2682 et
1362 2652 1605 2694 ‘quingentum
1621 2652 1627 2662 '
1655 2652 1722 2682 dici

1025 2709 1174 2743 coeptum
1193 2708 1257 2734 est.
1284 2703 1378 2734 Idem.
