1876 3025
625 160 991 194 FRAGMENTUM.
1420 146 1531 187 1037

81 275 200 305 reum
220 260 456 308 vinculum,
472 270 559 312 quo
580 258 717 312 pedes
735 257 1050 310 impediuntur.
1069 264 1324 307 quanquam
1344 251 1531 292 Plautus

82 344 135 371 eo
164 330 297 369 etiam
326 327 522 368 cervices
547 327 699 366 vinciri
723 325 814 366 ait:
851 323 1087 377 perfidiose
1110 325 1268 373 captus
1297 331 1351 359 eo
1378 318 1480 370 epol
1498 323 1533 340 20

82 410 208 438 nemo
227 396 420 437 cervices
443 396 613 447 probat.
675 393 857 434 Nexum
881 404 959 439 aes,
992 388 1108 444 apud
1133 388 1336 440 antiquos
1357 385 1533 426 diceba-2

82 471 154 505 tur
184 463 386 517 pecunia,
415 476 515 515 quae
537 475 613 515 per
634 474 790 501 nexum
813 459 1044 511 obligatur.
1106 456 1351 508 Negumate
1373 454 1418 494 in
1441 466 1533 494 car-

82 533 195 573 mine
217 544 297 572 cn.
332 530 475 571 Marci
504 529 634 578 vatis,
663 526 895 580 significat,
918 529 1103 577 negate:
1135 537 1232 565 cum
1261 524 1349 564 ait:
1382 535 1533 576 quam‘

82 601 149 641 vis
166 598 432 639 moventium
448 597 638 637 duonum
654 597 898 647 negumate.
933 593 1115 645 Negritu
1132 591 1176 631 in
1192 590 1383 643 auguriis
1399 590 1535 642 signi-

82 666 187 707 ficat
201 665 426 719 aegritudo.
460 663 640 705 Nebulo
657 663 801 702 dictus
819 666 899 710 est,
915 665 961 701 ut
975 661 1037 700 ait
1053 660 1195 700 AElius
1213 658 1342 708 Stilo,
1360 658 1433 711 qui
1448 670 1535 697 non

83 734 220 788 pluris
241 738 322 782 est,
345 745 474 785 quam
493 730 667 779 nebula,
689 732 764 770 aut
784 741 915 782 quam
950 741 1038 768 non
1060 727 1191 767 facile
1214 726 1410 779 perspici
1432 737 1535 778 pos-

85 803 156 850 sit,
173 801 316 854 qualis
340 801 424 851 sit3
457 811 661 852 nequam,
684 802 885 849 nugator.
923 795 1015 848 [14]
1040 794 1348 846 Negibundum
1372 792 1537 847 antiqui

75 883 156 923 pro
177 874 388 923 negantem
410 866 614 906 dixerunt.
679 864 783 905 Cato
806 863 846 903 in
865 876 932 912 ea,
950 876 1080 916 quam
1098 862 1278 914 scripsit

467 933 738 986 negibundus
856 963 865 972 .
988 961 998 971 .
1119 962 1128 972 .
1251 960 1260 971 .
1379 928 1537 970 Neuti-

85 1018 214 1058 quam
230 1009 336 1057 apro
359 1000 471 1042 nullo
492 1000 607 1041 modo
629 999 722 1049 dic-11,
742 998 848 1040 testis
867 1005 923 1038 est
1051 1028 1061 1037 .
1179 1029 1188 1038 .
1308 1025 1317 1035 .
1435 1009 1535 1036 cum

85 1073 173 1113 ait:
205 1071 293 1113 Sed
324 1069 421 1110 milei
451 1068 686 1124 neutiquam
717 1082 783 1107 cor
812 1066 1022 1115 consentit,
1054 1080 1141 1105 cnm
1166 1065 1321 1106 oculor.
1344 1066 1537 1117 aspectu.

90 1138 197 1180 Cice.
221 1136 526 1179 Indissolubz‘les
549 1135 709 1190 quidem
726 1148 804 1174 esse
826 1148 902 1173 non
919 1132 1102 1187 potestis,
1125 1133 1383 1186 neutiquam
1402 1137 1538 1170 tamen

85 1204 366 1246 dissolvemini.
429 1201 601 1256 Nepos,b
621 1201 851 1242 luxuriosus
872 1215 897 1241 a
918 1200 1080 1241 Tuscis
1101 1201 1283 1240 dicitur:
1304 1212 1398 1238 nam
1419 1212 1539 1251 nepo⁶⁵

87 1281 142 1314 tes
162 1279 255 1313 sunt
278 1270 492 1312 luxuriosae
512 1269 604 1310 vitae
624 1270 816 1310 homines
838 1267 1036 1321 appellati
1053 1283 1066 1311 ;
1097 1267 1206 1322 quod
1230 1281 1306 1306 non
1328 1264 1457 1319 magis
1479 1263 1539 1303 leis

87 1355 149 1381 res
190 1355 272 1382 sua
301 1338 524 1381 familiaris
554 1351 660 1377 curce
691 1343 761 1386 est,
792 1350 915 1390 qaam
940 1335 1002 1384 iis,
1033 1334 1179 1390 quibus
1203 1341 1328 1387 pater
1362 1346 1539 1386 avusque

86 1409 265 1450 vivunt:
299 1407 414 1462 quod
432 1420 573 1447 nomen
594 1405 757 1445 ductum
779 1404 832 1444 ab
862 1419 920 1454 eo,
943 1403 1051 1459 qaod
1071 1410 1191 1442 natus
1216 1408 1310 1456 post
1327 1400 1443 1453 patri
1464 1401 1539 1449 sit,

87 1490 218 1531 quam
240 1474 366 1517 filins.
431 1472 626 1523 Quidam,
657 1473 763 1513 inter
793 1486 890 1526 qnos
923 1470 1205 1511 Aristarchus
1228 1470 1429 1522 interpres
1451 1465 1541 1506 Ho-

87 1543 201 1592 meri,
227 1541 417 1584 Grcccum
437 1555 515 1581 esse
535 1540 692 1590 volant,
714 1539 770 1580 ad
789 1538 896 1594 quod
913 1540 1027 1578 τεοῖο-ι
1052 1539 1257 1577 νεπόδεσσιν
1279 1535 1420 1587 ἑτοίμη,
1440 1550 1462 1573 a
1502 1548 1541 1574 e-

89 1618 181 1651 runt
222 1625 268 1651 ex
309 1609 544 1663 Apollonio.
629 1606 825 1660 Nepleasti
848 1611 862 1628 ‘³
903 1606 997 1646 dies
1042 1604 1301 1646 notabantur
1336 1601 1381 1642 N
1419 1602 1539 1642 litera

88 1677 197 1734 quod
215 1678 263 1718 iis
285 1676 433 1731 nephas
452 1684 508 1717 est
531 1674 711 1715 Praetori
733 1678 841 1727 aput
858 1679 869 1697 ¹
904 1686 1032 1726 quem
1056 1671 1142 1727 lege
1162 1671 1316 1726 agitur,
1334 1670 1436 1722 fari
1457 1669 1541 1710 tria

88 1745 227 1795 verba,
258 1744 324 1795 do,
354 1744 457 1793 dico,
488 1743 658 1784 addico.
720 1742 838 1794 Nep.
871 1747 964 1780 nota
996 1739 1205 1794 designari
1234 1737 1360 1778 solent
1382 1738 1454 1792 qni
1472 1752 1541 1777 ne-

82 1814 224 1868 plmstz‘
240 1815 406 1867 priores
429 1817 542 1861 sunt,
564 1824 739 1864 qaorum
764 1823 865 1863 pars
885 1805 1181 1861 anterior-fas:
1213 1805 1273 1845 ln's
1309 1806 1411 1846 servi
1433 1805 1542 1845 libe-

92 1883 173 1923 rati
197 1886 312 1931 sunt,
328 1881 499 1921 delectas
518 1878 734 1928 habentur,
757 1876 951 1917 exercitas
971 1873 1225 1923 scribuntur,
1243 1879 1288 1914 et
1308 1874 1352 1913 in
1369 1873 1543 1927 provin-

91 1950 174 2005 cias
194 1949 253 1989 ire
276 1948 380 1998 licet,
415 1962 530 1988 sacra
559 1960 717 2002 quoqne
747 1945 952 1986 instituta
984 1943 1103 1992 fiunt,
1134 1948 1171 1982 et
1192 1948 1287 1982 vota
1307 1947 1542 1994 nuncupata

90 2018 203 2067 solvi,
225 2022 268 2057 et
287 2017 406 2057 aedes
427 2016 605 2063 sacrari,
627 2013 775 2055 solent.
838 2011 956 2065 Nepa
989 2010 1194 2066 Asi-orum
1226 2009 1368 2063 lingna
1402 2008 1542 2057 sidus,

91 2085 209 2140 quod
232 2085 388 2126 dicitur
409 2097 435 2125 a
455 2084 618 2125 nostris
639 2095 797 2132 cancer,
822 2079 888 2120 vel
909 2087 950 2120 nt
973 2078 1137 2134 quidam
1159 2076 1300 2118 volunt
1325 2075 1541 2129 scorpios.

699 2210 936 2222 eeeeeeeeeeee

134 2285 177 2315 20
199 2281 225 2313 f.
242 2282 430 2321 oedepol.—l
458 2281 481 2311 f.
498 2281 591 2321 apud⁵

750 2376 890 2407 NOTAE

138 2458 153 2474 ³
177 2451 381 2492 Neutiquam]
405 2452 470 2482 Hic
498 2451 586 2482 idem
606 2460 721 2481 vorsus
745 2452 790 2482 ci·
847 2448 1148 2490 p0s‚1uxu=-i0sns.'

98 2508 192 2535 tatur
216 2513 234 2534 a
251 2504 428 2542 Cicerone,
449 2502 521 2532 sine
543 2501 653 2541 po'etae
680 2506 791 2532 tamen
891 2505 903 2519 ⁰
928 2498 1096 2538 Nephasti]
1124 2495 1252 2534 Nefasti
1277 2495 1309 2525 in
1334 2498 1449 2524 vetere
1477 2492 1544 2522 Κει-

98 2554 244 2592 nomine,
257 2554 288 2584 in
302 2552 529 2583 Academicis.
548 2552 722 2583 Ciceronis
735 2562 792 2582 au-
847 2549 1000 2580 lendario
1023 2548 1053 2579 N
1073 2548 1170 2578 litera
1186 2546 1391 2578 indicantur,
1412 2548 1447 2573 ut
1466 2550 1546 2573 FER.

99 2609 167 2634 teni
196 2605 289 2634 locus
305 2603 359 2643 qui
377 2602 557 2633 adducitur
571 2612 589 2633 a
606 2603 718 2641 Festo,
735 2612 792 2633 ex·
851 2608 960 2630 vous.
978 2608 1012 2629 N.
1030 2606 1090 2628 xv.
1107 2606 1189 2629 ΚΑΒ.
1205 2605 1287 2628 JUN.
1336 2593 1470 2625 Nefasti
1489 2602 1547 2621 au-

99 2659 150 2685 tat
163 2655 194 2685 in
211 2653 326 2685 lib.de
343 2653 586 2683 Universitate.
851 2656 919 2681 tem
946 2649 1073 2689 priores
1098 2648 1161 2678 hac
1188 2652 1271 2677 nota
1300 2643 1545 2685 significantur.

142 2705 156 2725 ὓ
181 2703 299 2743 Nepos]
311 2703 468 2735 Placidus
483 2704 516 2734 in
531 2702 679 2734 Glossis:
707 2703 715 2717 ⁴
728 2702 796 2733 Ne·
852 2710 888 2732 Ν.
906 2710 938 2731 P.
