1876 3025
725 158 944 191 scHEnAE.
1450 148 1561 189 1185

105 257 342 311 spoliorum
366 256 515 296 talem.
575 253 716 308 Cujus
745 255 950 308 auspicio
980 254 1123 294 classe
1151 253 1376 306 procincta
1406 253 1558 305 opima

105 325 256 378 spolia
291 324 538 376 capiuntur,
574 322 677 362 Jovi
725 321 920 362 Feretrio
958 321 1097 361 darier
1133 324 1351 374 oporteat,
1393 326 1436 360 et
1481 321 1557 359 bo-

103 406 201 432 vem
232 392 420 442 caedit03
453 391 526 443 qui
557 390 676 442 cepit
708 390 808 430 aeris
849 402 915 429 cc.
962 388 1156 429 secunda
1187 388 1332 441 spolia
1362 387 1406 426 in
1440 388 1557 428 Mar-

105 462 162 500 tis
204 472 324 500 aram
366 459 411 499 in
453 471 627 510 campe,
675 457 941 498 solitaurilia
984 461 1078 497 utra
1120 456 1319 504 voluerit,
1371 454 1558 495 caedito:

103 528 232 569 tertia
271 527 416 580 spolia
450 526 630 567 Janui¹⁶
679 525 860 575 Quirino
903 538 1060 577 agnum
1097 537 1258 564 marem
1301 522 1473 564 caedito.
1518 536 1556 563 c.

104 597 180 649 qui
208 596 370 649 ceperit
399 607 456 635 ex
488 607 573 635 aere
605 593 736 643 dato;
768 593 895 646 cujus
930 593 1136 645 auspicio
1157 596 1289 645 capta
1311 590 1380 631 dis
1403 591 1557 644 piacu-

100 656 192 703 lum
220 663 348 704 dato:
379 662 507 715 hujus
538 661 647 703 aedis
678 661 754 700 lex
784 660 903 700 nulla
933 664 1080 711 extat3
1112 673 1209 712 neq.
1243 659 1451 712 templum
1483 659 1558 698 ha-

101 733 207 771 beat
228 736 362 783 neq.¹7
386 731 532 771 scitur.
594 729 657 770 Ut
673 727 747 781 qui
766 728 937 780 optima
953 727 1047 780 lege
1068 726 1267 767 suerint¹8
1290 725 1408 767 adici
1428 726 1556 774 solet,

102 812 202 839 cum
216 798 397 852 quidam
416 798 697 849 magistratus
717 800 919 835 creantur

104 864 333 906 Obscumb
365 865 472 905 duas
512 865 726 912 diversas,
759 867 805 903 et
835 863 1074 903 contrarias
1106 861 1451 914 significationes
1481 861 1557 900 ha-

101 934 199 974 bet:
246 946 340 973 nam
385 931 589 972 Cloatius
629 935 758 984 putat
797 943 848 970 eo
887 929 1109 970 vocabulo
1152 928 1274 982 [175]
1321 927 1557 980 significari

103 1014 290 1050 sacrum,
314 1014 399 1053 qno
422 1001 553 1040 etiam
584 1000 704 1051 leges
736 1010 874 1038 sacrae
908 998 1106 1037 obscatae
1125 1002 1155 1027 ¹9
1187 996 1410 1036 dicuntur:
1442 998 1483 1035 et
1513 995 1555 1034 in

101 1069 303 1108 omnibus
333 1068 425 1107 fere
455 1066 652 1118 antiquis
675 1065 1003 1106 commentariis
1026 1064 1227 1104 scribitur
1255 1062 1444 1116 Opicum
1474 1075 1555 1115 pro

102 1136 270 1184 Obsco,
305 1140 353 1175 ut
390 1135 432 1175 in
465 1134 601 1174 Titini
632 1132 786 1172 fabula
807 1131 988 1185 quinta:
1021 1130 1109 1180 Qui
1141 1131 1277 1171 obsce
1306 1135 1351 1169 et
1390 1128 1554 1170 Volsce

99 1202 368 1250 fabulantur,
400 1215 504 1242 nain
536 1201 691 1241 Latine
721 1200 941 1240 nesciunt:
974 1212 999 1239 a
1031 1212 1118 1252 quo
1150 1198 1282 1239 etiam
1311 1197 1445 1237 verba
1476 1197 1556 1236 im-

100 1270 328 1323 pudentia,
356 1274 399 1310 et
424 1270 542 1309 elata
571 1268 845 1321 appellantur
876 1267 1091 1317 obscena;
1123 1267 1229 1319 quia
1255 1264 1556 1318 frequentissi-

100 1351 197 1378 mus
238 1338 322 1377 fuit
363 1350 471 1377 usus
513 1335 643 1376 Oscis
679 1334 909 1375 libidinum
945 1346 1217 1387 spurcarum.
1278 1332 1366 1373 Sed
1400 1331 1554 1372 eodem

101 1405 235 1445 etiam
272 1406 439 1445 nomine
471 1403 722 1456 appellatur
757 1403 885 1443 locus
919 1402 963 1442 in
994 1415 1097 1454 agro
1127 1400 1322 1447 Veienti,
1350 1412 1441 1453 quo
1473 1399 1556 1440 frui

101 1473 222 1513 soliti
256 1472 496 1526 produntur
532 1470 733 1522 Augures
769 1475 835 1508 ΛΖΟ
869 1470 1076 1510 Romani.
1150 1468 1352 1520 Obigitat
1387 1467 1554 1520 antiqui

101 1539 319 1588 dicebant,
340 1552 419 1592 pro
441 1542 542 1579 ante
565 1538 724 1590 agitat;
759 1543 806 1578 ut
827 1537 1127 1578 obambulare.

160 1607 373 1655 Obinunt,
401 1602 598 1647 'Obeunt.
661 1604 903 1658 Objurarec
946 1604 1116 1657 antiqui
1151 1616 1231 1656 pro
1265 1602 1384 1643 aditu
1419 1615 1553 1655 ponc-

711 1735 944 1746 eeeeeeeeeeee

146 1831 185 1858 16
209 1826 231 1856 f.
257 1827 436 1856 ‚luna—17
464 1824 487 1854 f.
514 1826 705 1855 πωπω-18
735 1822 758 1854 f.
787 1824 983 1861 fuant.—-19
1007 1824 1050 1854 al.
1078 1826 1210 1853 sacrata>
1227 1822 1334 1860 obscoe,
1360 1820 1401 1850 al.
1417 1820 1551 1852 obsciloe.

100 1874 184 1902 —20
207 1869 229 1900 f.
245 1879 262 1900 Λ
277 1869 392 1909 publici
407 1869 519 1908 populi.

756 1944 900 1976 NOTAE

144 2010 157 2029 b
183 2010 331 2050 Obscum]
357 2010 455 2048 Opsce
486 2018 547 2048 pro
567 2010 646 2039 Osce
663 2009 694 2039 in
711 2008 798 2039 'riti-

102 2061 148 2091 nii
176 2071 270 2091 versu
298 2065 376 2090 suut
404 2059 459 2099 qui
490 2060 604 2098 legant
632 2069 671 2089 eo
688 2059 798 2094 modo,

101 2122 168 2152 quo
201 2112 388 2151 opstinatum
422 2118 484 2149 pro
525 2109 726 2148 obstinatum,
764 2114 799 2140 et

105 2164 171 2194 alia
184 2163 234 2193 his
251 2162 382 2201 similia,
398 2171 473 2201 quae
491 2160 623 2191 infinita
634 2170 732 2201 paene
748 2170 799 2192 re-

102 2214 300 2254 periuntur:
325 2221 409 2253 quos
431 2221 494 2251 ego
511 2220 575 2242 non
593 2220 715 2252 moror,
731 2222 797 2252 quo

101 2266 209 2295 minus
239 2266 364 2304 legant,
394 2268 432 2294 ut
471 2263 587 2293 lubet:
629 2263 687 2303 qui
719 2273 798 2294 vero

103 2315 234 2354 Opicum
256 2315 287 2344 in
322 2315 454 2353 Opscum
495 2314 691 2343 mutandum
720 2323 798 2343 cen-

102 2372 191 2405 sent,
205 2364 252 2394 eis
269 2365 365 2404 plane
384 2363 539 2393 assentiri
560 2372 626 2393 non
652 2373 798 2402 possum.

102 2416 189 2446 Nam
203 2424 319 2444 verum
336 2419 400 2450 est,
411 2413 498 2454 quod
509 2413 556 2444 ait
574 2414 708 2449 Festus,
726 2414 801 2454 Opi-

100 2476 167 2496 cum
199 2466 230 2495 in
258 2464 405 2505 antiquis
441 2463 690 2494 commentariis
738 2473 798 2504 pro

103 2518 216 2546 Oscum
232 2514 386 2553 inveniri,
399 2519 432 2543 et
451 2523 511 2553 pro
530 2514 624 2554 Opice
636 2514 797 2544 Titinium

105 2566 183 2596 Osce
199 2564 333 2594 dixisse.
347 2563 533 2603 Opicienim
552 2568 586 2594 et
605 2563 680 2593 Osci
696 2564 798 2594 iidem

102 2622 204 2646 suut:
231 2616 293 2645 hoc
313 2619 348 2645 ut
372 2613 520 2648 credam,
553 2614 673 2654 quibus
700 2624 796 2653 argu-

101 2666 223 2695 mentis
261 2664 423 2702 adducar,
470 2663 612 2696 docebo.
683 2665 796 2694 Livius

102 2715 187 2747 dicit
214 2715 387 2754 Fregellas
412 2714 635 2746 Sidicinorum
668 2725 796 2755 agrum,

187 2768 302 2808 Delph.
326 2771 356 2799 et
379 2768 452 2799 Var.
472 2769 553 2798 (las.

726 2769 835 2807 Pomp,

855 2007 979 2039 deinde
997 2007 1196 2038 Volscorum
1222 2004 1347 2035 fuisse:
1384 2003 1446 2033 hoc
1464 2002 1552 2032 idem

855 2064 921 2099 est,
947 2069 986 2089 ac
1014 2058 1040 2088 si
1069 2067 1131 2097 pro
1160 2055 1383 2087 Sidicinorum
1410 2053 1553 2083 dixisset

856 2109 1044 2140 Oscorum:
1070 2117 1145 2138 nam
1172 2105 1326 2144 Sidicini,
1352 2103 1435 2134 Osci
1461 2108 1552 2133 sunt.

855 2160 980 2192 Strabo
997 2159 1056 2190 lib.
1073 2168 1106 2189 v.
1136 2158 1311 2194 Σιδικηνῶν·
1329 2152 1413 2186 οὗτοι
1430 2153 1461 2184 δὲ
1473 2153 1550 2183 ’Ὀσ-

854 2222 912 2241 κυι.
949 2211 1032 2241 Cum
1058 2209 1171 2249 itaque
1189 2206 1274 2237 Livii
1303 2206 1412 2236 locum
1438 2204 1552 2234 imita-

855 2266 907 2292 tus
921 2260 1129 2299 Stephanus,
1160 2267 1221 2297 pro
1250 2256 1491 2288 Sidicinorum,
1518 2254 1550 2283 id

854 2316 917 2349 est,
929 2310 1112 2346 Oscorum,
1123 2307 1275 2348 posuerit
1289 2306 1433 2343 Ὀπικῶν,
1447 2305 1552 2334 maui-

852 2361 976 2392 festum
995 2364 1057 2395 est,
1076 2359 1208 2399 Opieos
1225 2363 1261 2388 et
1278 2357 1386 2387 Oscos
1413 2355 1551 2386 eosdem

853 2422 925 2443 esse
942 2422 950 2442 :
975 2410 1152 2451 φρέὙελλα,
1168 2410 1288 2450 inquit,
1302 2407 1551 2442 πόλιςἸταλίας,

853 2462 872 2500 ἢ
887 2462 923 2493 τὸ
937 2461 994 2501 μὲν
1009 2461 1139 2501 ἀρχαῖον
1160 2461 1295 2490 Ὀπικῶν
1318 2458 1367 2498 ἦν,
1392 2457 1498 2488 ἔπειτα
1518 2456 1551 2487 δὲ

853 2512 1059 2544 Οὐολούσκων
1075 2510 1212 2550 ἐγένετο.
1258 2511 1299 2540 In
1324 2509 1388 2539 fine
1417 2508 1552 2538 videtur

852 2563 1033 2604 legendum
1062 2562 1206 2599 Augures
1228 2560 1352 2591 Publici
1366 2558 1470 2598 populi
1490 2558 1551 2588 Ro-

852 2613 948 2648 mani,
981 2622 1022 2642 ex
1053 2612 1126 2642 loco
1155 2610 1253 2641 simili
1285 2611 1318 2640 in
1355 2610 1364 2624 ⁴
1384 2607 1549 2639 Publicus

854 2663 957 2703 agerl

895 2719 908 2733 c
934 2713 1101 2753 Olgjurare]
1128 2712 1212 2743 Vide
1230 2711 1262 2742 iu
1279 2712 1287 2728 ⁴
1304 2709 1434 2741 Obitu!

855 2768 939 2799 Fest,
1394 2766 1411 2793 -1
1438 2762 1464 2794 1⁴·
