1876 3025
653 151 1016 183 FRAGMENTUm.
1446 143 1558 186 1135

108 243 198 285 fere
221 243 434 299 supplicia
463 259 542 298 pro
558 245 687 299 poeuz's
715 245 922 286 dicuntur.
986 246 1116 287 Sufes
1132 251 1148 274 y
1170 245 1306 287 dictus
1338 244 1557 288 Pomorum

110 313 399 364 magistratus,
433 316 478 353 ut
510 312 721 353 Oscorum
759 311 1091 353 Mediastucicus.
1151 312 1350 353 Calidius
1391 313 1434 352 in
1466 327 1562 354 ora-

108 379 224 419 tione
244 379 285 419 in
313 377 367 422 Q.
396 378 631 421 Caecilium:
668 379 771 420 Non
794 393 849 420 ne
870 381 998 421 vobis
1015 379 1178 420 Judices
1199 379 1331 435 ignem
1352 383 1394 420 et
1412 380 1559 422 fumus

107 448 318 500 prosequi
349 454 387 487 et
407 448 585 500 flamma
621 448 806 489 videtur.
868 447 1046 489 Sinatus
1065 447 1095 471 ¹8
1133 447 1292 488 censuit
1323 446 1558 502 referentib.

109 513 276 554 sufetis.
337 515 428 555 Sub
442 520 456 536 ²
475 515 606 555 vitem
630 515 767 555 hastas
784 515 926 568 jacere
946 513 1070 568 [119]
1091 513 1240 555 dicitur
1252 513 1369 565 veles,
1386 529 1473 554 cum
1495 528 1560 555 eas

108 580 180 620 sub
201 594 331 622 manu
356 597 514 622 sursum
537 582 675 624 mittit.
736 583 933 624 Lucilius
954 597 962 622 :
1001 582 1065 623 Ut
1082 582 1183 622 veles
1206 581 1328 622 bonus
1348 581 1421 622 sub
1437 582 1562 623 vitem

108 650 183 702 qui
201 651 342 691 subsit
356 656 390 682 ¹9
406 650 568 690 hastas.
632 648 716 690 Sub
737 648 1054 703 ‘cltemproelz'ari
1074 650 1276 691 (licuntur
1293 649 1455 700 milites,
1474 664 1562 689 cum

107 715 180 755 sub
201 716 315 757 vinea
338 718 512 759 militari
533 725 742 771 pugnant,
769 716 983 758 Lucilius:
1018 717 1121 772 sEq.
1148 718 1323 772 prodire
1353 717 1396 758 in
1418 716 1561 767 altum,

103 783 292 836 proeliari
306 786 461 838 procul
482 787 563 826 sub
585 787 688 826 vite.
754 784 840 826 Sub
857 784 1167 839 vineamjacere
1183 784 1373 826 (licuntur
1387 785 1562 840 militeS‚

109 865 198 891 cum
218 851 471 892 adstantibus
489 853 825 903 centurionibus,
838 854 975 908 Jacere
991 860 1189 908 coguntur
1202 853 1327 893 sudes.
1388 852 1565 906 Suppa-

108 931 201 969 rus,
225 918 436 960 dicebatur
449 920 636 974 puellare
661 921 963 962 vestimentum
986 920 1151 972 lineum,
1171 920 1281 976 quod
1298 926 1332 960 et
1355 921 1565 961 subucula

109 985 419 1040 appellabatur.
481 987 731 1042 Pomponius
752 988 796 1028 in
821 990 858 1030 F
862 990 1037 1030 ullonia*

117 1052 257 1095 Velum
285 1069 415 1097 omne
448 1056 568 1110 quod
601 1070 648 1096 ea*
681 1056 764 1097 lino
796 1064 865 1107 est,
893 1056 1043 1097 dicitur
1063 1070 1320 1111 supparum:
1344 1056 1565 1109 puniceum

110 1122 389 1164 vestimentum
411 1124 469 1165 ita
491 1130 615 1166 vocat
637 1125 807 1166 Nevi²0
837 1126 889 1167 de
911 1125 1012 1166 bello
1037 1124 1224 1167 Punico.
1285 1124 1341 1166 Et
1368 1124 1410 1164 in
1442 1123 1566 1164 Nau-

111 1191 182 1241 tis,
203 1197 319 1231 vocat
346 1190 537 1246 Neptuno
564 1197 726 1233 vestem
758 1200 1070 1243 consecratam,
1101 1206 1352 1247 supparum:
1389 1197 1433 1230 at
1452 1202 1567 1230 nunc

112 1271 330 1312 supparos
352 1259 604 1313 appellamus
616 1259 706 1301 vela
723 1260 812 1301 lina
821 1261 913 1315 jam
929 1267 940 1285 ¹
965 1274 1141 1303 crucem
1158 1273 1347 1313 expansa,
1410 1256 1567 1297 Mulier

111 1325 280 1367 videtur
302 1328 453 1380 puella
473 1342 649 1381 supparo
679 1327 843 1378 induta,
874 1335 920 1368 ‘ut
941 1327 1154 1384 Afi'anius
1187 1328 1274 1368 ait:
1316 1325 1467 1367 Puella
1488 1338 1568 1364 non

112 1407 213 1443 sum,
244 1408 421 1448 supparo
455 1394 489 1434 si
517 1395 664 1437 induta
692 1409 802 1436 sum.
863 1396 1024 1449 Supa,2
1055 1394 1271 1450 siguificat,
1294 1392 1432 1446 jacit:
1463 1391 1568 1431 ‘uncle

112 1458 300 1514 dissipat,
324 1461 514 1515 disjicit:
535 1467 576 1503 et
596 1462 770 1517 obsipat,
793 1462 914 1503 obicit
932 1479 944 1501 .·
965 1469 1002 1503 et
1025 1463 1193 1516 insipat,
1216 1461 1368 1514 insipit
1431 1491 1440 1499 .

481 1530 608 1571 inicit
631 1531 694 1571 far
716 1531 758 1571 in
781 1531 930 1571 olam.³
947 1536 963 1553 ὃ
1026 1529 1192 1580 Sutelce,
1215 1528 1357 1569 dolosce
1378 1527 1568 1576 astutiae,

114 1608 140 1637 a
173 1595 449 1637 similitudine
486 1598 687 1638 suentium
720 1598 848 1639 dietae
881 1603 998 1639 sunt.
1059 1599 1296 1651 Suspectus,
1327 1602 1381 1636 est
1405 1594 1569 1634 diversa

114 1663 471 1717 significationis:
512 1680 537 1705 a
567 1666 745 1719 suspicor
778 1665 897 1715 enim,
929 1671 973 1707 et
1014 1666 1213 1719 suspicio
1246 1664 1402 1718 partim
1433 1661 1569 1703 venit³

117 1730 222 1784 itaq.
256 1745 343 1771 non
375 1732 544 1782 mirum,
578 1734 614 1773 si
646 1748 725 1773 non
756 1748 839 1774 arna
864 1732 1111 1789 signficatio
1141 1733 1235 1773 dari
1266 1733 1425 1784 potest.
1486 1730 1571 1770 Su-

114 1797 240 1838 trium
261 1799 379 1853 quasi
394 1807 502 1850 eant,
525 1802 632 1855 utiq.
654 1803 697 1842 in
721 1802 996 1855 proverbium
1020 1800 1121 1840 abiit
1137 1814 1183 1840 ex
1199 1799 1272 1839 hac
1294 1811 1427 1838 causa.
1460 1796 1571 1838 Gal-

114 1864 203 1905 lico
225 1865 405 1906 tumultu
438 1868 648 1921 quondam
683 1869 872 1910 edictum
911 1874 981 1909 est
1008 1869 1129 1922 [120]
1150 1868 1342 1920 legiones
1366 1865 1501 1905 Sutrii
1522 1868 1572 1905 ut

115 1936 278 1985 praesto
302 1938 449 1974 essent
471 1947 571 1975 cum
593 1936 696 1976 cibo
722 1949 827 1976 suo:
857 1936 976 1989 quod
999 1934 1202 1988 usurpari
1223 1937 1416 1985 coeptum
1439 1933 1507 1972 est
1528 1931 1571 1971 in

115 1999 187 2050 iis,
210 2000 391 2054 quisuis
413 2003 559 2053 rebus,
582 2003 787 2056 opibusq.
802 2002 935 2043 officii
953 2002 995 2043 id
1014 2005 1284 2056 praestarent,
1302 1999 1421 2053 quib.
1443 1998 1571 2039 debe-

727 2109 967 2122 eeeeeeeeeeee

119 2219 138 2248 3
160 2177 200 2248 }8
227 2173 256 2248 ll·
280 2174 513 2207 Senatus.-19
535 2175 557 2207 f.
580 2176 822 2209 submisit.—20
846 2176 870 2208 f.
889 2177 1090 2209 Naevius.—l
1113 2175 1136 2206 f.
1153 2175 1234 2207 linea
1250 2175 1360 2205 in.—2
1384 2172 1408 2203 f.
1425 2171 1571 2213 Sipat.--

178 2238 186 2248 .
208 2227 224 2247 o
250 2228 309 2248 am.

773 2284 920 2316 NOTAE

118 2345 265 2376 monium
282 2345 313 2375 in
331 2345 527 2384 fragmento
548 2352 715 2387 apparet:
741 2348 818 2378 reii-
874 2348 933 2379 bet
956 2348 1065 2386 subsit,
1090 2350 1128 2376 nt
1151 2355 1210 2376 nos
1227 2343 1404 2377 edidimus,
1421 2352 1486 2373 non
1514 2351 1571 2372 au-

118 2406 186 2437 qua
202 2396 285 2436 ipsae
307 2397 402 2427 nobis
426 2398 637 2438 antiquitatis
665 2398 817 2439 reiiquiae
874 2403 943 2429 tem
959 2398 1066 2428 subit:
1090 2405 1149 2437 pro
1176 2404 1242 2436 quo
1269 2394 1396 2425 Paulus
1419 2392 1573 2431 submisit,

118 2451 368 2487 suggesserunt,
396 2458 414 2478 a
438 2448 560 2488 quibus
589 2448 631 2478 de
655 2449 750 2489 Rege
767 2458 818 2478 sa·
874 2450 907 2479 in
920 2448 1081 2488 epitoma.

118 2505 252 2527 crorum
277 2496 310 2527 in
336 2499 457 2528 Forum
482 2499 695 2539 supplicandi
719 2509 820 2530 causa
914 2503 928 2518 ³
955 2496 1062 2536 Olam]
1089 2497 1181 2527 Olam
1207 2504 1268 2535 pro
1298 2494 1388 2524 onum
1410 2490 1571 2522 dicebant

120 2546 310 2587 prodeunte
334 2548 538 2588 accepimus.
874 2549 1015 2590 antiqui,
1032 2552 1069 2579 nt
1084 2549 1130 2578 ole
1156 2556 1215 2587 pro
1231 2546 1308 2576 olle.-
1333 2554 1406 2574 nam
1429 2541 1571 2572 semivo-

163 2602 176 2624 Υ
199 2596 306 2637 Sufes]
333 2599 421 2630 Vide
451 2609 553 2640 supra
581 2600 614 2630 in
652 2599 661 2616 ‘
678 2599 819 2631 Marita-
874 2600 975 2639 cales,
991 2602 1226 2635 consonantes,
1243 2601 1277 2626 et
1294 2599 1402 2625 mutas
1425 2602 1489 2624 non
1515 2601 1571 2633 ge-

121 2646 226 2678 Vffl'ess
875 2649 1059 2680 minabant.
1103 2647 1190 2679 Vide
1205 2646 1238 2677 in
1263 2643 1519 2677 ‘Solu-aurula?

163 2704 176 2720 2
200 2699 322 2741 Subsit]
345 2700 467 2733 Lucius
492 2701 525 2732 in
552 2700 738 2743 exemplari
761 2701 820 2731 ha-
