1876 3025
288 186 350 215 DE
383 181 653 214 inzssoRuM
687 179 1100 213 SIGNIFIGATIONE
1136 180 1226 210 [ΑΒ.
1260 178 1390 211 xvu.
1449 168 1532 208 911

92 278 328 321 Stultorum
360 278 480 319 feriae
522 276 857 330 appellabantur
871 280 884 305 ⁵
909 274 1164 325 Quirinalia,
1200 273 1318 327 quod
1354 272 1479 326 [PAU
1493 284 1532 312 [1-

147 360 201 387 eo
223 346 292 386 die
330 344 638 386 sacrificabant
670 345 715 393 ii,
737 345 813 397 qui
844 343 1023 383 solemni
1055 341 1123 382 die
1151 345 1227 382 aut
1261 353 1347 381 non
1379 343 1533 392 potue-

146 417 242 454 runt
263 426 350 453 rem
373 412 567 452 divinam
588 412 748 460 facere,
770 415 846 451 aut
872 411 1195 462 ignoraverunt.

91 480 323 521 Stultorum
338 477 488 534 eferiae
510 477 827 532 appellabantur
849 475 1106 527 Quirinalia,
1145 474 1215 530 qai
1235 481 1323 514 erat
1370 474 1532 523 [FEST.

145 545 371 601 diesfestus
392 547 467 599 qui
490 545 613 598 primi
634 544 742 599 quod
758 559 800 584 eo
821 544 884 584 die
909 542 1083 586 Quirino
1118 541 1366 583 sacrificant
1386 541 1431 590 ii,
1466 540 1536 594 qui.

145 613 308 653 solemni
329 613 391 653 die
414 619 487 652 aut
507 626 595 653 non
617 617 845 666 potuerant
872 625 954 650 rem
982 609 1162 650 divinam
1182 608 1340 664 facere,
1363 613 1440 648 aut
1471 608 1536 659 ig-

146 687 420 721 noraverunt.-
463 694 627 720 suorum
657 680 940 721 fornacalium
969 691 1174 717 sacrorum
1202 675 1305 716 diem
1332 676 1537 715 commis-

147 762 244 789 sum
262 747 470 802 piaculum
488 747 708 801 expiabant
729 759 859 796 more,
883 751 1005 800 atque
1026 744 1134 800 quod
1151 744 1231 784 suis
1258 757 1338 783 non
1345 740 1537 797 fecerant

149 817 310 869 quibus
331 813 791 869 permittebatarjeriis,
813 827 969 853 sacram
974 811 1206 868 faciebant.

92 883 310 936 Stuppam
326 881 339 905 f
354 883 487 923 linum
509 883 754 935 impolitum
777 881 1005 934 appellant
1026 879 1171 920 Graeci
1194 879 1337 920 Dorii.

92 950 300 1003 Stuprum
317 955 333 978 g
355 963 435 1002 pro
468 949 734 1002 turpitudine
756 949 962 1000 antiquos
985 947 1148 987 dixisse
1171 951 1359 999 apparet
1379 946 1423 985 in
1445 945 1537 986 Ne-

146 1018 207 1058 lei
243 1018 435 1058 carmine
454 1030 463 1057 :
507 1016 642 1065 foede,
678 1019 913 1068 stupreque
950 1014 1143 1066 castigor
1178 1014 1338 1055 cotidie
1358 1027 1365 1051 :
1415 1018 1459 1054 et
1493 1015 1537 1054 in

148 1084 272 1138 Appi
295 1083 552 1125 sententiis:
597 1083 673 1136 qui
703 1084 836 1123 animi
868 1112 878 1122 .

1251 1112 1261 1122 .
1292 1084 1536 1134 compotem

151 1150 284 1200 esse,h
307 1151 468 1204 nequid
492 1150 659 1192 fraudis
681 1151 910 1204 stuprique
933 1149 1097 1189 ferocia
1118 1148 1274 1201 pariat.
1322 1148 1507 1189 Naevius
1527 1162 1535 1185 :

152 1217 370 1273 Sesequei
401 1220 432 1259 ii
465 1220 605 1273 perire
626 1219 851 1259 mavolunt
883 1217 1061 1266 ibidem,
1094 1228 1226 1269 quam
1257 1228 1355 1256 cum
1387 1219 1537 1268 stupro

703 1334 818 1347 cccccc

137 1405 154 1432 5
181 1402 244 1433 Ed.
258 1402 346 1433 Scal.
363 1403 572 1443 appellantur.

822 1335 937 1347 cccccc

746 1499 885 1532 NOTAE

137 1580 150 1596 θ
194 1574 381 1617 Stultorum]
429 1575 518 1608 Vide
552 1576 561 1593 ‘
580 1575 790 1609 Quirinalia!

96 1625 174 1657 Ant.
191 1625 277 1664 Aug.

138 1676 325 1715 Stultorum]
350 1677 464 1716 Lege:
501 1675 674 1708 Stultorum
693 1676 791 1715 ferire

95 1726 328 1765 appellabantur
351 1727 541 1761 Quirinalia,
565 1727 617 1766 qui
639 1731 706 1757 erat
726 1727 793 1757 dies

87 1776 191 1813 festus
208 1776 347 1817 Quirini,
363 1778 440 1817 quod
463 1787 496 1808 eo
519 1778 569 1807 die
589 1777 721 1812 Quirino
743 1788 792 1808 sa-

96 1825 239 1865 crificant
263 1826 299 1864 ii,
314 1827 368 1865 qui
391 1827 507 1857 solenni
527 1827 577 1857 die
598 1830 651 1857 aut
667 1837 724 1857 non
740 1837 793 1867 po-

98 1878 225 1906 tuerunt
240 1885 304 1905 rem
320 1877 458 1907 divinam
466 1876 584 1914 facere,
599 1880 652 1907 aut
666 1877 793 1914 ignora-

96 1929 206 1956 verunt
242 1936 365 1956 suorum
391 1927 600 1964 fornae-alium
636 1937 793 1958 sacrorum

97 1974 190 2013 diem,
219 1976 410 2006 commisrum
443 1977 596 2016 piaculum
626 1977 793 2017 expiabant

98 2034 203 2064 moroe,
217 2029 308 2065 atque
322 2027 400 2065 quod
415 2027 481 2057 suis
491 2037 550 2057 non
556 2027 710 2064 fecerant,
724 2028 792 2067 qui-

99 2073 152 2103 bus
176 2075 413 2114 permittebatur
431 2076 529 2112 seriis
554 2086 675 2107 sacrum
691 2077 793 2115 facie-

100 2123 184 2155 bant.
229 2124 284 2154 Ita
305 2134 348 2154 ex
370 2125 502 2155 schedis
525 2127 641 2165 planus
663 2131 714 2157 est
738 2127 792 2157 hic

98 2173 202 2208 locus,
221 2175 275 2214 qui
299 2175 441 2215 pessime
466 2176 498 2206 in
525 2177 594 2207 aliis
617 2177 716 2208 editt.
740 2187 792 2208 ac-

101 2228 219 2263 ceptus
249 2229 313 2256 est.
359 2225 407 2256 Ut
435 2229 469 2256 et
496 2226 529 2256 in
557 2227 792 2266 Etymologico

101 2273 213 2303 Vossii
244 2274 277 2304 in
310 2284 389 2306 voce
419 2276 660 2308 ‘Quirinalia.'
706 2277 793 2308 Vide

102 2322 110 2338 ‘
125 2323 337 2354 Quirinalia!
360 2325 441 2356 Dac.

145 2371 157 2392 f
176 2372 341 2413 Stuppam]
366 2374 396 2405 A
413 2375 540 2406 Dorico
561 2375 699 2406 στόππα.
721 2376 773 2407 Id.

146 2427 161 2448 g
185 2422 349 2463 Stuprum]
371 2425 547 2456 Sententia
570 2426 696 2466 Appii:
733 2427 796 2461 Qui

104 2471 200 2502 animi
223 2473 285 2501 volt
307 2482 371 2504 sese
397 2478 562 2514 compotem
581 2485 658 2516 esse,
684 2476 797 2515 nequid

95 2520 222 2558 fraudis
236 2522 393 2560 stuprique
400 2522 522 2559 ferocia
535 2524 651 2564 pariat.
682 2524 793 2556 Naevii

105 2581 222 2602 versus
237 2570 408 2603 Satin-nii:

105 2622 234 2661 Seseque
249 2621 277 2651 ei
290 2622 391 2661 perire
405 2624 559 2654 mavolunt
574 2625 697 2665 ibidem,

109 2673 208 2707 Quam
216 2682 283 2702 cum
293 2676 399 2713 stupro
406 2673 504 2705 redire
512 2675 551 2705 ad
557 2684 626 2706 suos
630 2676 797 2715 popularis.

149 2722 237 2753 Item
254 2734 260 2752 z

841 1574 899 1605 Sin
914 1575 982 1604 illos
995 1574 1138 1605 deseritis
1145 1573 1346 1611 fortissumos
1362 1573 1510 1612 virorum,

844 1626 998 1665 Magnum
1018 1626 1090 1656 inde
1108 1629 1250 1666 stuprum
1270 1626 1356 1665 poplo
1370 1625 1449 1666 fieri
1468 1636 1538 1665 per-

927 1676 1021 1714 getis.

846 1725 893 1756 Ut
911 1734 930 1755 a
951 1724 1104 1764 prohibeo,
1118 1724 1289 1763 proebram,
1312 1728 1346 1754 et
1369 1724 1512 1763 probrum
1527 1735 1539 1761 ;

846 1775 893 1806 sic
911 1785 929 1805 a
945 1779 1063 1814 stupeo,
1078 1778 1227 1814 stuprum.
1252 1774 1323 1806 JOS.
1341 1775 1430 1805 Scal.

890 1824 1054 1864 Stuprum]
1088 1825 1156 1855 Pro
1182 1825 1330 1864 qualibet
1357 1824 1540 1864 turpitudi-

846 1883 901 1913 ne,
924 1874 1012 1905 unde
1037 1874 1070 1904 in
1089 1874 1219 1905 Glossis
1243 1874 1424 1914 exponitur
1448 1885 1540 1912 μιασ-

845 1923 913 1963 μός.
940 1925 1020 1955 Duc.

888 1974 903 1995 ¹¹
920 1975 982 2010 Qui
995 1974 1091 2005 animi
1108 1998 1116 2007 .
1133 1997 1140 2007 .
1158 1998 1166 2007 .
1183 1978 1347 2015 compotem
1360 1975 1439 2016 esse]
1454 1975 1540 2015 Sup-

846 2024 1006 2064 piendum
1024 2025 1160 2055 videtur
1178 2035 1240 2055 vox
1258 2029 1383 2065 exoptat
1398 2035 1439 2056 se.
1462 2026 1541 2056 Sca-

846 2075 943 2114 liger,
969 2075 1032 2109 Qui
1063 2074 1161 2106 animi
1189 2076 1250 2106 volt
1283 2085 1347 2107 sese
1376 2078 1542 2116 compotem

847 2138 924 2165 esse,
939 2129 990 2166 &a
1017 2128 1125 2159 Idem.

889 2177 898 2198 ἰ
918 2177 1063 2217 Seseque]
1101 2177 1214 2207 Naevii
1231 2187 1344 2208 versus
1361 2178 1407 2208 sic
1424 2177 1540 2209 distin-

848 2229 973 2270 guebat
989 2229 1077 2259 Scal.
1095 2232 1132 2258 ut
1149 2233 1263 2258 essent
1277 2228 1449 2259 Saturnii:

891 2279 933 2310 Se
949 2288 1038 2319 seque
1054 2279 1083 2308 ei
1096 2278 1198 2318 perire
1212 2279 1365 2308 mavolunt
1381 2275 1504 2316 ibidem,

893 2329 994 2364 Quam
1016 2339 1083 2359 cum
1105 2331 1211 2368 stupro
1234 2327 1335 2358 redire
1355 2329 1395 2358 ad
1409 2337 1478 2358 suos
1491 2338 1543 2367 po-

971 2378 1101 2418 palaris.

850 2429 937 2460 Item
951 2439 959 2459 z

885 2479 944 2510 Sin
955 2479 1024 2509 illos
1037 2478 1179 2509 deseritis
1185 2478 1386 2516 fortissumos
1394 2478 1542 2517 virorum,

885 2529 1038 2566 BIagnum
1051 2528 1122 2559 inde
1141 2532 1281 2568 stuprum
1294 2529 1380 2568 poplo
1386 2527 1464 2569 fieri
1476 2537 1543 2567 per-

973 2578 1068 2616 getis.

848 2626 987 2658 Vossius
1004 2636 1103 2657 vero:

1063 2678 1104 2708 Se
1118 2687 1207 2717 seque
1222 2678 1246 2708 iz·
1260 2678 1362 2717 perire
1375 2677 1528 2707 mavolunt

894 2727 1011 2758 Ibidem
1021 2738 1110 2768 quam
1120 2728 1221 2759 redire
1232 2738 1298 2759 cum
1309 2731 1416 2768 stupro
1425 2729 1465 2759 ad
1475 2738 1545 2759 suos·
