1876 3025
280 141 364 183 880
729 150 876 184 smmi
913 149 1113 182 POMPEI}
1148 151 1286 183 FESTI

339 247 721 290 consuetudinis¹4
746 260 826 301 per
860 260 993 287 unum
1027 248 1076 287 L.
1110 247 1332 288 enunciari
1354 259 1444 288 non
1464 249 1531 287 est
1557 246 1728 295 mirum,

340 318 444 370 quia
465 316 585 356 nulla
616 320 717 356 tunc
742 314 1048 365 geminabatur
1082 315 1207 355 litera
1239 316 1283 355 in
1309 314 1565 356 scribendo:
1598 326 1729 367 quam

341 383 707 425 consuetudinem
743 381 909 422 Ennius
943 382 1183 422 mutavisse
1204 382 1349 432 fertur,
1371 386 1524 435 utpote
1545 380 1730 422 Graecus

342 452 502 493 Graeco
531 463 644 491 more
665 463 791 498 usus,
815 448 931 502 quod
954 449 1021 489 illi
1053 462 1180 502 aeque
1199 450 1439 490 scribentes
1460 462 1512 489 ac
1541 449 1732 501 legentes

341 519 627 573 duplicabant
646 520 789 557 mutas
811 522 848 556 et
870 516 1146 556 Semivocales
1167 523 1205 557 et
1222 516 1411 570 liquidas.

287 586 555 629 solitaurilia
574 586 813 626 hostiarum
838 584 967 624 trium
1000 584 1157 625 diversi
1175 585 1348 637 generis
1379 585 1532 624 immo·
1555 582 1683 637 [PAU
1695 593 1734 622 1„

342 655 550 695 lationem
570 652 827 704 significant,
845 651 972 699 tauri,
995 652 1159 701 arietis,
1182 651 1338 691 verris:
1371 650 1493 703 quod
1516 662 1667 690 ornnes
1689 649 1733 690 hi

344 721 475 763 solidi
496 721 737 773 integrique
757 718 844 759 sint
865 719 1076 771 corporis.
1138 719 1308 759 Sollum
1340 719 1453 758 enim
1480 718 1628 770 lingua
1651 716 1737 757 Os-

345 802 492 830 corum
523 787 740 840 significat
770 790 927 835 totum,
960 791 1003 826 et
1030 787 1248 827 solidum:
1285 787 1399 827 unde
1421 786 1507 827 tela
1535 784 1738 838 quaedam

346 857 592 898 solliferrea
611 859 839 903 vocantur,
857 857 947 894 tota
963 854 1112 904 ferrea,
1134 859 1179 895 et
1193 854 1327 895 homo
1350 855 1564 895 bonarum
1587 852 1738 893 artium

346 924 517 973 sollers,
540 927 583 964 et
599 935 700 977 quae
716 922 841 963 nulla
863 925 988 973 parte
1008 922 1174 972 laxata,
1204 935 1420 975 cavaque,
1442 921 1584 962 solida
1602 920 1741 961 nomi-

345 995 513 1032 uantur.

294 1058 417 1099 solla
434 1063 464 1087 ¹⁵
482 1063 494 1079 ¹·
527 1058 806 1112 appellantur
828 1060 1001 1109 sedilia,
1022 1059 1067 1099 in
1090 1058 1251 1111 quibus
1282 1069 1370 1097 non
1400 1057 1548 1110 plures
1579 1056 1742 1109 [FEST.

349 1126 534 1179 singulis
550 1127 725 1179 possint
744 1128 911 1178 sedere,
926 1128 1115 1180 ideoque
1134 1126 1247 1166 solla
1264 1124 1296 1148 ¹⁶
1319 1128 1506 1165 sternere
1523 1124 1742 1174 dicuntur,

351 1195 427 1247 qui
451 1194 745 1234 solisternium
766 1195 941 1246 habent,
963 1200 1004 1237 et
1027 1194 1192 1236 solaria
1211 1196 1440 1241 vocantur,
1454 1191 1743 1245 Babylonica,

351 1262 512 1315 quibus
550 1261 700 1301 cadem
738 1267 1017 1304 sternuntur:
1051 1274 1167 1315 quae,
1190 1265 1240 1301 ut
1274 1261 1334 1300 ait
1372 1259 1568 1306 Verrius,
1599 1258 1745 1299 omnia

352 1330 485 1369 ducta
507 1334 606 1369 sunt
628 1329 776 1371 s010.¹⁷
799 1329 927 1370 Alvei
942 1342 1116 1384 quoqne
1136 1328 1314 1368 lavandi
1330 1327 1360 1350 ¹⁸
1383 1326 1525 1380 gratia
1545 1325 1745 1373 instituti,

354 1410 442 1450 quo
460 1397 618 1449 singuli
633 1397 920 1447 descendunt,
939 1398 1051 1438 solla
1065 1396 1270 1436 dicuntur
1286 1399 1320 1436 :⁵
1342 1407 1442 1448 quae
1461 1406 1487 1434 a
1503 1392 1696 1433 sedendo
1714 1397 1746 1422 ¹⁹

351 1466 501 1519 potius
523 1465 643 1505 dicta
662 1464 877 1515 videntur,
900 1478 1030 1519 quam
1060 1476 1087 1504 a
1107 1461 1237 1503 sollo.

299 1534 421 1574 Solla
438 1538 473 1555 ²0
496 1533 672 1580 sedilia,
693 1532 735 1572 in
764 1534 922 1586 quibus
954 1531 1112 1584 singuli
1146 1533 1311 1570 tantum
1333 1532 1522 1582 possunt
1570 1527 1749 1580 [PAUL.

356 1600 530 1651 sedere3
564 1600 750 1653 ideoque
785 1601 922 1641 solia¹
948 1604 1140 1641 sternere
1177 1597 1394 1644 dicuntur,
1427 1596 1505 1649 qui
1538 1594 1748 1638 sollister-

911 1718 1143 1732 eeeeeeeeeeee

344 1788 382 1817 14
406 1786 467 1816 Vir
485 1786 573 1816 doct.
592 1786 624 1816 in
640 1795 743 1825 marg.
773 1786 827 1817 cd.
853 1786 941 1817 Scal.
963 1784 1050 1823 conj.
1076 1784 1204 1822 antiqua
1226 1781 1452 1813 consuetudine.
1500 1779 1588 1811 Vide
1608 1777 1751 1809 infra.—

302 1832 340 1860 15
363 1828 416 1859 ld.
432 1829 512 1858 ibid.
531 1829 617 1858 Solia
643 1830 695 1858 vel
723 1829 896 1860 Sulca—16
914 1829 995 1858 Vet.
1018 1827 1092 1857 cod.
1117 1827 1311 1856 salian—17
1336 1824 1395 1853 Vir
1417 1823 1510 1853 doct.
1537 1833 1556 1852 a
1579 1822 1752 1852 solla—18

302 1873 382 1902 Vet.
403 1871 477 1902 cod.
496 1872 723 1901 curanda—49
748 1872 800 1903 Id.
827 1872 1117 1902 ascerzde⁷1d⁰.--20
1142 1869 1202 1899 vir
1219 1868 1310 1899 doct.
1327 1867 1400 1898 Sola
1418 1866 1471 1896 vel
1488 1865 1648 1896 sotim—1
1673 1864 1753 1894 Vct.

302 1914 359 1945 lib.
373 1916 484 1945 soliar-e
503 1914 555 1944 vel
572 1914 659 1945 solla.

960 2018 1099 2051 NOTAE

346 2099 358 2116 ¹·
383 2094 485 2134 Solia]
511 2095 600 2135 Lege
618 2095 727 2126 Solia:
750 2099 794 2131 et,
811 2096 938 2135 ideoque
953 2106 1002 2126 so-

303 2147 364 2177 [iar
385 2149 522 2177 sternere
537 2146 694 2184 dicuntur,
710 2148 762 2186 350.
798 2146 900 2180 Item,
917 2149 945 2176 et
957 2155 1003 2175 so-

305 2197 397 2227 liaria
408 2200 557 2227 vocantur
572 2196 775 2237 Babylonica.
798 2197 903 2226 Varro
921 2196 1003 2226 Cos-

306 2247 475 2277 motorine
490 2245 559 2286 περὶ
573 2247 687 2286 φθορᾶς
703 2245 819 2283 κόσμου
838 2257 845 2277 :
872 2247 881 2263 ‘
896 2246 1004 2286 Phry-

307 2297 360 2336 gio
389 2296 445 2337 qui
467 2296 619 2336 polvinar
639 2301 773 2335 poterat
791 2297 941 2336 pingere,
956 2304 1006 2325 so-

307 2346 371 2376 liar
385 2345 576 2386 levigabat.¹

307 2395 408 2435 φραξ.’
430 2396 499 2425 Jos.
515 2394 597 2425 Scul.

352 2444 452 2484 Solla]
478 2445 568 2483 Lege
596 2448 632 2474 ut
650 2444 774 2482 Scalig.
814 2443 922 2474 Soiiar
949 2453 1005 2474 au-

309 2500 379 2526 tem
397 2499 549 2525 sternere
566 2493 766 2524 dicebantur
788 2495 842 2534 qui
859 2494 1006 2525 sellister-

309 2546 395 2575 nium
408 2544 591 2582 habebant,
607 2543 696 2583 qnod
714 2544 778 2573 alio
796 2545 929 2573 nornine
947 2544 1006 2574 lec-

309 2595 488 2625 tisternium
514 2593 704 2631 dicebatur,
722 2593 809 2634 quod
836 2594 906 2624 Diis
924 2603 1006 2633 epu-

311 2644 430 2674 laturis
455 2642 534 2674 lecti
573 2648 607 2673 et
639 2643 731 2672 sellae
761 2647 1006 2673 sternerentur.

313 2695 390 2726 Val.
409 2694 505 2726 Max.
521 2693 577 2724 lib.
594 2702 636 2724 11.
648 2702 723 2733 cap.
743 2696 770 2724 l.
796 2694 804 2710 ‘
817 2693 913 2725 Jovis
926 2702 1006 2734 epu-

623 2346 777 2377 Glossoe:
802 2347 811 2362 ⁴
825 2346 944 2381 Soliar,
962 2343 1004 2375 δι’-

1057 2095 1088 2125 10
1112 2094 1185 2134 ipse
1202 2092 1233 2123 in
1251 2092 1426 2130 lectulum,
1440 2090 1530 2122 Juuo
1548 2094 1583 2120 et
1599 2088 1755 2119 Minerva

1058 2143 1089 2173 iu
1126 2144 1224 2173 sellas
1257 2142 1298 2172 ad
1332 2150 1462 2172 coenam
1500 2135 1760 2170 invitabantur!

1058 2193 1146 2223 Vide
1178 2193 1187 2209 ‘
1205 2190 1395 2231 Epolonos.'
1441 2189 1630 2229 Babylonia
1659 2187 1757 2218 solia-

1057 2244 1107 2274 ria
1124 2253 1143 2274 a
1160 2243 1345 2282 Babylone,
1361 2250 1435 2282 quae
1461 2241 1611 2270 diversos
1628 2239 1758 2269 colores

1058 2294 1202 2333 picturae
1231 2291 1385 2322 intexere
1410 2289 1538 2320 docuit.
1576 2287 1664 2319 Pliu.
1700 2286 1757 2317 lib.

1060 2352 1142 2374 vni.
1160 2352 1234 2382 cap.
1260 2344 1312 2373 48.
1336 2343 1345 2357 ‘
1363 2339 1572 2380 Babylonica
1599 2338 1758 2378 peristro-

1060 2398 1150 2422 mata
1167 2391 1174 2403 '
1195 2391 1280 2420 dixit
1303 2390 1417 2419 Plaut.
1433 2388 1464 2418 in
1483 2387 1587 2418 Stich.
1614 2388 1695 2417 Dae.

1101 2447 1112 2461 Β
1135 2442 1226 2472 Alvei
1250 2449 1366 2480 quoque
1395 2438 1517 2468 lavandi
1541 2437 1661 2476 gratia,
1690 2433 1759 2474 &c.]

1060 2494 1167 2531 Lege,
1203 2491 1288 2521 Solia
1319 2491 1477 2520 dicuntur.
1536 2488 1645 2518 Closs.
1684 2486 1759 2515 ‘so-

1061 2544 1140 2573 lium
1166 2540 1309 2580 ἐμβάτη.’
1354 2541 1440 2571 Nam
1469 2538 1602 2577 ἐμβάτη,
1629 2538 1759 2573 alveus,

1062 2593 1093 2623 in
1111 2601 1207 2632 quem
1227 2590 1438 2620 descendunt
1454 2589 1608 2620 lavaturi.
1627 2587 1759 2626 ἔμβασιν

1061 2647 1162 2674 vocat
1181 2642 1335 2672 Dioscor.
1361 2641 1455 2671 Idem.
