1876 3025
329 150 413 192 930

788 159 878 190 SEX
888 159 934 188 '1¹1
970 159 1095 188 POMP
1106 159 1171 189 Eu
1206 159 1341 191 FESTJ.

332 254 579 309 Sugillatum
611 254 698 296 dici
720 255 971 296 existimant
991 268 1036 293 ex
1059 252 1202 295 Grceco
1224 253 1417 294 vocabulo
1447 254 1564 307 quod
1598 254 1760 309 [Fsssv.

388 335 440 362 ea
459 335 573 375 pars,
594 335 695 375 quae
713 328 769 361 est
784 319 857 360 sub
879 319 979 361 collo
1002 324 1111 360 κῦλον
1133 323 1188 362 ab
1211 322 1266 361 iis
1288 321 1459 361 dicitur.

332 390 559 430 Suillumm
582 402 715 442 genus
745 388 934 429 invisum
962 388 1124 428 Veneri
1143 388 1422 442 prodiderunt
1443 387 1604 440 pobtae,
1626 389 1682 428 ob
1706 388 1768 428 in-

388 457 614 498 terfectum
636 457 692 497 ab
712 468 821 508 apro
841 453 1050 501 Adonim,
1069 468 1196 508 quem
1214 455 1423 507 diligebat
1445 454 1540 494 Dea
1557 467 1567 495 z
1589 455 1768 507 quidam

389 529 545 573 autem,
567 523 685 577 quod
719 521 1055 562 immundissimi
1087 522 1172 562 sint
1192 535 1291 562 sues
1313 535 1370 562 ex
1397 522 1516 562 omni
1539 526 1766 562 mansueto

389 604 557 646 pecore,
592 595 636 631 et
667 589 984 631 ardentissimae
1017 590 1237 630 libidinis:
1283 590 1359 638 ita,
1399 594 1449 629 ut
1488 589 1769 641 opprobrium

389 659 642 699 mulieribus
675 657 775 698 inde
809 661 995 698 tractum
1026 658 1094 707 sit,
1126 671 1226 698 cum
1256 658 1427 704 subare,
1459 659 1502 696 et
1533 656 1676 696 subire
1708 656 1772 696 di-

389 730 575 766 cuntur.¹¹

335 793 455 834 Sulci
488 793 798 846 appellantur,⁰
828 805 914 845 qua
947 797 1136 834 aratrum
1169 792 1356 840 ducitur,
1385 790 1459 831 vel
1495 790 1677 831 sationis
1707 789 1772 831 sa—

390 859 557 901 ciendae
590 871 738 908 causa,
762 859 831 899 vel
860 859 982 900 urbis
1018 858 1296 909 condendae,¹’
1330 858 1398 898 vel
1433 857 1605 898 fossura
1635 857 1769 898 rectis

390 927 634 976 lateribus,‘¹
664 927 741 966 ubi
778 927 955 967 arbores
996 932 1213 968 serantur:
1245 926 1403 966 fulmen
1442 929 1651 978 quoque‚¹'
1682 937 1771 977 qua

390 994 483 1047 ejus
523 993 771 1046 vestigium,
821 994 1016 1035 similiter
1055 994 1317 1048 appellatur:
1349 992 1465 1046 quod
1507 992 1769 1033 vocabulum

391 1060 570 1114 quidam
590 1073 647 1100 ex
668 1060 828 1101 Graeco
845 1061 1012 1111 fictum,
1034 1062 1136 1115 quia
1152 1061 1214 1100 illi
1234 1061 1383 1101 dicant
1407 1057 1527 1098 ὁλκόν.

986 1212 1017 1243 N
1024 1211 1128 1244 O'rAE

338 1301 475 1331 Verrius
490 1302 637 1341 sugillare
653 1305 749 1342 putat
769 1300 895 1332 dictum
913 1309 932 1330 a
943 1300 1030 1338 gula,

340 1362 414 1392 quae
443 1352 535 1383 dicta
558 1353 599 1383 sit
625 1362 645 1382 a
673 1352 808 1391 Graeco,
831 1351 888 1391 qui
912 1349 1033 1389 ’γύαλον

340 1407 471 1441 partem
496 1402 557 1433 sub
582 1403 668 1433 collo
693 1407 827 1433 vocant.
873 1400 937 1431 Hae
956 1405 1034 1432 sunt

340 1462 438 1491 nugae
457 1453 771 1484 Grammaticorum.
793 1453 861 1482 Jos.
878 1451 963 1483 Scat.

382 1501 587 1543 Sugillatmn]
602 1503 741 1533 Certum
758 1506 809 1533 est
825 1501 891 1541 legi
909 1501 1034 1531 debere

339 1551 393 1581 sub
414 1553 520 1588 oculo;
545 1562 618 1582 nam
634 1553 740 1583 κοῖλον
753 1551 824 1582 sive
839 1551 948 1590 κῦλον,
964 1551 1034 1589 pal-

341 1601 447 1641 pebra
474 1602 563 1632 oculi
592 1600 742 1640 inferior,
763 1600 851 1631 unde
878 1601 1035 1640 κυλοιδιᾷν

341 1651 498 1683 dicuntur
515 1653 568 1693 qui
587 1653 700 1683 oculos
713 1651 838 1682 babent
855 1656 1036 1682 tumentes.

342 1702 429 1732 Sane
447 1701 507 1732 lioc
531 1707 667 1741 etymon
688 1702 808 1741 probat
825 1701 1036 1732 Camerarius

341 1752 374 1781 in
390 1751 580 1791 appendice
598 1752 841 1792 problematum
857 1762 864 1781 ε
890 1749 950 1781 sed
968 1759 1034 1780 me-

341 1801 403 1831 lius
428 1802 593 1841 Scaliger.
640 1801 783 1840 Proprie
802 1805 914 1831 autem
938 1799 1036 1838 sugil-

342 1850 407 1881 lare
424 1857 488 1889 est‚
511 1852 556 1881 ita
573 1857 751 1891 percutere
778 1855 815 1881 ut
836 1851 922 1881 oculi
938 1850 1035 1880 lives-

342 1908 432 1933 cant.
476 1903 710 1942 Metapliorice
741 1911 821 1932 vero
852 1900 972 1932 famam
1001 1905 1036 1931 et

343 1952 629 1982 existimationem
641 1952 777 1983 laedere..
794 1952 888 1982 Livio
901 1957 936 1982 et
949 1951 1035 1981 aliis,

345 2002 427 2032 Duc.

387 2056 409 2071 ¹¹¹
432 2051 579 2090 Suillum]
604 2052 706 2091 Lege,
721 2054 751 2081 et
765 2050 865 2080 sarire
883 2050 1036 2080 dicuntur.

344 2101 520 2141 Apuleius.
538 2102 747 2132 Glossarium
759 2111 767 2131 2
779 2101 788 2116 ‘
799 2099 902 2140 Surit,
914 2099 1038 2140 καπρᾷ.’

348 2152 417 2182 dos.
433 2151 517 2181 Scal.

387 2201 524 2232 Suillum
547 2201 662 2241 genus]
700 2200 800 2231 Suem
825 2204 946 2240 tamen,
977 2199 1037 2240 qui

346 2251 491 2282 Adonim
508 2251 743 2289 interfecerat,
765 2261 838 2282 cum
855 2251 988 2281 Venere
1005 2250 1038 2280 iu

347 2302 487 2341 gratiam
512 2301 651 2332 rediisse
674 2304 790 2331 narrat
812 2300 981 2330 Tlieocrit.
1003 2299 1037 2330 in

346 2352 596 2391 elegantissimo
621 2352 677 2382 illo
701 2350 870 2391 poeinatio
895 2349 981 2391 quod
1004 2349 1038 2379 in

347 2408 512 2432 mortuum
527 2401 714 2432 Adonidem
729 2401 874 2441 scripsit.
890 2400 979 2432 Illud
993 2400 1037 2430 sis

349 2452 436 2482 vide.
462 2452 544 2481 Duc.

390 2507 405 2523 ¹¹
431 2502 509 2533 Cum
535 2501 656 2540 subare,
681 2506 709 2532 et
741 2501 843 2532 subire
878 2498 1038 2538 dicuntur]

350 2554 454 2592 Lege,
481 2561 549 2582 cum
573 2551 679 2581 subare
701 2554 730 2581 et
756 2552 855 2582 surire
885 2551 1038 2581 dicuntur.

348 2603 485 2633 Monuit
497 2602 619 2641 Scalig.
642 2600 758 2632 Subare
772 2607 882 2633 autem
896 2607 931 2632 et
941 2600 1041 2630 surire

349 2653 508 2683 dicuntur
521 2650 680 2691 foemiuae,
700 2662 774 2683 cum
795 2652 931 2683 libidine
948 2650 1037 2681 exci-

349 2709 475 2739 tantur,
488 2703 497 2719 ‘
509 2702 726 2745 militiamque
738 2703 881 2745 petunt.'
910 2703 1039 2735 Subare

1082 1300 1123 1331 ab
1141 1300 1268 1331 AEolico
1288 1299 1404 1342 συβᾷν,
1421 1309 1480 1339 pro
1501 1300 1594 1340 συᾷν,
1613 1298 1665 1329 vel
1683 1307 1701 1329 a
1723 1307 1773 1328 su·

1083 1351 1137 1381 bus
1154 1361 1214 1391 pro
1239 1351 1354 1386 suibus,
1368 1355 1404 1381 ut
1420 1350 1461 1380 ab
1478 1351 1612 1390 antiquo
1627 1348 1775 1389 genitivo

1081 1402 1192 1439 saeris,
1206 1402 1303 1439 suire,
1320 1401 1412 1442 qnasi
1432 1401 1567 1431 sueriret
1591 1400 1637 1430 sic
1660 1397 1774 1430 Graeci

1083 1451 1125 1481 de
1142 1451 1255 1481 suibus
1277 1450 1419 1482 foeminis
1437 1451 1554 1481 dicunt
1577 1450 1720 1490 Καπρςῖν,
1741 1453 1777 1479 et

1084 1500 1261 1541 Καπρὶζειν.
1315 1499 1437 1541 Κάπρος
1467 1501 1556 1531 enim
1587 1506 1638 1531 est
1666 1508 1778 1530 terres.

1085 1552 1253 1583 Arnobius
1284 1557 1395 1582 tamen
1417 1555 1451 1581 et
1486 1550 1650 1590 Apuleius
1676 1549 1778 1579 surire

1085 1603 1127 1634 de
1144 1602 1290 1633 maribus
1308 1606 1482 1642 usurpant.
1527 1601 1645 1632 Sabure
1660 1600 1701 1630 de
1718 1598 1778 1629 foe-

1085 1652 1182 1683 minis
1213 1652 1321 1683 ceteri
1353 1656 1519 1682 auctores.
1577 1650 1777 1681 Aristoteles

1085 1704 1163 1743 θυᾷν
1186 1711 1318 1743 quoque
1347 1701 1389 1732 de
1414 1700 1557 1732 foeminis
1582 1700 1676 1735 dicit,
1703 1682 1776 1730 cuii}

1086 1752 1185 1784 maris
1223 1751 1392 1782 desiderio
1430 1750 1564 1782 incitari
1603 1750 1777 1790 incipiunt,

1088 1803 1164 1842 quia
1178 1801 1360 1832 Veteribus
1372 1801 1421 1832 θῦς
1439 1800 1526 1831 idem
1540 1800 1628 1841 quod
1641 1798 1684 1832 ῧς.
1709 1799 1777 1830 Sed

1087 1853 1143 1883 ubi
1160 1861 1282 1882 marem
1300 1851 1479 1882 admittere
1491 1855 1723 1890 occoeperunt‚
1739 1859 1778 1880 ac

1087 1901 1229 1932 subinde
1260 1905 1431 1940 repetunt,
1457 1905 1538 1931 tunc
1560 1898 1723 1939 Καπρίζειν
1743 1903 1778 1929 et

1087 1952 1216 1992 Καπρᾷν
1240 1952 1408 1990 dicuntur,
1432 1950 1541 1981 eidem
1566 1950 1779 1990 Philosopho-

1086 2002 1174 2032 Vide
1189 2001 1327 2032 Salmas.
1342 2001 1375 2030 in
1393 2000 1496 2043 Solin.
1522 2000 1620 2031 Idem.

1127 2056 1142 2071 ⁰
1164 2051 1249 2082 Sulci
1263 2044 1476 2090 appellantur]
1495 2050 1614 2080 Sulcus
1641 2048 1776 2089 vestigi-

1086 2111 1141 2132 um
1172 2100 1297 2132 aratri:
1331 2099 1461 2130 Graecis
1484 2097 1586 2130 ὁλκός.
1617 2098 1778 2139 Apollon.

1087 2149 1286 2190 111.Argon.
1311 2149 1406 2180 Idem.

1129 2206 1144 2226 Ρ
1173 2200 1228 2231 Vel
1254 2199 1339 2230 urbis
1367 2200 1546 2241 condendae]
1575 2199 1660 2230 Nam
1687 2199 1777 2240 apud

1086 2252 1230 2282 Veteres
1253 2250 1397 2290 spatium
1415 2249 1539 2280 futurae
1558 2249 1647 2280 urbis
1663 2255 1775 2280 aratro

1087 2301 1338 2341 designabatur.
1363 2300 1457 2339 Virg.
1476 2308 1501 2329 1.
1518 2299 1647 2331 AEneid.
1669 2302 1678 2316 ⁴
1693 2300 1777 2330 Pars

1088 2357 1207 2392 aptare
1235 2351 1343 2381 locum
1381 2353 1474 2380 tecto
1509 2354 1544 2380 et
1573 2349 1777 2380 concludere

1087 2400 1202 2432 sulco.’
1228 2401 1322 2430 Idem.

1129 2455 1144 2476 (ἱ
1173 2450 1226 2481 Vel
1233 2448 1362 2486 fossura
1376 2447 1468 2478 rectis
1484 2447 1646 2488 lateribus]
1682 2447 1779 2488 Virg.

1088 2509 1128 2531 ιι.
1146 2499 1271 2539 Georg.
1293 2500 1302 2515 ⁸
1319 2497 1384 2528 Hic
1412 2498 1544 2538 plantas
1575 2502 1692 2528 tenero
1721 2497 1778 2528 ab·

1089 2548 1244 2580 scindens
1269 2547 1310 2578 de
1333 2557 1473 2587 corpore
1494 2551 1638 2578 matrum
1661 2548 1778 2588 Depo-

1089 2600 1153 2631 suit
1169 2597 1292 2629 sulcis.'
1310 2599 1407 2629 Idem.

1134 2654 1144 2669 ¹
1168 2649 1296 2680 Fulmen
1325 2647 1454 2689 quoque]
1489 2646 1588 2678 Unde
1615 2652 1651 2678 et
1676 2647 1779 2677 trisul-

1091 2709 1170 2740 cum,
1181 2698 1268 2740 quod
1285 2708 1343 2739 per
1356 2703 1423 2729 tres
1441 2702 1568 2729 tractus
1583 2698 1652 2728 sive
1667 2697 1776 2728 sulcos
