1876 3025
256 131 340 174 778

702 142 851 174 SEXTI
886 141 1087 173 POMPEII
1123 142 1260 174 FESTI

310 239 575 280 necessitate
602 238 674 279 ‘ibi
705 237 912 279 manendi
939 238 1087 278 urbem
1125 237 1347 278 conditam
1370 237 1425 277 ab
1446 235 1528 286 his,
1553 241 1598 277 et
1624 249 1704 290 po-

311 307 530 348 tissimum
551 307 643 361 ejus
663 306 839 347 nomine
861 318 958 346 eam
988 305 1276 359 appellatam,
1298 318 1325 346 a
1356 304 1483 358 cujus
1515 305 1702 345 consilio

311 387 389 415 eas
421 375 548 416 sedes
590 375 676 415 sibi
717 374 1023 414 firmavissent.

1096 372 1283 414 Galatas
1302 377 1333 402 ¹⁵
1375 373 1563 420 scribit?
1604 385 1702 413 cum

311 446 413 495 post
435 443 600 484 obitum
622 443 773 483 AEneae
795 441 1028 494 imperium
1051 440 1193 482 Italiae
1227 441 1503 494 pervenisset
1533 439 1589 480 ad
1617 440 1703 481 La-

309 510 447 551 tinum
469 510 725 551 Telemachi
755 509 994 562 Circesque
1015 509 1168 558 filium,
1189 508 1316 562 isque
1339 523 1397 549 ex
1427 509 1572 549 Rome
1610 521 1703 548 sns-

309 579 498 631 cepisset
518 578 647 628 filios,
683 579 892 627 Romam,
930 577 1272 630 Romulumque,
1301 578 1397 618 urbi
1428 576 1616 617 conditae
1655 576 1700 616 in

310 644 484 687 Palatio
505 659 688 687 causam
710 645 848 686 fuisse
872 644 1150 699 appellandae
1173 645 1471 699 potissimum.

255 779 426 823 Romae.f
484 781 645 824 Diocles
670 780 942 837 Peparetlcizcs
957 780 990 805 ¹⁶
1006 787 1021 810 g
1038 781 1099 821 ait
1141 779 1310 821 Italiam
1326 779 1340 802 *¹
1382 776 1608 819 Numitoris
1626 777 1704 818 Al-

855 913 1014 925 ete-&eeu
1020 912 1097 924 ’σοι

296 1003 333 1032 15
359 1001 451 1032 Vett.
467 1001 547 1033 libb.
564 1002 711 1033 Gallitae.
748 1001 897 1043 Conjicit
913 1002 1001 1033 Dac.
1027 1001 1245 1032 Clinias.-—16
1270 1000 1331 1032 Ed.
1348 999 1437 1032 Scal.
1462 999 1678 1040 Leparethius.

901 1122 1041 1155 NOTAE

293 1204 306 1219 θ
331 1200 461 1231 Galatas
477 1200 600 1241 scribit]
624 1200 678 1231 De
699 1200 827 1232 Galata
842 1201 948 1242 scrip-

251 1256 324 1283 tore
340 1252 482 1292 amplius
496 1251 727 1292 quaerendum.
743 1252 826 1282 Scal.
852 1252 947 1283 Vett.

250 1303 333 1334 libb.
364 1302 490 1333 habent
515 1303 664 1334 Gallitas.
712 1303 867 1334 Fortasse
898 1313 948 1334 re-

250 1354 466 1385 scribendum
496 1354 626 1384 Clinias.
672 1354 830 1384 Servius:
859 1354 948 1385 ‘Cli-

251 1405 322 1435 nias
350 1403 456 1436 refert
478 1404 675 1435 Telemachi
698 1404 801 1435 filiam
820 1406 947 1436 Romen

250 1456 384 1487 nomine
402 1456 515 1487 AEneae
533 1462 672 1496 nup-tam
695 1455 808 1495 fuisse,
833 1465 874 1486 ex
891 1466 947 1486 cu-

246 1507 304 1547 jus
328 1506 491 1537 vocabulo
517 1507 657 1537 Romam
675 1507 879 1547 appellatam
897 1507 914 1524 *
930 1507 948 1524 ’ἔ

251 1558 267 1575 ‘¹‘
286 1558 304 1575 ἕ
328 1558 411 1589 dicit
430 1558 584 1588 Latinum
603 1568 644 1588 ex
662 1558 782 1598 Ulysse
798 1565 833 1589 et
848 1558 947 1589 Circe

249 1608 379 1640 editum
405 1609 446 1639 de
474 1610 604 1639 nomine
623 1609 746 1639 sororis
767 1619 834 1640 suae
861 1619 947 1640 mor-

249 1665 318 1691 tuae
357 1660 487 1690 Romen
520 1660 697 1690 civitatem
737 1660 949 1700 appellasse.’

249 1711 400 1751 Suppleo
423 1711 559 1751 idemque
584 1711 674 1749 dicit,
701 1711 754 1741 vel
770 1711 849 1742 idem
864 1711 948 1742 enim

247 1762 334 1792 dicit.
382 1762 467 1792 Haec
484 1762 570 1792 enim
583 1761 625 1792 de
643 1761 759 1792 eodem
776 1763 947 1802 scriptore

248 1812 467 1853 intelligenda
484 1817 574 1844 sunt.
599 1812 714 1844 Quare
731 1823 772 1844 ex
788 1813 850 1844 hoc
869 1814 944 1844 loco

248 1869 403 1905 apertum
428 1868 480 1894 est
507 1863 595 1893 Festi
620 1864 730 1894 locum
755 1864 841 1895 hunc
859 1864 944 1895 male

249 1915 417 1955 digestum
432 1923 517 1952 esse,
540 1920 643 1954 atque
660 1915 760 1944 etiam
778 1915 944 1954 mutilum,

248 1966 304 2005 qui
329 1964 467 1995 alterius
484 1974 547 2004 ope
563 1964 610 1994 sic
628 1963 727 1995 facile
744 1964 852 1995 sanari
871 1970 943 2005 pot-

248 2021 321 2046 est:
352 2024 420 2045 cum
442 2018 512 2054 post
527 2013 643 2045 obitum
659 2015 768 2045 xEneoe
782 2015 944 2054 imperinm

249 2066 354 2097 Italice
376 2066 563 2106 pervenisset
580 2066 619 2095 ad
642 2065 801 2103 Latinum,
822 2065 944 2105 Ulyssis

253 2118 418 2157 Circesque
438 2116 558 2158 filiam,
578 2116 664 2154 isque
686 2125 726 2146 ex
746 2117 844 2147 Rome
863 2116 946 2147 Tele·

248 2168 349 2199 machi
370 2167 550 2208 suscepisset
565 2166 652 2208 filios
676 2167 810 2197 Romam
828 2167 943 2197 Romu-

249 2219 384 2257 lumque,
399 2218 469 2248 urbi
483 2217 614 2247 condita>
631 2217 663 2246 in
684 2217 802 2256 palatio
822 2226 945 2247 causam

240 2269 342 2307 fuisse
367 2268 557 2308 appellanda?
592 2267 786 2306 potissimum
825 2269 946 2299 It'omoe.

251 2319 337 2351 Quae
356 2319 454 2359 plane
471 2318 602 2358 gemina
624 2323 702 2348 sunt
725 2328 799 2349 cum
816 2319 944 2357 superi-

250 2370 377 2408 oribus,
393 2368 456 2399 nisi
473 2368 560 2409 quod
577 2368 630 2399 hic
648 2369 768 2399 Festus
783 2378 824 2398 ex
840 2369 945 2399 Rome

249 2421 398 2451 sublatos
415 2419 538 2450 liberos
557 2417 676 2458 refert,
703 2428 784 2459 quos
801 2418 945 2449 eundem

250 2471 361 2502 locum
396 2470 504 2500 citans
543 2469 762 2509 praetermisit
798 2469 945 2499 Servius.

250 2522 308 2552 Ait
324 2521 460 2552 Servius
477 2529 518 2550 ex
543 2519 653 2550 Clinia
672 2519 867 2549 Telemachi
884 2518 945 2548 fili-

252 2582 304 2603 am
344 2571 472 2601 Romen
497 2568 610 2600 AEneae
646 2574 787 2609 nuptam
825 2567 945 2608 fuisse,

251 2622 463 2661 mortuisque
481 2621 584 2651 lEnea
607 2624 642 2650 et
665 2619 769 2650 Rome
788 2620 945 2650 Latinum

253 2672 370 2703 Romae
401 2670 539 2702 fratrem
565 2669 706 2711 imperio
731 2670 876 2710 potitum
903 2670 944 2701 de

250 2722 384 2753 nornine
415 2721 538 2754 sororis
569 2730 636 2752 suae
660 2720 778 2752 urbem
805 2722 945 2752 Romam

1002 1200 1139 1231 dixisse.
1186 1200 1229 1230 Et
1255 1197 1341 1229 idem
1374 1197 1471 1238 plane
1502 1195 1554 1226 hic
1578 1194 1701 1225 Festus

1003 1261 1044 1282 ex
1073 1250 1191 1281 eodem
1230 1249 1351 1288 Clinia,
1381 1248 1442 1278 nisi
1473 1245 1562 1287 quod
1593 1245 1700 1284 addit,

1002 1302 1140 1333 AEneam
1165 1311 1206 1331 ex
1233 1301 1337 1330 Rome
1356 1299 1481 1329 liberos
1498 1296 1700 1337 suscepisse,

1002 1363 1076 1384 nain
1094 1351 1130 1382 τὸ
1143 1352 1225 1391 isque
1239 1351 1280 1381 de
1294 1351 1397 1381 AEnea
1415 1347 1558 1387 intelligi
1574 1346 1700 1377 dehere

1002 1410 1130 1435 certum
1148 1408 1209 1434 est.
1253 1401 1418 1434 Judicent
1436 1405 1549 1430 tamen
1566 1397 1702 1429 eruditi.

1005 1455 1112 1485 Porro
1127 1454 1180 1484 hic
1201 1451 1417 1493 praetermisit
1441 1449 1562 1479 Festus
1587 1457 1701 1478 eorum

1002 1505 1218 1540 sententiam,
1249 1503 1304 1544 qui
1333 1512 1351 1532 a
1380 1501 1487 1531 Roma
1514 1498 1701 1538 AEsculapii

1002 1557 1069 1588 filia
1093 1556 1166 1587 urbi
1190 1563 1310 1585 nomen
1336 1551 1528 1592 impositum
1554 1549 1702 1580 tradide-

1002 1613 1092 1644 runt,
1110 1612 1146 1638 ut
1169 1606 1322 1637 Marinus
1347 1603 1418 1634 sive
1441 1600 1616 1632 Marianus
1636 1600 1701 1631 Iau-

1002 1659 1227 1701 percaliorum
1245 1656 1356 1697 poeta,
1381 1654 1474 1694 cujus
1494 1661 1621 1689 versus,
1643 1650 1699 1691 qui

1002 1710 1091 1751 apud
1114 1708 1268 1740 Servium
1293 1707 1464 1745 leguntur,
1481 1703 1528 1733 sic
1554 1702 1700 1741 dirigen-

1002 1761 1062 1792 dos
1089 1765 1124 1791 et
1141 1756 1382 1799 concipiendos
1407 1754 1538 1786 monuit
1561 1752 1699 1784 doctiss.

1001 1811 1180 1842 Salmasius
1197 1820 1204 1839 :

1086 1861 1185 1891 Roma
1203 1862 1274 1889 ante
1293 1855 1546 1894 Romulumfuit,

1089 1912 1130 1942 Et
1145 1911 1183 1941 ab
1195 1920 1230 1940 ea
1246 1917 1354 1939 nomen
1370 1908 1516 1938 Romulus

1086 1961 1267 2001 Adquisz'vit
1293 1978 1604 1989 ..........

1089 2012 1151 2042 Sed
1168 2010 1251 2041 Diva
1256 2009 1346 2050 flava
1362 2012 1391 2039 et
1406 2007 1548 2041 candida,

1085 2062 1183 2092 Roma
1200 2059 1445 2100 AEsculapifilia

1086 2113 1208 2143 Novum
1225 2121 1333 2141 nomen
1349 2110 1443 2140 Latio
1453 2109 1550 2147 fecit,

1084 2163 1178 2194 Hanc
1193 2162 1373 2193 conditricis
1390 2161 1510 2191 nomine

1084 2214 1133 2245 Ab
1148 2214 1216 2254 ipsa
1230 2222 1332 2243 omnes
1350 2212 1481 2242 Romam
1494 2213 1615 2241 vocant.

1000 2263 1162 2305 Ορῐἰηιες
1190 2269 1268 2294 sunt
1285 2262 1373 2293 enim
1391 2261 1524 2291 dimetri
1544 2260 1697 2291 Iambici.

1001 2314 1227 2346 l’raetermisit
1249 2314 1352 2344 etiam
1378 2312 1497 2342 Festus
1521 2309 1625 2340 fuisse
1641 2310 1699 2351 qui

1002 2366 1177 2397 traderent
1202 2365 1339 2395 Romam
1363 2362 1485 2393 dictam
1515 2371 1533 2392 a
1557 2360 1699 2392 fatidica

1001 2426 1075 2458 quae
1108 2415 1323 2456 praedixisset
1359 2411 1517 2443 Evandro
1545 2412 1595 2442 his
1622 2420 1696 2441 enin

1001 2467 1084 2498 locis
1122 2471 1280 2505 oportere
1312 2463 1499 2494 considere.
1544 2462 1632 2493 Item
1668 2461 1698 2491 ei

1002 2526 1123 2548 nomen
1149 2515 1340 2555 impositum
1366 2524 1384 2543 a
1406 2513 1548 2543 Romulo
1566 2511 1700 2543 Ascanii

1002 2568 1081 2604 filio,
1093 2573 1127 2598 ut
1141 2565 1246 2597 refert
1259 2564 1501 2596 Eratosthenes
1516 2563 1604 2603 apud
1619 2564 1696 2594 Ser-

1003 2619 1102 2649 vium.
1127 2617 1210 2647 Dae.

1043 2667 1185 2708 fRomae]
1210 2666 1249 2697 In
1266 2666 1340 2697 istis
1356 2664 1497 2703 laciniis,
1514 2665 1613 2694 immo
1628 2662 1697 2693 fim-

1001 2721 1095 2755 briis,
1128 2724 1258 2751 tantum
1285 2717 1415 2749 odorari
1448 2715 1616 2756 potuimus
1654 2713 1696 2743 de
