1876 3025
625 139 989 171 FRAGMENTUM.
1416 128 1529 171 1149

82 240 255 289 dictum,
277 238 397 293 quod
421 237 619 291 proxime
638 234 694 276 ad
712 233 1018 275 similitudinem
1045 246 1217 288 squama
1242 231 1435 286 piscium
1457 246 1530 274 ac-

81 308 213 358 cedit,
252 306 357 361 utiq.
392 319 542 355 eorum,
574 303 645 359 qui
675 302 718 343 in
749 299 1108 357 profunditatibus
1140 299 1275 341 abditi
1320 299 1529 352 paludum

81 374 292 429 squallent
323 373 509 413 maxime.
576 371 690 412 Unde
718 369 880 410 Ennius
909 370 954 410 in
978 368 1202 422 Telepho:
1235 366 1382 417 Quam
1404 366 1532 408 vesti-

82 449 145 483 tus
165 441 353 497 squalida
380 448 523 494 soeptus
554 441 684 481 stola.
745 439 1020 493 Squarrosos
1042 435 1093 476 ab
1114 434 1251 476 eadem
1271 448 1533 490 squamarum

74 509 250 564 piscium
273 509 558 550 similitudine
580 508 644 549 ait
665 507 813 556 dictos,
836 518 1009 560 quorum
1030 503 1132 544 cutis
1159 506 1354 556 exsurgat
1374 501 1431 542 ob
1454 501 1533 543 ad-

80 577 250 618 siduam
284 575 494 618 inluviem.
557 574 770 615 Lucilius:
809 572 1020 614 Varenum
1054 585 1105 612 ac
1140 570 1345 625 rupicum
1381 582 1535 624 squar·-

80 658 186 694 rosa,
207 642 413 683 incondita
434 647 591 683 rostra.
635 640 946 682 Schoeniculas
961 639 978 662 b
994 637 1210 694 appellare
1230 637 1393 678 videtur
1409 651 1534 678 mere-

79 711 264 753 triculas
285 711 477 752 Plautus
509 715 689 763 propter
718 721 847 749 usum
878 707 1082 762 unguenti
1117 704 1287 746 sclioem':
1317 705 1436 759 quod
1466 708 1535 746 est

80 779 268 833 pessimi
301 778 494 832 generis:
529 777 636 831 itaq.
666 775 788 826 dixit,
825 775 948 829 [139]
987 773 1232 816 Diobolares
1270 771 1533 823 schoeniculae,

80 846 313 896 miraculae,
345 857 447 886 cum
480 844 653 886 extritis
681 843 791 893 talis,
822 856 908 883 cum
939 841 1096 883 todellis
1117 840 1320 882 crusculis,
1381 839 1532 882 Idem:

79 913 302 955 Prosedas
318 913 534 966 pistorum
552 910 717 961 amicas,
732 909 925 965 reliquias
942 908 1162 950 halicarias
1182 910 1368 950 miseras
1391 908 1535 949 schoe-

79 993 136 1021 no
156 978 356 1020 dilibutas
369 995 384 1024 ;
413 977 673 1026 servilicolas,
695 976 900 1018 sordidas.
944 977 1131 1018 Scortac
1154 974 1434 1030 appellantur
1453 988 1535 1015 me-

79 1046 241 1087 retrices
257 1059 304 1086 ex
325 1045 627 1086 consuetudine
648 1045 911 1085 rusticorum
928 1043 1012 1098 qui,
1042 1050 1089 1084 ut
1110 1050 1165 1084 est
1188 1042 1300 1097 apud
1320 1040 1534 1082 Atella-uos

80 1114 302 1168 antiquos,
340 1113 547 1154 solebant
582 1111 728 1161 dicere,
763 1125 803 1151 se
839 1110 1022 1151 attulisse
1051 1125 1132 1165 pro
1161 1117 1290 1151 scorto
1323 1109 1535 1150 delicula-

78 1186 243 1223 rumz¹³
275 1181 424 1222 omnia
441 1194 580 1234 namq.
611 1192 659 1219 ex
682 1177 861 1232 pellibus
882 1178 1027 1234 jacta,
1058 1184 1211 1219 scortea
1240 1178 1534 1231 appellantur.

83 1247 255 1301 Scortes‚
283 1247 328 1288 z'd
358 1254 428 1298 est,
451 1246 580 1301 pelles
607 1246 768 1287 testium
796 1246 1082 1287 arietenorum
1112 1247 1168 1287 ab
1194 1246 1353 1286 iisdem
1375 1243 1537 1284 scorteis

72 1315 215 1370 pellib.
235 1315 339 1356 idem
364 1313 532 1356 Verrius
557 1314 687 1355 dictas
718 1328 797 1354 esse
827 1312 902 1354 ait.
963 1312 1236 1354 Scandulaca
1255 1325 1383 1366 genus
1405 1309 1537 1351 lierbae

64 1382 270 1438 frugibus
304 1383 512 1433 inimicae,
545 1382 663 1436 quod
692 1395 769 1423 eas
801 1380 910 1422 velut
942 1379 1089 1421 hedera
1120 1378 1364 1434 implicando
1398 1381 1536 1419 necat·

79 1450 385 1504 Scaptensula,
409 1449 515 1490 locus
542 1448 615 1489 ubi
635 1455 850 1504 argeutum
883 1446 1074 1500 effoditur
1097 1449 1143 1488 in
1166 1445 1451 1494 Macedonia,
1475 1444 1536 1484 ita

79 1516 210 1558 dictus
249 1533 275 1558 α
305 1516 526 1573 fodiam,
566 1516 686 1570 quod
726 1520 795 1557 est
835 1515 992 1557 Graece
1034 1513 1227 1554 σκάπτειν.
1291 1511 1535 1552 Lucretius:

85 1582 250 1628 Quales
269 1585 444 1639 expiret
465 1580 776 1637 Scaptensulad
798 1581 936 1623 subter
957 1581 1108 1623 odores.
1166 1580 1302 1635 Spar-a
1324 1578 1536 1633 parvissi-

79 1653 137 1693 mi
156 1652 313 1708 generis
329 1651 494 1707 jacula,
515 1651 567 1691 ab
587 1665 630 1692 eo
651 1648 762 1706 quod
779 1655 1050 1704 spargantur,
1067 1649 1202 1691 dicta.
1251 1646 1436 1688 Lucilius
1458 1643 1536 1684 Sa-

687 1800 926 1812 eeeeeeeeeeee

125 1894 164 1923 13
188 1891 207 1923 f
207 1916 212 1923 .
232 1891 420 1933 pelliculam.

733 1995 879 2028 NOTAE

80 2086 114 2116 in
145 2084 351 2125 serpentium
380 2084 561 2125 pisciumq.
591 2083 692 2115 coriis
733 2084 779 2114 vi·
836 2092 878 2114 ex
896 2082 987 2113 corio
1004 2085 1039 2113 et
1063 2080 1181 2122 pellib.
1198 2083 1278 2112 sunt
1299 2078 1404 2110 sacta,
1451 2075 1537 2107 Iude

81 2134 224 2166 suntur.’
269 2134 355 2167 Quae
371 2144 432 2165 nos
457 2135 512 2166 hic
530 2134 781 2175 supplevimus,
836 2133 868 2163 in
886 2132 1017 2173 aliquot
1039 2132 1145 2163 sacris
1162 2135 1197 2162 et
1213 2130 1346 2161 sacellis
1370 2127 1537 2167 scriptum

82 2185 109 2215 si
136 2184 244 2215 minus
270 2184 386 2223 verba,
410 2185 506 2216 Festi
533 2189 628 2216 certe
645 2189 780 2215 senten·
836 2183 1018 2214 habemus:
1033 2182 1088 2213 Ne
1098 2181 1178 2222 quid
1194 2185 1363 2212 scorteum
1377 2177 1536 2209 adhibea-

84 2235 179 2274 tiam‚
196 2239 462 2275 repraesentant.
836 2237 892 2264 tur
907 2232 998 2271 ideo,
1015 2241 1057 2263 ne
1075 2231 1291 2262 morticinum
1316 2227 1397 2269 quid
1423 2226 1534 2258 adsit:

124 2285 139 2306 b
163 2284 387 2324 Schoeniculas]
409 2283 499 2315 Vide
512 2293 612 2323 supra
624 2283 658 2314 iu
674 2282 683 2299 ‘
698 2283 783 2314 Pro-
834 2282 869 2313 in
887 2281 1055 2313 Atellanis
1072 2282 1153 2312 licet
1175 2279 1447 2312 animadvertere
1464 2286 1537 2307 rus-

83 2334 206 2367 sedas.'
835 2332 922 2362 ticos
939 2331 1055 2362 dicere
1080 2340 1114 2361 se
1139 2329 1321 2361 adduxisse
1346 2336 1407 2367 pro
1423 2329 1537 2357 scorto

124 2391 138 2407 ⁰
163 2386 292 2426 Scorto]
318 2384 430 2425 Hujus
451 2384 516 2415 loci
535 2383 707 2415 restitutio
725 2383 783 2414 de·
837 2380 1055 2422 pelliculam.'
1101 2381 1153 2411 Ex
1175 2380 1225 2410 his
1250 2378 1362 2410 verbis
1382 2375 1537 2407 manifes-

81 2437 184 2468 betur
211 2436 262 2467 M.
286 2435 443 2473 Varroni,
473 2434 530 2475 qui
560 2433 618 2465 lib.
645 2441 711 2463 vn.
741 2433 782 2463 de
837 2440 908 2464 tum
939 2438 1003 2472 est,
1036 2441 1096 2472 pro
1131 2431 1345 2469 delicularum,
1376 2430 1537 2467 corrupto

83 2488 182 2528 Ling.
196 2487 272 2519 Lat.
287 2488 296 2503 ‘
307 2484 481 2525 Scortari,’
499 2483 640 2526 inquit‚‘
653 2488 706 2514 est
722 2493 784 2514 sae-
837 2484 954 2524 verbo,
971 2482 1187 2514 scribendum
1203 2490 1276 2511 esse
1291 2480 1478 2519 pelliculam.

83 2539 158 2578 pius
174 2537 426 2569 meretriculam
449 2535 583 2570 ducere,
600 2544 675 2576 quae
692 2543 783 2565 scor·
879 2534 893 2555 d
918 2531 1138 2573 Scaptensula]
1160 2530 1290 2566 Σκαπτὴ
1315 2528 1375 2565 ὕλη
1391 2526 1538 2560 Graecis,

84 2593 155 2619 tum
183 2588 278 2618 dicta
300 2597 318 2618 a
343 2586 444 2626 pelle.
484 2585 526 2616 Id
543 2585 631 2615 enirn
647 2593 714 2614 non
730 2593 782 2615 so·
837 2586 871 2616 iu
889 2594 955 2625 qua
967 2581 1183 2622 Thucydides
1198 2579 1369 2612 historiam
1387 2575 1537 2617 scripsit,

82 2640 152 2670 lum
184 2638 314 2679 antiqui
342 2637 505 2669 dicebant
535 2640 694 2671 scortum,
724 2635 781 2666 sed
838 2643 912 2666 cum
930 2632 976 2664 ibi
993 2632 1161 2663 exularet„

87 2688 189 2720 etiam
206 2697 294 2720 nuuc
317 2687 462 2720 dicimus
485 2691 617 2719 scortea
640 2696 690 2721 ea,
708 2696 781 2726 quae
