1876 3025
623 161 935 193 FRAGMENTU
945 162 992 192 M.
1423 154 1536 197 1089

81 265 198 306 mine
221 261 384 304 domini
407 260 604 308 ductum,
620 262 678 299 -ut
709 257 947 311 Marcipor,
969 256 1116 310 gripor
1131 261 1161 287 ¹7
1197 259 1402 311 quamvis
1435 262 1536 314 sint,

81 334 157 387 qui
180 345 206 373 a
227 342 406 373 numero
437 333 637 369 natorum
674 340 732 367 ex
766 326 929 367 ancilla
960 326 1110 379 quinto
1134 326 1234 368 loco
1265 328 1432 371 dictum
1454 346 1536 386 pu-

79 406 182 442 tent.
245 399 422 452 Quippe
445 396 697 449 significare
719 394 824 449 quid
854 394 913 445 ni,
939 395 1187 437 testimonio
1208 402 1277 438 est
1297 397 1463 440 Ennius
1485 401 1536 442 L.

83 468 202 510 XLJS
225 468 391 522 quippe
422 466 565 507 solent
598 479 719 519 reges
748 478 900 506 omnes
924 465 967 505 in
990 465 1119 506 rebus
1151 467 1382 509 secundis:
1419 469 1537 511 idem

81 539 134 580 L.
160 549 268 579 XVI.
316 538 496 592 Quippe
521 541 697 578 vetusta
717 536 859 578 virum
878 546 966 574 non
988 538 1055 575 est
1077 534 1187 575 satis
1208 534 1326 576 bella
1346 538 1536 579 moveri:

77 607 181 648 item
218 607 295 647 alii
330 606 594 660 complures.
658 604 875 654 Quianam
903 616 981 657 pro
1003 615 1141 656 quare
1172 607 1213 644 et
1246 616 1322 644 cur
1342 604 1537 658 positum

80 679 121 715 et
137 681 168 707 ¹9
199 675 318 729 apud
352 676 576 728 antiquos,
608 679 658 713 ut
689 672 899 713 Naevium
927 672 973 712 in
1003 672 1194 712 carmine
1218 671 1379 714 Punici
1401 674 1532 716 belli:

78 743 255 784 Summe
279 744 426 784 Deum
460 746 668 795 regnator
697 741 902 794 quianam
935 752 1072 792 genus
1092 740 1189 780 isti:
1224 745 1267 782 et
1297 741 1342 781 in
1374 750 1552 796 satyra,

75 810 219 865 (Quia
241 825 342 852 nam
364 824 501 863 genus
524 810 599 850 isti
618 822 628 850 :
650 809 751 850 etin
773 812 938 862 satyra)
954 813 991 831 20
1025 808 1143 858 Quia
1162 821 1263 848 nam
1283 809 1537 852 Saturnium

78 879 295 932 populum
318 879 557 932 pepulisti:
587 882 629 918 et
660 876 850 917 Ennium
883 876 927 916 in
961 876 1013 917 L.
1039 887 1128 916 VII.
1162 875 1384 926 Quianam
1407 878 1537 920 dictis

77 947 247 988 nostris
270 946 483 987 sententia
497 946 616 986 flexa
636 948 718 986 est.
779 943 900 994 Quid
920 944 1004 984 nisi
1022 945 1275 997 usurparise
1294 951 1304 968 ¹
1330 946 1536 1000 antiquos

78 1017 202 1059 testis
239 1021 305 1058 est
339 1015 551 1057 Afranius
583 1015 627 1054 in
665 1013 857 1068 epistula
884 1026 892 1050 :
928 1013 1002 1052 Me
1034 1016 1212 1053 auctore
1238 1017 1374 1054 mater
1401 1015 1538 1056 absti-

77 1086 203 1125 nebis
229 1084 334 1138 quid
358 1084 477 1124 nisi?
540 1082 757 1132 Quietalis
775 1085 790 1102 2
821 1081 877 1121 ab
907 1080 1106 1134 antiquis
1139 1080 1368 1123 dicebatur
1395 1095 1537 1124 orcus.

78 1152 171 1206 [66]
208 1152 388 1203 Quintia
414 1158 542 1205 prata
564 1150 669 1190 dicta
704 1156 797 1190 sunt
818 1164 842 1189 α
868 1147 1039 1192 Quintio
1070 1146 1330 1199 Cincinnato,
1355 1150 1426 1204 qui
1453 1151 1539 1191 sibi

78 1219 394 1274 dctinnatofilio,
425 1218 597 1259 venditis
620 1211 815 1267 oitzizibzes,
838 1216 1228 1272 quatuorjngerzmz
1250 1229 1395 1268 agrum
1424 1224 1538 1257 trans

84 1287 262 1328 Tiberim
277 1294 529 1341 paraverat:
550 1299 664 1340 quem
681 1299 828 1339 agrum
849 1283 1040 1324 colentem
1062 1284 1245 1324 Senatus
1265 1282 1537 1335 Dictatorem,

72 1370 150 1410 per
171 1355 383 1405 viatorem,
404 1352 602 1394 salutavit
632 1351 956 1395 Cincimzatum;
978 1351 1050 1406 qui
1071 1350 1119 1391 de
1140 1365 1182 1391 re
1206 1350 1299 1392 bene
1312 1359 1426 1407 gesta
1448 1360 1537 1393 acto

80 1421 299 1476 triumpho,
322 1421 378 1461 ad
391 1423 564 1475 privata
587 1419 749 1475 negotia
778 1418 987 1474 cwffestim
1019 1418 1155 1469 rediit,
1184 1418 1364 1473 deposita
1388 1418 1538 1461 Dicta-

80 1498 203 1532 tura.-
235 1489 528 1544 pecuariamq.
564 1503 647 1529 rem
685 1494 722 1528 et
755 1486 968 1541 agrariam
1000 1499 1180 1528 exercens
1207 1486 1408 1528 Romanis
1430 1488 1537 1542 ipsis

79 1555 432 1612 (emulationifuit
552 1587 560 1595 .
680 1586 690 1596 .
812 1585 821 1593 .
939 1567 1023 1594 uos

79 1627 199 1681 quod
222 1639 275 1667 eo
397 1655 408 1666 .
811 1652 819 1661 .
958 1620 1236 1664 Quinctzlianz·
1260 1621 1438 1677 Luperci
1459 1638 1536 1679 ap-

75 1693 229 1748 pellaci
249 1692 439 1733 videntur
459 1707 484 1732 a
508 1689 765 1735 Quinctilio.-
796 1689 866 1744 qui
880 1689 1122 1743 paepositus
1144 1696 1213 1732 est
1234 1691 1461 1745 Lupercis;
1489 1698 1536 1732 ut

80 1778 104 1802 α
128 1761 256 1803 Fabio
283 1759 460 1801 lahama·
481 1759 579 1800 dicti
600 1766 725 1799 sunt:
761 1758 853 1798 item
875 1757 1080 1811 Luperci,
1104 1758 1216 1812 quib.
1242 1758 1272 1799 is
1296 1759 1539 1813 proepositus

65 1829 207 1885 faerit
225 1828 384 1884 :sitisse
404 1835 540 1868 autem
564 1827 744 1868 Romuli
766 1825 1008 1879 temporibus
1045 1824 1248 1867 institutos
1276 1834 1478 1882 utrosque,
1501 1834 1539 1867 ec

82 1897 289 1939 Fabianus
309 1904 347 1938 et
370 1896 703 1947 Quinctilianos,
725 1893 845 1934 multi
867 1899 958 1933 sunt
979 1893 1050 1948 qm·
1070 1893 1293 1936 existiment
1311 1912 1323 1934 .·
1358 1909 1539 1950 quorum

79 1980 299 2007 numerum
316 1971 454 2019 postea
477 1978 576 2017 saepe
596 1970 760 2003 auctum
778 1961 930 2017 fuisse,
951 1963 1049 2015 quia
1072 1961 1239 2003 lionoris
1259 1964 1399 2016 gratia
1420 1962 1540 2003 multi

80 2034 123 2074 in
161 2033 331 2087 lupercis
365 2031 711 2072 adscribebantur.
777 2029 1039 2073 Quintanam
1073 2030 1264 2070 classem
1286 2030 1346 2070 ait
1371 2028 1538 2070 Verrius

82 2101 246 2151 dictam,
269 2099 378 2155 quod
398 2100 437 2139 in
460 2113 505 2139 ea
528 2098 615 2139 Ser.
643 2097 803 2139 Tullius
823 2111 900 2138 rex
924 2098 1162 2138 distributa
1183 2097 1312 2152 capite
1332 2111 1537 2138 censorum

81 2168 354 2218 multitudine,
386 2168 562 2222 quinque
601 2166 721 2215 fecit,
757 2179 857 2206 cum
903 2178 982 2206 eas
1012 2165 1238 2215 ordinavit,
1269 2165 1372 2206 lianc
1402 2173 1538 2206 autem

84 2235 227 2291 afferri
248 2250 420 2278 causam
443 2236 497 2276 de
520 2236 663 2288 eapite
684 2248 889 2275 censorum
911 2233 1084 2284 nomine,
1109 2233 1218 2289 quod
1245 2234 1275 2274 ii
1305 2249 1382 2289 qno
1410 2248 1539 2274 cense-

83 2312 242 2355 rentur,
276 2305 386 2345 nihil
416 2309 575 2357 praeter
607 2316 655 2344 se
685 2301 896 2351 habereut,
928 2316 1118 2357 suumque
1146 2309 1281 2355 caput.
1343 2302 1537 2343 Lucilius

84 2373 148 2413 sic
169 2373 382 2421 meminit,
406 2372 525 2426 quod
646 2401 656 2410 .
774 2401 782 2410 .
900 2401 911 2411 .
1030 2401 1038 2410 .
1155 2371 1353 2424 adeptus.
1397 2368 1539 2419 Quer-

85 2454 263 2494 queram
287 2439 469 2496 febrem,
498 2452 666 2495 gravem
688 2445 726 2479 et
757 2452 975 2494 magnam:
1005 2451 1105 2479 nam
1133 2438 1312 2492 quidam
1336 2449 1538 2491 quercum

689 2582 930 2596 aeeaeeoeneeeo

124 2683 169 2754 117
195 2679 217 2710 f.
237 2680 450 2720 Cuipor·.-—-18
475 2679 497 2711 f.
518 2681 669 2712 Xl.——19
693 2680 717 2713 s.
739 2684 884 2713 est.—20
910 2680 1023 2721 (>—l
1051 2679 1074 2711 f.
1099 2680 1370 2720 usurpavisse.—2
1396 2677 1419 2707 f·
1445 2676 1538 2711 Quie-

90 2728 120 2753 ta
137 2733 178 2754 us.

173 2777 286 2816 Delplz.
302 2781 331 2807 et
354 2779 429 2808 ναν.
442 2777 527 2808 Clas,
703 2778 812 2817 Pomp.
830 2778 914 2809 Fes!³
1382 2776 1399 2802 ’ὁ
1425 2772 1450 2801 '12'
