1876 3025
308 153 371 184 DE
402 148 673 182 VERBORUM
706 145 1111 179 SlGNlF'ICATIONE
1144 144 1237 175 LIB.
1270 144 1380 174 XVI·

1492 132 1577 173 743

197 248 264 290 sed
283 248 323 289 in
344 261 424 303 qua
445 244 621 301 segnitiae
641 245 686 285 in
703 240 864 296 agendo
883 246 1055 282 notetur.
1099 236 1326 278 Ilffummius
1346 236 1380 277 is
1398 236 1577 277 Asellum

196 317 310 357 nulla
334 316 480 357 soluta
499 327 631 368 poena
661 326 708 351 ex
727 309 884 351 cerariis
905 307 1048 348 exemit
1071 304 1267 362 Africani
1287 304 1408 344 irrisa
1429 305 1579 344 severi-

197 389 300 434 tate,
320 382 390 438 qm·
411 381 526 421 illum
544 378 709 435 fecerat
732 377 936 418 cerarium.

999 374 1081 415 Sed
1094 379 1134 414 et
1156 373 1212 423 Q.
1237 372 1365 413 Fulvi
1391 370 1582 412 Nobilio-

199 450 270 501 ris,
285 457 322 491 et
337 451 423 504 ejus
439 448 610 503 collega,
633 446 681 488 T.
697 445 829 486 Annii
847 443 976 484 Lusci
992 442 1009 465 ¹¹
1031 443 1112 483 fuit
1126 440 1379 482 nobilissima
1400 438 1583 481 Censura

199 517 408 558 nobilitati
429 518 567 558 tribus
588 516 703 556 notis
717 513 858 554 inustis
871 510 1141 552 severissimis.
1192 506 1244 551 Q.
1266 507 1451 561 Pompei,
1468 513 1506 547 et
1531 506 1585 551 Q.

206 582 352 625 Caecili
391 584 562 626 Metelli
585 581 593 605 ἰ
635 579 891 622 Macedonici
926 578 1109 619 Censura
1151 575 1271 617 lectus
1306 580 1489 625 senatus,
1530 575 1588 615 ad

204 665 411 692 summum
426 658 624 691 senatores
643 648 769 690 amoti
783 654 875 688 sunt
895 652 1000 697 tres,
1015 650 1056 688 et
1069 658 1123 686 eo
1140 643 1309 694 lumine,
1324 642 1396 698 qui
1414 642 1589 682 aliorum

203 718 450 773 offenderent
465 718 722 759 claritatem.

149 851 397 906 Religiosik
428 853 642 900 dicuntur,
675 849 751 904 qui
779 848 1076 890 faciendarum
1105 841 1594 900 praetermittendarum-

207 934 293 975 que
307 933 446 961 rerum
464 920 712 960 divinarum
729 916 969 958 secundum
986 928 1153 955 morem
1170 914 1364 956 civitatis
1386 913 1593 955 dilectum

208 989 384 1038 habent,
406 1001 483 1029 nec
507 1001 553 1028 se
576 984 964 1040 superstitionibus
983 983 1227 1036 implicant.

152 1056 438 1109 Religiosum,
460 1068 512 1096 ac
541 1067 713 1095 sacrum
737 1050 828 1101 est,l
850 1055 896 1092 ut
915 1051 1080 1104 templa
1109 1051 1269 1098 omnia,
1292 1054 1426 1103 atque
1458 1048 1595 1095 aedes,

210 1136 308 1177 quae
330 1123 459 1164 etiam
482 1125 667 1163 sacratae
690 1120 901 1161 dicuntur.
960 1116 1023 1159 At
1050 1117 1195 1172 quod8
1227 1129 1305 1171 per
1338 1130 1385 1157 se
1419 1116 1596 1168 religio-

757 1251 878 1264 ““““

199 1345 218 1373 8
242 1341 326 1374 Ead.
342 1341 397 1373 ed.
415 1342 454 1373 ad
470 1343 559 1383 quod.

880 1250 1001 1262 ““““

809 1425 950 1458 NOTAE

158 1491 332 1523 Cornelius
373 1490 484 1531 Scipio
522 1490 704 1522 Africanus
742 1495 778 1522 et
814 1492 851 1522 L.

159 1542 340 1573 Mummius
354 1541 520 1572 Achaicus
536 1542 676 1572 lustrum
694 1542 853 1573 condide-

158 1596 236 1623 runt
256 1591 569 1632 quinquagesimum
593 1592 786 1632 septimum,
801 1601 853 1623 an.

160 1643 203 1672 U.
220 1650 322 1672 DCXl.
359 1642 515 1672 Meminit
536 1641 646 1672 Cicer.
667 1642 724 1672 lib.
751 1651 791 1672 11.
813 1642 854 1672 de

164 1692 312 1722 Oratore
328 1701 336 1720 :
372 1691 428 1721 ubi
450 1691 567 1721 scribit
585 1691 725 1722 Claudio
742 1690 856 1721 Asello

164 1751 286 1782 equum
304 1750 323 1771 a
339 1741 378 1771 P.
396 1740 550 1780 Scipione
565 1739 664 1770 fuisse
675 1741 859 1779 adelmum,

166 1800 308 1831 eumque
337 1791 370 1821 in
401 1790 534 1821 aerarios
566 1792 719 1826 relatum,
752 1791 810 1821 sed
840 1801 859 1821 a

168 1842 209 1872 L.
235 1841 399 1872 Mummio
431 1841 545 1872 statim
576 1851 618 1872 ex
647 1841 775 1872 aerariis
802 1851 860 1872 ex·

168 1896 304 1923 emtum.
349 1891 453 1932 Cujus
480 1891 614 1932 quidem
639 1892 794 1922 Mummii
828 1891 861 1922 in

167 1942 298 1983 agendo
315 1942 494 1982 segnitiem
516 1947 612 1973 notat
635 1942 810 1973 Plutarch.
828 1943 862 1972 in

169 1993 387 2033 Apophtheg.
412 1993 508 2024 Idem.
827 1984 829 1986 ‚

210 2043 224 2063 ¹¹
248 2044 311 2074 Sed
343 2044 384 2079 Q.
416 2044 507 2074 Fulvi
540 2043 722 2084 Nobz'hm‘s,
745 2047 774 2074 et
799 2043 864 2083 ejus

166 2095 300 2133 cossegae,
322 2094 358 2125 T.
379 2093 480 2124 Annii
498 2093 608 2134 Lusci]
642 2094 685 2124 Hi
702 2093 863 2125 condide-

168 2150 248 2176 runt
270 2146 407 2176 lustrum
431 2144 743 2184 quinquagesimum
769 2149 861 2175 octa-

170 2206 260 2231 vum,
276 2205 330 2226 an.
347 2195 391 2226 U.
408 2203 546 2226 Dcxvu.
574 2195 736 2227 Quamvis
754 2195 863 2226 Fulvii

170 2246 355 2278 Nobilioris
367 2245 538 2285 Collegam
551 2244 655 2275 fuisse
666 2246 704 2276 T.
717 2245 864 2276 Annium

171 2298 317 2328 Luscum
331 2305 492 2337 nusquam
507 2296 639 2335 reperio
653 2295 685 2325 in
699 2296 867 2327 veteribus

173 2347 408 2385 monumentis,
431 2346 490 2376 sed
515 2346 556 2378 Q.
584 2345 723 2376 Fabium
756 2347 866 2377 Maxi-

175 2406 263 2427 mum
280 2396 514 2427 Servilianum.
540 2396 637 2426 Idem.

219 2446 226 2466 ⁴¹
251 2447 290 2481 Q.
312 2446 453 2486 Pompei,
474 2449 506 2476 et
534 2446 575 2481 Q.
602 2446 710 2477 Coecilz'
733 2447 869 2486 Metelli]

179 2497 221 2528 Q.
243 2497 426 2536 Pompeius
452 2494 557 2526 Rufus
581 2501 614 2526 et
641 2497 682 2528 Q.
712 2497 869 2527 Caecilius

178 2547 340 2578 Metellus
368 2546 611 2577 Macedonicus
627 2547 769 2578 lustrum
790 2557 869 2578 con-

178 2597 339 2628 diderunt
377 2596 688 2636 quinquagesimum
736 2607 872 2637 nonum,

182 2656 267 2678 anuo
287 2646 331 2677 U.
350 2654 490 2677 Dcxxn.
514 2651 591 2677 tunc
614 2648 754 2686 primum
779 2653 872 2678 uter-

183 2707 248 2738 que
265 2707 304 2727 ex
321 2696 418 2737 plebe
435 2696 517 2727 facti
532 2706 699 2729 censores.
742 2698 784 2731 Q.
800 2698 875 2729 Me-

909 1489 1010 1520 tellus
1034 1488 1178 1523 censuit,
1202 1491 1240 1519 ut
1265 1497 1378 1518 ornnes
1401 1489 1605 1526 cogerentur

908 1540 1032 1570 ducere
1049 1549 1171 1570 uxores
1185 1539 1364 1569 liberorum
1382 1537 1604 1569 creandorum

909 1599 1020 1620 causa.
1046 1590 1126 1628 Ejus
1142 1589 1330 1620 orationem
1346 1587 1518 1628 Augustus
1533 1587 1608 1617 Cae-

911 1650 976 1675 sar,
1007 1649 1083 1670 cum
1119 1639 1161 1670 de
1199 1638 1396 1669 maritandis
1435 1637 1608 1667 ordinibus

911 1694 1043 1729 ageret,
1060 1689 1153 1719 velut
1178 1689 1211 1718 in
1233 1689 1305 1719 lure
1328 1693 1480 1728 tempora
1501 1688 1609 1726 scrip-

913 1745 994 1778 tam,
1023 1741 1055 1770 in
1086 1744 1203 1770 senatu
1235 1739 1402 1770 recitavit.
1457 1737 1611 1769 Eundem

913 1791 1093 1821 Metellum
1109 1790 1148 1821 C.
1166 1789 1299 1820 Atinius
1314 1789 1427 1820 Labeo
1439 1788 1610 1819 Tribunus

915 1841 1036 1881 plebis,
1052 1840 1130 1881 quia
1147 1840 1180 1870 in
1197 1840 1324 1870 Senatu
1342 1838 1485 1877 legendo
1503 1837 1545 1868 ab
1569 1847 1612 1869 eo

917 1891 1110 1931 praeteritus
1126 1889 1246 1930 fuerat,
1264 1889 1305 1919 de
1323 1898 1405 1919 saxo
1428 1888 1612 1928 dejicijus-

916 1941 982 1971 sit:
1017 1940 1107 1981 quod
1137 1949 1180 1970 ne
1208 1940 1307 1970 fieret
1336 1938 1444 1970 ceteri
1472 1937 1614 1969 Tribuni

917 1990 1024 2031 plebis
1043 1990 1169 2021 auxilio
1185 1989 1332 2021 fuerunt.
1353 1990 1452 2021 Idem.

961 2041 975 2061 ¹<
995 2041 1160 2080 Religiosi]
1180 2040 1374 2071 Macrobius
1389 2039 1446 2071 lib.
1462 2048 1518 2071 111.
1536 2039 1616 2070 ‘Se-

918 2091 1064 2123 cundum
1090 2091 1292 2131 Pompeium
1315 2091 1451 2121 Festum
1470 2089 1617 2130 religiosi

918 2146 1007 2177 sunt,
1023 2142 1078 2183 qui
1102 2141 1261 2173 facienda
1283 2145 1319 2172 et
1338 2140 1475 2172 vitanda
1491 2140 1616 2171 discer-

919 2192 1027 2224 nunt.'
1050 2193 1120 2223 dos.
1135 2193 1219 2223 Scal-

963 2242 970 2262 ¹
995 2243 1189 2282 Religiosum
1203 2253 1239 2273 ac
1253 2252 1374 2273 sacrum
1390 2242 1450 2283 est]
1470 2242 1518 2272 Ut
1534 2246 1618 2272 tem-

923 2296 978 2336 pla
996 2295 1117 2334 omnia,
1132 2305 1206 2336 quae
1225 2304 1321 2324 sacra
1340 2298 1428 2332 sunt,
1444 2293 1522 2334 quia
1545 2294 1619 2324 Deo

923 2349 1133 2376 consecrata.
1199 2345 1367 2384 Religiosa
1408 2353 1502 2382 vero,
1541 2345 1621 2384 quia

923 2398 1023 2438 plena
1046 2396 1245 2437 majestatis,
1261 2401 1363 2435 atque
1388 2394 1475 2435 quod
1504 2393 1550 2424 ibi
1577 2394 1621 2424 sit

925 2447 1051 2489 aliquid
1081 2447 1168 2488 quod
1196 2446 1322 2476 bomini
1347 2444 1462 2475 facere
1490 2454 1555 2474 non
1583 2444 1619 2474 li-

925 2503 1014 2530 ceat.
1057 2498 1113 2529 Sic
1135 2497 1317 2536 ‘religiosa
1345 2494 1504 2525 delubra’
1533 2494 1621 2524 dixit

926 2549 1060 2579 Cicero.
1105 2545 1328 2578 Differentias
1361 2545 1449 2575 inter
1479 2552 1623 2581 sacrum,

926 2604 1093 2639 sanctum,
1121 2602 1158 2628 et
1190 2595 1381 2636 religiosum
1414 2593 1490 2624 vide
1521 2591 1620 2624 infra.

926 2649 1005 2679 Duc.
