1876 3025
269 145 354 186 742
713 155 861 187 1ςΕΧΤι
897 155 1099 186 POMPEII
1133 157 1268 188 essu

327 250 464 307 gravi,
487 257 524 291 et
552 264 663 305 paene
684 251 925 292 amissione
948 251 1102 305 capitis
1131 251 1174 292 in
1205 266 1248 292 eo
1283 251 1442 292 honore.
1503 250 1710 307 Religiosa,

333 319 428 359 item
449 322 492 360 et
513 319 566 362 P.
584 319 760 360 Corneli
784 317 982 371 Scipionis
1005 315 1195 368 Nasicae‚d
1217 318 1280 360 cui
1307 318 1470 373 collega,
1494 317 1560 359 M.
1576 320 1713 374 Popi-

329 386 418 427 lius
436 392 540 440 post
561 385 773 428 consulem
790 385 861 440 qui
868 383 1054 440 fratrem
1073 384 1191 436 vidit,
1215 384 1396 426 Censura
1413 385 1506 436 fuit,
1523 386 1712 428 vadatus

331 453 434 493 enim
455 467 543 493 cum
564 459 658 493 esset

338 519 382 561 S.
415 535 439 560 a
462 520 517 560 P.
541 519 596 561 R.
623 519 867 561 Liberatum
883 523 1066 561 constat.
1129 519 1192 560 M.
1214 519 1407 561 Valerius
1435 520 1631 571 Messala,
1667 520 1715 562 C.

338 586 499 628 Cassius
525 586 773 641 Longinuse
805 586 1050 638 Censores3
1081 601 1251 641 qnorum
1281 588 1324 628 in
1354 589 1598 644 magistratu
1626 588 1718 629 sub-

333 669 447 695 versa
467 655 668 711 pudicitia
694 656 850 704 fuerat,
871 655 1031 696 famosi
1051 657 1298 696 excitemini:
1321 670 1415 697 nam
1431 656 1613 710 palmam
1632 671 1719 710 qztce

339 724 384 764 in
402 723 628 778 Capitolio
646 724 691 763 in
713 736 788 764 ara
807 722 892 777 ipsa
912 721 1029 763 Jovis
1051 722 1193 777 optimi
1215 723 1396 774 maximi,
1419 723 1518 764 bello
1539 722 1719 764 Persico

336 794 439 832 nata
453 791 606 842 fuerat,
624 797 717 830 tnnc
731 789 1137 845 prostratamferunt
1158 798 1194 831 et
1215 790 1271 831 ibi
1292 797 1460 832 enatam
1487 791 1634 840 ficum,
1656 791 1721 831 in-

337 858 563 911 famesque
584 872 722 898 rm'sus
732 856 856 914 fecit,
875 857 945 912 qui
964 858 1047 898 sine
1062 858 1150 898 ullo
1167 859 1397 912 pudicitiae
1419 856 1723 913 respectufue-

336 932 431 965 rant
455 923 657 967 Censores,
717 926 769 967 L.
791 925 965 967 Corneli
993 923 1178 974 Lentuli,
1200 926 1250 967 C.
1275 924 1486 966 Censorini
1504 923 1517 947 f
1542 925 1722 980 seqnitur

342 991 550 1032 Censura.-
577 993 789 1033 Lentulus
799 993 968 1047 judicio
990 991 1156 1046 publico
1179 993 1489 1047 repetundorum
1510 993 1723 1034 damnatus

340 1060 497 1109 fuerat,
515 1061 686 1113 plurimi
706 1062 853 1114 itaque
875 1059 1097 1101 Censurom
1119 1059 1264 1114 adepto
1280 1061 1550 1101 damnationis
1567 1074 1725 1114 poenam

344 1127 591 1168 remiserunt.
635 1129 688 1169 P.
713 1127 921 1183 Africani,
939 1126 1059 1168 Lucii
1080 1127 1296 1169 Mummi&
1332 1127 1513 1168 Censura
1535 1128 1699 1183 insignis
1716 1144 1728 1168 .·

937 1251 1081 1283 No'rAE

285 1324 415 1356 Quarta
441 1333 584 1355 censura
617 1326 651 1356 L.
677 1325 800 1356 AEmilii
825 1326 923 1356 Pauli
945 1331 980 1357 et

286 1374 329 1405 Q.
346 1374 394 1404 M.
417 1373 579 1413 Philippi,
593 1377 646 1415 qui
664 1375 803 1405 lustrum
822 1376 981 1406 condide-

285 1429 363 1454 runt
381 1424 693 1464 quinquagesimum
711 1427 848 1456 tertium
866 1435 918 1456 an.
936 1426 979 1457 U.

288 1481 469 1504 DLxxxrx.
497 1474 570 1505 Liv.
598 1475 629 1504 in
652 1475 819 1515 epitome:
845 1480 879 1506 et
903 1476 981 1506 Plu-

286 1524 392 1554 tarch.
409 1524 441 1554 in
460 1524 587 1555 Paulo:
613 1525 668 1564 qui
682 1526 820 1556 tradunt
833 1526 892 1556 lios
906 1536 982 1556 cen-

287 1583 377 1604 sores
392 1574 423 1604 in
442 1575 657 1605 recensendis
675 1576 845 1616 equitibus
865 1578 983 1607 Roma-

288 1624 339 1654 nis
358 1629 426 1654 tres
455 1634 472 1654 e
494 1625 621 1656 Senam
646 1627 800 1667 movisse,
828 1628 983 1658 Paulum-

289 1684 353 1714 que
372 1674 518 1705 Censura
536 1685 656 1715 magna
672 1686 712 1706 ex
727 1682 824 1717 parte
843 1682 935 1717 gesta
950 1678 983 1708 in

289 1724 441 1755 morbum
457 1735 590 1765 gravem
609 1727 775 1757 incidisse.
802 1728 898 1758 Idem.

332 1774 346 1794 d
375 1775 534 1813 Religiosa
557 1776 632 1806 item
656 1781 685 1807 et
712 1778 751 1807 P.
773 1778 897 1808 Corneli
918 1778 987 1809 Sci-

290 1825 391 1864 pionis
424 1826 560 1866 Nasicoe]
595 1828 723 1859 Quinta
755 1828 902 1858 Censura
939 1829 987 1860 M.

292 1874 419 1913 Popilii
438 1875 582 1905 Laeuaus
595 1881 630 1906 et
643 1877 683 1906 P.
699 1877 846 1907 Cornelii
861 1878 984 1917 Scipio-

294 1923 347 1954 nis
370 1925 518 1963 Nasicae,
536 1926 588 1965 qui
609 1927 833 1957 condiderunt
849 1928 989 1958 lustrum

295 1974 606 2014 quinquagesimum
649 1982 806 2016 quartum
853 1987 907 2008 an.
947 1978 989 2009 U.

297 2033 421 2055 Dxcrv.
465 2025 532 2056 Hic
555 2026 671 2065 Scipio
687 2026 817 2057 Censor
842 2027 851 2043 ‘
866 2028 990 2066 primus

297 2084 384 2114 aqua
408 2074 521 2105 divisit
547 2076 643 2106 horas
668 2087 765 2117 aeque
789 2078 933 2109 noctium
952 2088 991 2109 ac

297 2124 452 2156 dierum.'
497 2126 586 2156 Plin.
609 2127 669 2158 lib.
693 2136 823 2159 xxxw.
849 2139 923 2160 cum
946 2130 994 2160 ait

300 2175 389 2205 iufra
407 2176 523 2207 Festus
540 2177 693 2208 Marcum
711 2178 880 2217 Popilium
901 2184 992 2219 post-

300 2234 341 2255 ea
366 2223 509 2256 fratrem
536 2236 629 2257 suum
659 2219 831 2259 cons‘nlem
859 2229 995 2269 vidisse,

300 2274 404 2304 miror
420 2275 575 2315 equidem
593 2276 619 2306 si
636 2277 715 2307 illud
734 2278 776 2308 de
793 2279 900 2318 primo
916 2289 992 2310 con-

302 2325 410 2355 sulatu
426 2324 541 2356 fratris
555 2326 626 2365 ejus
640 2327 769 2358 locutus
783 2333 833 2359 est
851 2329 992 2360 Festus:

303 2376 404 2406 Caius
418 2377 505 2406 enim
525 2377 678 2417 Popilius
694 2379 813 2410 Laenas
829 2380 900 2420 jam
917 2385 994 2411 ante

304 2426 354 2456 Μ.
374 2426 494 2466 Popilii
522 2427 664 2458 Laenatis
687 2438 863 2460 censuram
881 2431 996 2461 consul

305 2475 560 2517 fuerat,nempe
571 2479 806 2509 an.580.1nf··a
817 2479 913 2511 deest
924 2485 997 2511 tan-

307 2531 377 2556 tum
389 2535 544 2556 numerus
556 2536 691 2558 summae
707 2537 766 2568 pro
781 2539 845 2569 qua
860 2529 999 2560 vadatus

308 2579 379 2605 erat
392 2575 519 2615 Scipio,
536 2576 634 2606 litera
646 2577 731 2607 enim
747 2578 769 2608 S
788 2578 869 2609 satis
886 2583 998 2609 osten-

310 2626 359 2655 dit
377 2625 417 2654 de
435 2625 599 2656 sestertiis
613 2626 658 2656 ibi
673 2632 782 2658 actum
802 2628 869 2659 HS.
895 2629 990 2661 Idem.

352 2680 363 2693 ι’
388 2676 433 2706 M.
470 2675 608 2707 Valerius
636 2678 783 2719 Messala,
809 2681 845 2710 (¹.
879 2680 1003 2710 Cassius

1034 1326 1211 1367 Longinus]
1236 1326 1281 1357 Hi
1306 1326 1447 1356 lustrum
1466 1324 1618 1356 fecerunt
1634 1325 1728 1366 quiu-

1034 1378 1260 1417 quagesimum
1279 1377 1430 1417 quintum
1443 1386 1495 1406 an.
1513 1384 1640 1406 Dxcrx.
1665 1377 1727 1406 Eo-

1036 1437 1106 1457 rum
1124 1428 1308 1467 historiam,
1324 1427 1366 1457 de
1384 1437 1446 1467 qua
1465 1427 1518 1456 hic
1534 1428 1664 1464 Festus,
1682 1427 1729 1456 sie

1037 1479 1127 1508 Plin.
1157 1479 1213 1509 lib.
1241 1488 1334 1509 xvn.
1362 1488 1437 1517 cap.
1458 1481 1511 1508 20.
1535 1478 1543 1493 ‘
1561 1478 1672 1508 Roma*
1698 1478 1730 1507 in

1037 1529 1204 1568 Capitolio
1231 1528 1262 1558 in
1293 1538 1351 1558 ara
1377 1528 1471 1559 Jovis
1500 1527 1586 1557 bello
1615 1526 1734 1557 Persei

1037 1583 1136 1608 enata
1161 1578 1269 1618 palma
1285 1578 1459 1608 victoriam
1478 1577 1732 1617 triumphosque

1038 1629 1228 1668 portendit:
1254 1629 1313 1658 liae
1332 1632 1535 1668 tempestate
1551 1632 1734 1666 prostrata,

1039 1677 1157 1708 eodem
1186 1678 1259 1707 loco
1282 1677 1364 1708 fieus
1393 1682 1492 1707 enata
1510 1680 1561 1707 est
1578 1677 1626 1707 M.
1645 1677 1734 1706 Mes-

1041 1728 1133 1766 salae,
1159 1728 1197 1758 C.
1227 1728 1334 1758 Cassii
1363 1728 1547 1758 Censorum
1577 1727 1694 1762 lustro,
1717 1736 1736 1756 a

1041 1787 1107 1817 quo
1139 1782 1292 1817 tempore
1320 1777 1518 1817 pudicitiam
1543 1777 1736 1807 subversam

1045 1828 1123 1858 Piso
1139 1827 1249 1866 gravis
1267 1832 1384 1857 auctor
1403 1826 1576 1867 prodidit.'
1610 1827 1650 1857 In
1667 1827 1735 1857 vul-

1043 1878 1131 1916 gatis
1160 1877 1246 1908 Plin.
1271 1877 1370 1908 editt.
1393 1878 1570 1917 scriptum,
1586 1877 1626 1907 In
1644 1878 1737 1917 Capi-

1043 1929 1116 1959 tolio
1142 1928 1174 1958 in
1199 1929 1298 1968 capite
1322 1928 1368 1958 bis
1391 1928 1492 1958 ἀοι-ἰδ’.
1539 1929 1740 1959 Emendavit

1045 1978 1140 2009 Fulv.
1163 1978 1318 2013 Ursinus,
1336 1978 1375 2008 1η
1400 1988 1456 2008 ara
1470 1978 1574 2016 Jovis,
1588 1988 1630 2008 ex
1657 1979 1740 2009 libro
1797 1998 1805 2009 .

1045 2037 1119 2058 cum
1143 2028 1376 2058 vetustissimis
1399 2028 1648 2068 exemplaribus
1672 2030 1739 2059 col-

1046 2078 1127 2117 lato,
1144 2078 1197 2108 ubi
1216 2078 1247 2108 in
1262 2087 1318 2108 ara
1332 2078 1433 2109 Johis.
1478 2079 1562 2110 Quae
1585 2079 1738 2109 emenda-

1050 2129 1097 2159 tio
1112 2129 1214 2159 hoece
1231 2128 1324 2159 Festi
1343 2129 1416 2159 loco
1434 2128 1572 2159 mirifice
1590 2138 1740 2169 compro-

1049 2179 1156 2210 batur.
1180 2179 1276 2209 Idem.

1089 2227 1102 2247 f
1120 2229 1158 2259 L.
1189 2229 1313 2259 Corneli
1332 2229 1471 2269 Lentuli,
1499 2231 1535 2259 C.
1561 2230 1741 2270 Censorini]

1046 2278 1198 2319 Septima
1226 2279 1298 2309 liaec
1337 2279 1486 2310 Censura
1528 2280 1562 2310 L.
1594 2280 1741 2311 Cornelii

1049 2328 1183 2359 Lentuli
1206 2328 1289 2368 Lupi
1309 2333 1344 2358 et
1364 2329 1401 2359 C.
1419 2329 1534 2360 Martii
1552 2330 1741 2367 Censorini,

1049 2378 1103 2418 qui
1121 2377 1343 2408 condiderunt
1366 2378 1508 2409 lustrum
1534 2379 1741 2420 quinquage-

1051 2428 1168 2458 simum
1186 2432 1317 2458 sextum
1341 2437 1394 2458 an.
1421 2429 1462 2460 U.
1487 2438 1583 2460 nevi.
1630 2431 1742 2463 Valer.

1054 2478 1145 2508 Max.
1165 2477 1222 2508 lib.
1245 2486 1279 2508 v.
1310 2478 1348 2509 L.
1368 2478 1530 2509 Lentulus
1549 2480 1741 2519 Consularis

1052 2528 1128 2567 lege
1155 2528 1293 2558 Caecilia
1316 2529 1577 2567 repetundarum
1605 2531 1744 2561 crimine

1054 2587 1235 2619 oppressus
1252 2578 1380 2608 Censor
1401 2588 1475 2610 cum
1500 2580 1538 2610 L.
1562 2581 1744 2611 Censorino

1056 2633 1190 2660 creatus
1207 2632 1270 2658 est.
1296 2629 1395 2659 Idem.

1098 2683 1112 2704 ἓ
1144 2678 1185 2710 P.
1213 2676 1368 2715 Africani,
1397 2679 1486 2711 Lucii
1517 2680 1663 2719 Mummi]
1703 2682 1739 2712 P.
