1876 3025
274 168 359 209 948

719 177 866 208 SEXTl
905 176 1103 206 ΡΟΜΡΕΙΙ
1140 175 1276 205 FESTI

328 276 483 316 urbem
519 273 775 327 conjectus:
808 274 850 312 et
879 270 1130 312 Corvinusc
1158 284 1237 325 pro
1272 271 1509 313 Liburnia:
1541 271 1727 325 Propter

328 343 446 383 hanc
469 342 630 390 tabem,
653 344 783 392 atque
805 338 1040 392 perniciem
1062 338 1219 379 domus
1242 339 1395 381 totius.

272 406 606 451 Tabernaculad
640 407 842 448 dicuntur
865 419 892 447 a
913 406 1199 447 similitudine
1229 407 1521 457 tabernarum,
1542 419 1641 460 quae
1661 407 1729 461 ip-

328 491 406 528 sae,
439 476 559 530 quod
587 488 645 517 ex
678 474 846 515 tabulis
880 473 984 514 olim
1012 473 1193 523 fiebant,
1224 473 1355 515 dictae
1391 479 1510 524 sunt,
1540 486 1644 522 non,
1683 477 1731 514 ut

329 545 512 600 quidam
536 547 708 597 putant,
727 541 844 595 quod
866 541 1032 583 tabulis
1056 540 1307 582 eludantur.

276 611 788 666 Tablin11n12eproxime
826 610 987 651 atrium
1021 610 1148 651 locus
1182 609 1372 662 dicitur;
1405 609 1525 663 quod
1560 609 1731 663 antiqui

331 681 613 734 magistratus
629 681 673 721 in
697 692 777 720 suo
800 678 988 731 imperio
1011 678 1178 720 tabulis
1204 706 1213 716 .

274 749 508 790 Tablinum
531 748 736 802 proxime
763 747 921 789 atrium
941 746 1068 788 locus
1102 746 1276 795 dicitur,
1294 744 1412 798 quod
1446 745 1610 798 antiqui
1642 757 1731 785 ma-

335 817 605 870 gistratusin
630 829 711 857 suo
739 815 926 869 imperio
957 814 1131 855 tabulas
1164 813 1386 854 rationum
1419 812 1481 853 ibi
1508 812 1733 853 habebant

333 886 610 939 publicarum
634 885 851 925 rationum
874 894 1011 924 causa
1027 881 1194 923 sactum
1214 881 1379 922 locum.

273 954 524 1003 Tublinum,
558 953 682 994 locus
705 951 935 1005 proximus
957 950 1083 1000 atrio,
1115 963 1141 991 a
1162 949 1328 991 tabulis
1359 948 1509 1003 appel·
1547 947 1728 1001 [PAUL.

337 1022 469 1063 latus.

889 1138 1062 1151 OON‘O‘OO
1069 1138 1124 1150 ‘O‘

321 1224 340 1251 2
365 1222 445 1252 Yet.
463 1221 536 1252 cod.
556 1220 731 1251 Tabiinum.
778 1218 865 1250 Vide
883 1217 979 1249 infra.

929 1346 1074 1379 NOTAE

322 1432 334 1447 Ε
361 1424 529 1464 Corvinus]
552 1423 693 1455 Dubito.
727 1424 853 1454 Forsan
869 1422 980 1453 Corni-

1030 1431 1100 1452 rum
1118 1421 1275 1452 rationum
1286 1418 1505 1457 cuusasuclus,
1521 1419 1600 1459 quod
1615 1417 1741 1458 antiqui

273 1479 382 1519 ficius,
399 1476 496 1517 cujus
510 1475 605 1506 iuliis
622 1473 716 1504 libris
734 1483 826 1514 saepe
843 1472 982 1504 mentio.
1031 1473 1239 1511 magistratus
1266 1472 1298 1502 in
1321 1481 1375 1502 suo
1400 1470 1529 1510 imperio
1550 1469 1672 1500 tubulus
1686 1478 1737 1499 ra-

283 1528 385 1558 Idem.

323 1577 337 1597 ‘¹
362 1576 584 1616 Tabernacula]
617 1575 706 1605 Vide
735 1574 768 1605 in
795 1573 805 1590 ‘
822 1573 981 1605 adtuber-

281 1627 384 1659 nalis'
409 1632 445 1658 et
469 1624 763 1657 ‘contubernalis.'
790 1625 888 1655 Idem.

325 1683 338 1698 ὓ
363 1676 541 1716 Tublinum]
575 1674 801 1715 Transposita
827 1675 879 1706 iiic
904 1679 982 1705 suut

282 1729 458 1770 quaedam:
477 1737 551 1769 quae
567 1727 615 1758 ita
632 1736 691 1757 suo
708 1725 819 1756 ordini
837 1725 980 1757 reddes:

282 1780 445 1811 Tublinum
466 1779 606 1819 proxime
629 1778 745 1808 atrium
769 1778 851 1808 locus
866 1777 983 1807 dicitur

279 1831 472 1871 publicarum
482 1830 636 1860 rationum
646 1838 735 1859 causa
744 1826 865 1866 factus.
893 1828 983 1862 Quod

281 1882 404 1922 antiqui
417 1881 624 1921 magistratus
639 1880 672 1909 in
688 1889 740 1909 suo
758 1879 884 1918 imperio
897 1879 983 1909 tabu-

281 1934 329 1963 las
352 1931 509 1962 rationum
533 1931 577 1961 ibi
604 1929 763 1960 habebant.
808 1928 876 1960 Alii
899 1929 984 1958 aliud

283 1986 405 2022 etymon
420 1984 572 2013 reddunt:
595 1982 674 2020 quod
699 1980 826 2011 Tubuloe
846 1980 984 2019 pictura-

282 2043 351 2062 rum
367 2032 410 2063 ibi
427 2032 663 2072 reponebantur.
713 2031 801 2061 Unde
817 2034 847 2060 et
860 2030 983 2069 pinaco-

284 2083 404 2113 thecam
418 2092 533 2122 qnoque
547 2081 707 2112 vocabant.
760 2080 860 2110 Varro
874 2080 985 2110 aliter:

284 2133 372 2171 cujus
388 2133 451 2162 hcec
467 2132 557 2162 cerba
571 2134 644 2161 sunt
657 2131 736 2160 libro
750 2130 849 2169 primo
866 2131 903 2160 de
920 2130 985 2160 vitu

281 2183 386 2222 populi
426 2181 580 2212 Romani.-
613 2181 664 2211 Ad
685 2179 793 2218 focum
822 2180 919 2210 hieme
950 2190 985 2210 ac

274 2232 452 2272 frigoribus
478 2232 685 2262 coenitubant:
717 2231 824 2261 (estivo
850 2234 985 2270 tempore

285 2283 317 2313 in
331 2284 517 2322 propatulo;
540 2291 611 2313 rnre
627 2281 659 2312 in
675 2284 780 2317 corle;
803 2282 834 2311 in
851 2280 938 2320 urbe,
953 2280 985 2310 in

284 2333 434 2371 tabulino,
459 2334 536 2373 quod
555 2332 749 2362 Moenianum
763 2341 921 2371 possumus
937 2332 985 2361 in-

285 2384 425 2422 telligere
441 2382 553 2414 tabulis
564 2382 768 2419 fitbriculzwz.
809 2380 895 2412 Haec
915 2381 985 2411 ille.

285 2437 355 2467 Jos.
374 2436 459 2466 δοιαὶ.

334 2485 510 2525 Ταὺῑίηιιηι]
534 2484 676 2515 scheda·
695 2483 880 2524 praeferuut
899 2484 984 2514 tabu-

286 2540 332 2569 liis
362 2548 423 2578 pro
449 2537 583 2568 tabulis:
617 2535 674 2566 sed
705 2535 826 2566 relicta
853 2535 984 2565 lacuna.

287 2592 372 2622 Qum
395 2589 518 2619 desunt
543 2587 628 2618 male
653 2586 730 2617 hinc
754 2585 885 2616 divulsa
908 2594 984 2615 cum

288 2636 387 2670 Pauli
419 2639 570 2679 Epitome
599 2636 757 2667 videntur
791 2636 984 2674 cohaesisse,

287 2701 390 2730 quart·
417 2689 623 2729 Scaligerum
651 2697 771 2728 sequor
799 2688 853 2727 qui
881 2686 983 2725 legit:

292 2741 449 2771 Tamiram
469 2740 606 2779 proxime
621 2739 736 2770 acrium
753 2739 834 2769 locus
850 2737 983 2777 publicu·

1032 1522 1150 1553 tionum
1173 1522 1217 1552 ibi
1242 1521 1403 1552 habebant.
1447 1519 1533 1550 Inde
1562 1519 1652 1550 Plin.
1678 1519 1735 1550 lib.

1036 1582 1152 1604 xxxv.
1176 1572 1186 1589 ‘
1200 1572 1343 1603 Tablina
1361 1569 1537 1602 codicibus
1551 1568 1738 1609 impleban-

1038 1630 1105 1664 tur,
1122 1629 1157 1655 et
1175 1621 1401 1654 monumentis
1426 1629 1538 1651 rerum
1562 1619 1595 1649 in
1616 1618 1739 1659 magis-

1036 1679 1128 1707 tratu
1148 1672 1342 1715 gestarum?
1371 1671 1554 1703 Tabulinum
1568 1679 1662 1710 ergo.
1678 1678 1739 1710 per

1035 1735 1177 1767 syncop.
1208 1724 1381 1758 Tublinam.
1410 1722 1504 1753 locus
1534 1720 1675 1760 privatis
1705 1719 1739 1750 in

1036 1776 1167 1807 aedibus
1190 1775 1246 1806 ubi
1275 1774 1425 1815 publicas
1450 1771 1599 1802 rationes
1627 1779 1739 1801 serva-

1036 1826 1138 1858 bant:
1164 1831 1199 1857 et
1217 1835 1257 1856 eo
1277 1823 1396 1855 differt
1413 1834 1432 1854 a
1451 1821 1626 1861 Tubulurio,
1649 1820 1740 1861 quod

1036 1876 1240 1908 tabularium
1259 1875 1414 1915 publicus
1440 1873 1532 1903 locus
1554 1872 1597 1902 sit
1615 1871 1672 1902 ubi
1689 1871 1738 1901 in-

1037 1931 1230 1959 strumenta
1253 1931 1287 1957 et
1315 1930 1392 1956 acta
1414 1923 1552 1964 publica
1579 1921 1740 1962 dispone-

1037 1978 1161 2009 bantur
1180 1983 1215 2008 et
1233 1975 1469 2007 servabantur.
1515 1972 1628 2004 Cicer.
1642 1972 1735 2012 Virg.

1036 2028 1149 2059 Gloss.
1165 2033 1173 2044 ‘
1189 2026 1403 2063 tabularium,
1419 2021 1640 2062 λογιστήριον.’
1671 2022 1737 2052 Ve-

1038 2087 1109 2108 rum
1126 2087 1144 2107 a
1171 2078 1273 2107 Festo
1289 2076 1399 2105 Varro
1421 2072 1590 2109 dissentit,
1614 2070 1671 2111 qui
1697 2071 1739 2102 de

1038 2130 1107 2158 vita
1123 2127 1353 2168 populi‘Rom.
1371 2124 1428 2155 lib.
1442 2133 1467 2154 1.
1483 2122 1645 2154 Tublinum
1661 2132 1679 2152 a
1696 2126 1742 2154 ta-

1037 2179 1115 2209 bulis
1135 2177 1223 2208 uude
1250 2175 1472 2207 fabricatum:
1499 2171 1575 2203 ‘Ad
1603 2171 1741 2210 focum,’

1037 2231 1157 2271 inquit,
1186 2229 1332 2269 ‘hyeme
1359 2236 1398 2258 ac
1426 2224 1608 2265 frigoribus
1636 2225 1739 2255 caeni-

1038 2281 1155 2311 tabant
1168 2290 1176 2318 ;
1195 2278 1311 2310 aestivo
1327 2284 1479 2317 tempore
1493 2275 1525 2305 in
1540 2274 1740 2314 propatnio;

1039 2341 1113 2361 rure
1137 2331 1168 2360 iu
1195 2334 1311 2367 corte;
1335 2328 1368 2358 in
1393 2326 1486 2361 urbe,
1514 2325 1547 2355 in
1574 2323 1740 2358 tabulino,

1037 2381 1124 2422 quod
1140 2380 1346 2411 Maenianum
1361 2385 1535 2418 possumus
1548 2374 1738 2414 intelligere

1039 2432 1163 2462 tabulis
1199 2427 1426 2461 fabricatum!
1486 2426 1572 2457 Haec
1603 2425 1736 2455 Varro:

1039 2484 1092 2513 alii
1111 2483 1262 2513 tablinwn
1276 2491 1293 2510 a
1307 2479 1420 2511 tubulis
1438 2478 1646 2518 picturarum
1663 2484 1738 2515 quae

1038 2533 1083 2563 ibi
1102 2531 1367 2572 reponebantur,
1385 2528 1475 2559 unde
1503 2532 1539 2558 et
1559 2525 1738 2566 pinacothe-

1037 2593 1103 2613 cam
1120 2591 1252 2623 quoque
1276 2580 1458 2617 vocabant,
1479 2577 1537 2608 sed
1562 2575 1737 2616 pinacothe·

1039 2644 1088 2665 cus
1107 2643 1124 2663 a
1142 2632 1266 2663 tubunis
1283 2631 1407 2662 diserte
1426 2627 1606 2669 distinguit
1622 2626 1736 2657 Vitru-

1041 2684 1123 2714 vius.
1151 2683 1230 2713 Duc.
