1876 3025
344 177 404 207 DE
437 175 705 206 VERBORUM
740 173 1143 205 SlGNlFlCATIONE
1177 173 1269 203 LIB.
1303 173 1432 202 XVII.

175 270 308 325 Stipes
319 270 474 326 ⁰fustis
493 277 608 311 terrae
629 270 803 311 defixus
824 283 831 307 :
864 267 1066 310 Afranius
1095 267 1137 307 in
1171 297 1180 307 .

1525 163 1607 203 901

1404 296 1413 305 .
1443 266 1608 319 [Fsssr.

228 339 366 379 Porro
388 339 568 378 honeste
604 352 725 391 qaam
743 335 913 391 fecerit,
935 335 1005 390 qui
1036 334 1176 389 stipite
1205 335 1396 375 hostium
1432 333 1609 386 impulit,

225 411 402 445 vostram
422 404 593 458 imploro
610 405 756 454 fidem,
777 404 852 458 qui
869 402 1015 443 adestis

735 503 746 513 .
805 484 897 512 eam
917 471 1088 520 silvam,
1110 476 1155 511 et
1214 499 1224 508 .

226 554 274 579 us
294 538 333 578 in
355 539 528 580 hostili
516 553 561 579 m
583 552 651 579 me
671 537 1024 591 lact1t⁵perc1cssit
1056 537 1169 578 latus
1190 541 1240 577 ut
1267 536 1443 577 revolso
1474 535 1609 590 stipite

224 605 335 645 miles
358 607 434 658 qui
464 606 591 659 Jactu
619 604 760 646 valido
782 604 982 659 percussit
1004 618 1217 658 parmam,
1246 604 1328 644 nisi
1363 604 1402 644 si
1432 603 1608 657 stipitem

217 686 370 726 *ponere
401 673 538 714 voluit
571 686 650 726 pro
685 672 774 722 telo,
795 671 860 712 vel
885 670 1018 720 hasta,
1051 671 1198 711 Accius
1224 672 1268 712 in
1304 671 1505 721 Bacchis,
1529 669 1607 711 Ee-

225 753 340 794 quem
355 739 372 764 ⁶
391 740 566 794 stipitem
586 740 810 794 abieguum
833 744 913 780 aut
934 738 1110 779 alienum

741 839 751 849 .
812 820 865 847 us
887 807 1053 847 Ennius
1093 838 1102 847 .

736 905 744 913 .
803 875 964 927 stipites
985 874 1167 926 abiegno
1213 904 1224 915 .

743 973 753 983 .
814 955 837 981 e
858 941 1049 993 stipitem
1091 971 1099 981 .

169 1074 358 1128 Stipitem
375 1075 542 1128 arripit.

739 1038 748 1048 .
806 1008 1011 1049 interemit
1028 1021 1139 1056 eum,
1156 1021 1244 1061 qua

166 1143 344 1196 Stirpem
358 1148 374 1173 P
395 1143 438 1182 in
459 1141 678 1183 masculino
705 1156 852 1197 genere
874 1142 1045 1195 antiqui
1071 1149 1326 1196 usmpmzmt
1340 1156 1418 1197 pro
1441 1156 1483 1182 eo
1502 1140 1611 1196 quod

222 1209 470 1265 estfoemina
502 1209 781 1263 metaphorice
801 1209 988 1259 dicentes,
1005 1208 1132 1263 po'e'tce
1155 1223 1253 1263 quae
1274 1223 1387 1251 nunc
1416 1208 1610 1264 infoemi-

222 1276 316 1317 nino
331 1275 551 1331 prcfferunt
568 1290 726 1332 genere.

773 1398 888 1410 eeeeee

779 1278 934 1318 Livius
951 1282 988 1315 :q
1018 1275 1414 1331 tradzcntfamiliass
1429 1290 1608 1331 quorun-

892 1397 1007 1409 cccccc

206 1479 224 1506 5
250 1475 313 1507 Ed.
332 1475 535 1515 Scal.jactu:
559 1481 593 1508 et
609 1477 655 1509 ita
670 1477 850 1518 legendum
865 1482 981 1509 monet
1000 1477 1153 1509 Dae—6
1178 1476 1262 1508 Ead.
1280 1476 1479 1518 ed.ecqut1m.

819 1595 958 1628 NOTAE

204 1674 218 1689 0
242 1669 359 1710 Stipes]
390 1670 571 1702 Citabatur
601 1670 775 1711 Afranius,
800 1672 857 1713 qui

162 1718 306 1756 dixerat,
329 1720 436 1760 stipite
462 1721 574 1751 ostium
603 1722 751 1762 impulit:
775 1723 857 1753 item

162 1767 277 1800 Attius
295 1770 326 1799 in
345 1770 559 1811 Menapro,
584 1772 639 1812 qui
660 1772 785 1802 dixerit
808 1781 856 1803 re—

161 1820 243 1849 volso
259 1819 376 1859 stipite,
390 1825 422 1850 et
440 1820 471 1850 in
491 1821 654 1852 Bacchis:
673 1827 706 1852 et
717 1822 855 1856 Ennius,

162 1869 219 1909 qui
238 1869 323 1899 dixit
339 1870 460 1910 stipites
474 1871 629 1910 abz’egnos.
651 1872 722 1904 Jos.
736 1872 827 1903 Scal.

204 1919 326 1959 Stipes]
360 1920 401 1951 In
428 1921 538 1951 verbis
566 1921 698 1952 Afranii
723 1922 856 1953 hostium

162 1978 223 2009 pro
245 1970 369 2000 ostium.
415 1970 464 2001 Ut
498 1981 599 2012 supra
633 1973 666 2002 iu
702 1972 857 2012 ‘scrupi,’

160 2019 290 2050 hosen-eis
316 2030 376 2059 pro
404 2021 521 2051 ostreis.
568 2021 663 2053 Infra
688 2032 749 2062 pro
773 2024 857 2053 lactu

158 2069 340 2109 legendnm
356 2070 458 2108 jactu.
502 2072 647 2113 Reliqua
678 2073 856 2114 deplorata

162 2125 252 2150 sunt.
276 2120 358 2151 Dae.

201 2176 217 2196 Ρ
241 2171 328 2202 Sti..
343 2171 368 2210 .]
391 2172 446 2202 De
461 2172 569 2212 stirpe
593 2173 732 2204 Festum
749 2174 855 2214 scrip-

159 2220 242 2251 sisse
269 2226 387 2259 aperte
411 2221 627 2261 intelligitur,
642 2233 713 2253 eam
726 2233 856 2255 mascu-

161 2270 227 2299 line
243 2279 374 2310 quoque
391 2270 469 2300 dici.
514 2271 601 2302 Vide
622 2273 631 2288 ⁴
645 2273 804 2312 Spicum,’
822 2279 856 2305 et

159 2320 168 2335 ‘
183 2319 334 2360 Specus,'
351 2324 386 2351 et
401 2322 410 2338 ‘
429 2320 558 2352 Recta.’
586 2322 665 2353 Ant.
682 2324 768 2363 Aug.

204 2369 257 2400 Sti
269 2391 276 2400 .
291 2390 319 2402 ·.
336 2369 349 2409 ]
374 2370 552 2402 Citabatnr
569 2372 697 2404 Ennius
713 2375 768 2415 qui
781 2376 854 2406 stir-

157 2430 226 2460 pem
251 2421 337 2451 dixit
369 2422 578 2452 masculino:
614 2423 749 2454 Nomine
774 2425 855 2466 Pyr-

160 2471 246 2504 rhus,
272 2471 319 2500 uti
346 2474 524 2511 memorant,
546 2482 565 2502 a
584 2472 682 2514 stirpe
704 2484 856 2515 supremo.

163 2521 236 2553 Jos.
254 2520 342 2551 Scal.

202 2577 217 2597 q
242 2571 365 2610 Livius]
391 2569 519 2601 Livium
546 2571 777 2605 Andronicum
803 2574 853 2605 in-

161 2621 295 2660 tellige:
317 2629 414 2659 quem
429 2629 471 2650 ex
481 2620 542 2651 hoc
556 2622 629 2652 loco
641 2623 852 2655 historiarum

160 2671 229 2701 sive
267 2669 437 2700 annalium
473 2669 576 2701 libros
612 2673 854 2712 conscripsisse

162 2725 293 2753 certum
309 2724 374 2752 est.
419 2719 585 2762 Adeoque
610 2721 708 2754 nimis
731 2725 853 2764 praeci—

912 1673 1064 1712 pitanter
1089 1671 1174 1703 fecit
1199 1671 1451 1703 Illustrissimus
1481 1671 1607 1703 Gerar-

912 1721 974 1752 dus
989 1722 1137 1754 Joannes
1153 1722 1305 1760 Vossius,
1322 1731 1397 1752 cum
1411 1721 1442 1750 in
1456 1722 1606 1752 luculen-

912 1772 1050 1802 tissimis
1065 1772 1158 1803 libris
1175 1773 1242 1802 suis
1259 1772 1299 1802 de
1321 1772 1492 1802 historicis
1516 1772 1606 1802 Lati-

913 1822 962 1852 nis
980 1822 1037 1852 lib.
1060 1831 1115 1852 111.
1131 1832 1206 1862 cap.
1231 1824 1281 1852 12.
1305 1831 1372 1852 non
1399 1822 1526 1852 veritus
1553 1827 1608 1852 est

912 1870 1079 1902 affirmare
1102 1872 1273 1903 historicis
1300 1881 1479 1912 perperam
1502 1881 1605 1901 anuu-

910 1922 1035 1953 merari
1054 1922 1182 1952 Livium
1200 1921 1429 1953 Andronicum
1454 1921 1606 1962 falsoque

911 1972 1000 2012 apud
1025 1972 1224 2003 Diomedem
1250 1972 1306 2003 lib.
1323 1982 1378 2003 111.
1397 1972 1522 2003 Livium
1540 1972 1608 2012 legi

911 2031 971 2062 pro
1003 2022 1120 2051 Ennio.
1166 2021 1342 2052 Diomedis
1374 2022 1478 2052 verba
1501 2027 1579 2052 sunt
1596 2032 1605 2053 ε

910 2072 1021 2112 ‘Epos
1042 2073 1194 2103 Latinum
1214 2072 1339 2112 primus
1353 2072 1454 2112 digne
1469 2072 1608 2112 scripsit

911 2123 1106 2164 Livius‚qui
1125 2133 1178 2154 res
1194 2125 1419 2155 Rornanorum
1436 2124 1554 2155 decem
1571 2128 1607 2155 et

911 2179 990 2205 octo
1007 2175 1205 2214 complexus
1223 2181 1275 2205 est
1290 2175 1386 2205 libris
1402 2186 1408 2203 :
1423 2175 1479 2215 qui
1495 2180 1530 2205 et
1548 2185 1606 2205 an-

911 2223 1004 2254 nales
1027 2223 1265 2261 inscribuntur,
1289 2224 1378 2264 qnod
1399 2224 1606 2264 singulorum

910 2272 981 2304 fere
990 2283 1150 2304 annorum
1165 2278 1260 2304 actus
1271 2274 1491 2305 comineant.'
1506 2275 1606 2306 Hunc

911 2324 1111 2355 Diomedem
1139 2329 1274 2355 secutus
1299 2324 1423 2355 Caelius
1444 2325 1606 2364 Rhodigi-

910 2384 970 2405 nus
1001 2374 1059 2405 lib.
1086 2383 1152 2404 vn.
1183 2384 1258 2414 cap.
1283 2377 1314 2405 4.
1361 2375 1369 2391 ‘
1388 2375 1514 2414 Epica'
1539 2375 1605 2416 (in-

910 2424 1001 2465 quit)
1019 2425 1028 2441 ‘
1046 2424 1146 2465 digne
1163 2425 1308 2455 omnium
1326 2425 1451 2465 primus
1468 2426 1604 2464 scripsit

909 2475 1036 2512 Livius,
1063 2475 1119 2516 qui
1148 2475 1265 2506 decem
1282 2480 1317 2506 et
1332 2482 1407 2506 octo
1424 2476 1519 2506 libris
1536 2477 1603 2506 Ro-

907 2534 1084 2555 manorum
1102 2535 1154 2555 res
1171 2532 1284 2565 gestas
1299 2525 1516 2565 perscripsit?
1543 2526 1602 2556 Se-

908 2575 979 2605 cuti
1001 2579 1034 2605 et
1060 2575 1221 2605 Simlerus
1243 2577 1274 2605 in
1294 2575 1519 2612 Bibliotheca,
1534 2576 1602 2606 Po-

909 2625 1092 2664 pelinierus
1120 2626 1178 2655 lib.
1196 2634 1229 2657 v.
1245 2625 1286 2656 de
1303 2626 1480 2663 historicis,
1496 2626 1601 2656 Glan-

907 2675 1045 2714 dorpius
1071 2675 1102 2705 in
1127 2675 1347 2706 Onomastico
1364 2684 1446 2705 voce
1469 2675 1601 2707 ‘Livius

909 2724 1146 2756 Andronicus.’
1199 2726 1292 2758 Quos
1321 2734 1435 2756 omnes
1467 2726 1600 2758 Diome-
