1876 3025
279 166 342 196 DE
376 161 650 194 VERBORUM
686 157 1097 191 Siourmcmuouss
1134 156 1227 185 [ΑΒ.
1262 154 1386 184 xvu.
1466 144 1553 184 879

152 259 416 314 significant,
451 257 578 306 tauri,
607 255 769 305 arietis,
802 254 953 303 verris,
988 250 1107 306 quod
1140 263 1291 291 omnes
1324 263 1388 291 eae
1420 249 1551 290 solidi

150 329 392 381 integrique
415 331 515 367 sunt
535 324 758 377 eorporis:
799 326 950 364 contra
972 321 1058 361 Aci

151 408 359 437 verveces
376 400 409 417 ¹0
430 392 630 442 maiales,
648 392 722 445 qui
745 393 850 444 quia
869 390 1024 431 sollum
1046 386 1165 428 Osce
1198 390 1351 434 totum,
1374 389 1419 424 et
1445 383 1552 424 soli-

153 465 254 505 dum
271 461 506 515 significat:
530 459 642 500 unde
656 459 744 500 tela
762 457 966 512 quaedam
983 455 1226 496 solliferrea
1244 456 1451 494 vocantur
1461 456 1554 492 tota

151 533 307 580 ferrea,
323 534 367 571 et
380 530 508 569 homo
524 529 735 568 bonarum
750 524 1092 571 artiumsollers,
1109 527 1154 562 et
1174 534 1275 575 quae
1295 519 1415 560 nulla
1429 523 1552 571 parte

150 601 306 641 laxata
325 609 524 649 cavaque
548 599 667 644 sunt,
683 599 699 615 ¹¹
731 592 875 633 solida
905 591 1204 632 nominantur:
1236 592 1372 640 atque
1401 585 1553 626 harum

151 667 396 708 hostiarum
420 664 613 705 omnium
635 661 834 702 inviolati
855 662 954 699 sunt
978 658 1106 707 tauri,
1130 668 1228 709 quae
1251 666 1350 708 pars
1383 653 1555 694 scilicet

154 734 344 776 caeditur
365 738 393 756 ¹¹
419 733 462 772 in
481 729 769 772 castratione.
802 727 913 767 Sunt
935 725 1113 779 quidem
1136 724 1209 776 qui
1234 726 1443 775 putent‚¹2
1461 725 1476 741 ⁰
1498 734 1553 760 ex

154 802 296 844 tribus
313 800 470 841 hostiis
488 797 713 851 praecipue
729 807 888 835 nomen
904 792 1125 833 inclusum
1142 804 1240 832 cum
1266 789 1410 830 solido
1426 789 1555 837 tauri,

157 869 274 923 quod
297 867 573 920 amplissima.
595 865 650 905 sit
672 875 836 904 earum.
884 860 1078 911 Quidam
1102 859 1338 899 dixeruntv
1361 857 1553 896 omnium

155 938 283 979 trium
305 934 524 977 vocabula
545 931 728 973 confusa
747 935 775 958 ¹³
799 929 905 977 suis,
934 929 1046 976 ovis,
1078 927 1192 968 tauri
1225 924 1478 966 adeffecisse
1495 923 1555 971 id,

154 1005 271 1059 quod
288 1016 377 1043 uno
399 1002 532 1042 modo
550 999 877 1053 appellarentur
898 997 1116 1036 universae
1137 1008 1146 1035 :
1179 993 1297 1047 quod
1319 992 1374 1032 sit
1390 1005 1415 1032 a
1439 991 1554 1031 sollo

158 1076 203 1113 et
225 1072 360 1113 tauris
373 1075 389 1099 ‘³
413 1082 564 1111 earum
581 1067 823 1114 hostiarum
841 1065 1017 1105 ductum
1034 1061 1147 1117 (est)
1167 1074 1339 1109 nomen,
1361 1060 1554 1112 antiquae

706 1196 948 1210 eeeeeeeeeeee

144 1282 183 1310 10
209 1277 286 1309 Vet.
309 1277 385 1309 cod.
401 1278 544 1308 verbices.
588 1276 676 1308 Vide
705 1276 814 1307 Notas
831 1273 1017 1306 infra.—-ll
1043 1272 1123 1302 Vet.
1142 1269 1218 1300 cod.
1243 1268 1480 1299 creditur.—l2
1504 1265 1558 1297 Id.

100 1323 323 1361 portent.—l3
343 1321 392 1352 ld.
407 1322 542 1362 confixa.

755 1458 898 1491 NOTAE

101 1549 281 1579 moriturus
308 1548 349 1579 ad
369 1558 440 1579 aras
459 1548 595 1585 Hircus,
613 1553 708 1588 grata
732 1546 799 1578 tuis
853 1544 970 1575 hostiis
989 1543 1073 1574 tauri
1098 1542 1271 1583 praecipue
1298 1548 1420 1570 nomen
1437 1538 1490 1569 hic
1508 1548 1559 1568 as-

101 1599 250 1637 victima,
290 1599 439 1634 Bacche,
480 1598 609 1628 sacris.’
661 1598 799 1629 Glossa-

102 1649 209 1679 rium:
236 1651 244 1666 ‘
256 1649 478 1688 Solitaurilia‚
495 1648 583 1678 θυσία
600 1647 689 1679 ἕκτος
704 1649 800 1688 κριοῦ,

102 1696 151 1729 ud)
167 1699 299 1738 ταύρου.’
315 1700 439 1738 scribe,
462 1700 495 1729 ἐκ
519 1700 603 1737 συὸς,
621 1699 715 1738 κριοῦ,
734 1702 800 1729 δίο.

102 1750 172 1779 Jos.
188 1750 271 1780 Scul.

145 1799 358 1838 Solitouritia]
372 1798 489 1829 Scribe
507 1797 688 1838 exjudicio
700 1797 803 1828 Scali-

102 1851 192 1889 geri:
227 1850 424 1880 Solituurista
449 1850 618 1879 hostiarum
639 1848 735 1878 trium
755 1847 803 1878 di-

101 1901 183 1932 versi
207 1901 334 1939 generis
354 1900 593 1931 immolationem
608 1899 804 1939 significant,

102 1951 199 1989 tauri,
214 1951 334 1988 arietis,
350 1952 462 1990 verris,
485 1951 563 1990 quod
580 1959 682 1979 omnes
697 1959 739 1980 eae
755 1959 803 1978 so-

102 2000 159 2030 lidi
183 2000 358 2040 integrique
386 2003 456 2029 sunt
481 1999 631 2039 corporis,
652 1997 805 2029 contrarii

101 2060 241 2081 verveces
253 2051 530 2090 maialesqne‚quia
545 2050 644 2079 solum
662 2050 741 2079 Osce
756 2052 802 2079 to-

103 2104 180 2137 tum,
194 2104 245 2141 δρα.
284 2100 343 2131 Ait
357 2100 544 2130 solitaurilia
560 2099 626 2130 (lici
645 2109 662 2129 a
678 2099 752 2137 solo,
768 2098 800 2128 id

103 2156 167 2185 est,
194 2154 269 2191 toto,
294 2155 329 2180 et
358 2151 468 2188 tauris,
495 2150 526 2179 id
559 2154 624 2187 est,
649 2148 803 2185 virilibus,

104 2201 191 2241 quod
212 2206 292 2231 tunc
317 2201 379 2231 illis
403 2200 521 2231 hostiis
539 2198 691 2229 inviolati
715 2198 801 2228 tauri

105 2252 391 2291 relinquerentur,
408 2255 526 2281 contra
543 2249 630 2290 quod
650 2250 683 2279 in
701 2248 803 2279 sacri-

103 2301 186 2332 ficiis
195 2300 266 2331 fieri
276 2305 466 2331 consuerat.
485 2301 574 2330 Nam
588 2298 802 2338 liostim‚cum

106 2351 368 2382 admovebantur
379 2361 443 2381 arae
455 2351 541 2380 uiola
553 2354 722 2387 mactatae,
737 2348 803 2388 pri—

106 2410 245 2440 usquam
263 2402 354 2431 corio
370 2405 592 2437 exuerentur,
609 2399 803 2430 castraban-

108 2455 175 2481 tur.
198 2451 351 2481 Martial.
366 2451 537 2490 Epigrarn.
551 2450 704 2480 24.1.111.
721 2449 804 2479 Dac.

151 2505 165 2519 ¹¹
192 2501 235 2531 Et
251 2510 317 2540 quoe
341 2502 425 2531 nulla
445 2504 533 2540 parte
549 2501 656 2530 last-ata
672 2508 805 2538 cavaque

106 2551 193 2590 sunt]
217 2551 265 2581 Ut
283 2561 381 2590 supra
399 2551 528 2581 ‘solida
545 2551 650 2580 sella!
679 2549 774 2579 Idem.

149 2606 163 2620 ⁰
187 2601 267 2632 Sunt
292 2600 411 2639 quidem
429 2600 481 2639 qui
504 2599 628 2638 putent]
654 2598 713 2629 Ait
730 2607 805 2628 esse

109 2651 165 2691 qui
183 2655 304 2691 putent
320 2649 506 2679 solitaurilia
520 2658 593 2679 esse
608 2658 648 2678 ex
663 2648 759 2678 solido
772 2651 807 2678 et

110 2705 210 2741 tauro,
237 2701 269 2732 id
293 2705 355 2735 est,
377 2699 474 2739 bove,
497 2700 542 2729 ita
572 2703 608 2728 ut
633 2708 674 2728 ex
700 2698 806 2728 tribus

855 1601 1001 1625 sumtum
1045 1593 1162 1632 fuerit,
1199 1591 1289 1633 quod
1322 1600 1439 1621 earum
1467 1594 1558 1620 esset

856 1646 1014 1676 maxima.
1041 1645 1140 1674 Idem.

898 1700 913 1720 ¹³
939 1695 1075 1730 Quidam.
1087 1690 1250 1730 dixerunt]
1268 1688 1558 1728 Solitumilz'aqua-

857 1746 884 1776 si
913 1743 1143 1775 suovetaurilia.
1186 1740 1297 1771 Gloss.
1320 1740 1328 1756 ‘
1348 1739 1560 1777 solitaurilia,

858 1794 946 1825 θυσία
963 1795 996 1824 ἐκ
1013 1792 1097 1831 συὸς,
1113 1791 1208 1831 κριοῦ,
1226 1789 1277 1820 καὶ
1288 1788 1427 1828 ταύρου.’
1449 1790 1458 1805 ‘
1472 1788 1558 1818 Soli-

857 1844 1004 1883 taurina,
1032 1841 1230 1873 sacrificium
1253 1849 1295 1869 ex
1322 1849 1391 1873 sue,
1420 1848 1497 1877 ove,
1525 1842 1560 1868 et

859 1894 981 1926 tauro.’
1027 1894 1116 1924 Sane
1134 1897 1167 1922 et
1192 1890 1281 1931 apud
1302 1891 1374 1920 Liv.
1391 1889 1450 1919 lib.
1469 1898 1491 1919 1.
1510 1889 1559 1918 in-

856 1949 954 1983 tegre
986 1943 1112 1982 legitur
1150 1940 1381 1971 suovetaurilia.
1429 1938 1559 1968 Verum

857 1998 919 2027 lioc
937 1996 992 2026 ille
1009 1994 1105 2024 nimis
1119 1992 1284 2023 audacter
1300 1990 1423 2022 forsan.
1470 1989 1559 2020 Nam

858 2046 922 2076 etsi
940 2055 983 2075 ex
1000 2044 1107 2074 tribus
1126 2043 1190 2073 illis
1217 2050 1339 2072 nomen
1364 2044 1454 2070 esset
1470 2049 1561 2069 coin·

859 2097 1020 2136 positum,
1042 2104 1083 2124 ex
1113 2102 1228 2123 eorum
1255 2090 1431 2131 particulis
1449 2089 1560 2130 potius

860 2146 981 2177 coiret.
1035 2143 1236 2176 Quintilian.
1268 2141 1324 2171 lib.
1362 2149 1385 2170 1.
1420 2149 1496 2179 cap.
1528 2141 1560 2168 5.

860 2198 868 2213 ‘
886 2195 1000 2234 Nam‚’
1017 2194 1139 2236 inquit,
1162 2198 1169 2210 ‘
1185 2191 1385 2223 solitaurilia
1398 2190 1468 2230 jam
1486 2198 1560 2228 per-

859 2256 993 2278 suasum
1012 2251 1064 2276 est
1081 2254 1154 2275 esse
1171 2254 1212 2274 ex
1228 2252 1299 2277 sue,
1312 2252 1387 2276 ove,
1402 2247 1436 2271 et
1451 2245 1560 2271 tauro.

860 2297 905 2327 Et
935 2305 1013 2326 sane
1037 2295 1084 2325 ita
1112 2304 1147 2324 se
1172 2293 1277 2323 habet
1304 2301 1434 2322 sacrum
1460 2289 1560 2330 quale

861 2346 950 2386 apud
988 2345 1174 2376 Homerum
1209 2352 1343 2383 quoque
1382 2346 1447 2372 est.
1494 2340 1559 2370 Sed

859 2398 933 2428 haec
949 2405 1015 2426 non
1033 2400 1100 2426 tam
1119 2404 1160 2425 ex
1179 2393 1300 2432 tribus,
1315 2401 1414 2432 quam
1428 2400 1469 2422 ex
1486 2399 1561 2431 par-

861 2447 973 2478 ticulis
990 2447 1089 2476 trium
1108 2442 1256 2476 coeunt!
1279 2443 1378 2472 Idem.

904 2503 919 2523 ‘1
944 2498 1035 2532 Quod
1059 2497 1101 2526 sit
1121 2506 1140 2526 α
1160 2495 1287 2532 solto‚et
1305 2491 1420 2530 tauris]
1446 2491 1537 2529 Lege
1554 2500 1561 2517 ε

863 2549 952 2583 Quod
968 2548 995 2577 si
1017 2557 1035 2577 a
1050 2547 1123 2577 sollo
1147 2549 1178 2576 et
1202 2543 1306 2574 tauris
1325 2552 1431 2573 earum
1446 2540 1560 2570 hostia-

860 2607 928 2627 rum
942 2598 1068 2626 ductum
1091 2599 1136 2626 est
1156 2604 1277 2633 nomen,
1295 2592 1424 2631 antiqua
1440 2599 1562 2620 consue-

861 2648 969 2678 tudine
982 2655 1037 2686 per
1053 2655 1146 2677 unum
1162 2645 1185 2683 l,
1202 2646 1267 2674 διο.
1314 2644 1364 2673 De
1386 2640 1493 2672 Ennio
1510 2648 1561 2669 su-

863 2707 921 2737 pra
938 2697 969 2727 in
995 2702 1002 2714 ‘
1017 2694 1183 2735 Regium.'
1209 2695 1305 2724 Idem.
