1876 3025
274 129 387 170 1226

275 235 445 270 deorsum,
474 234 563 272 binc,
595 233 685 272 inde,
710 233 854 272 tollitur,
876 240 969 262 more

274 285 393 325 oscilli,
409 291 443 317 et
464 286 603 315 alternis
627 285 703 315 binc
719 289 754 314 et
769 282 846 314 iude
864 282 970 321 suspi-

275 335 323 366 cit
346 341 381 366 et
407 335 566 375 despicit.
610 334 757 365 Basilius
783 334 825 363 de
853 343 891 363 eo
915 332 970 373 qui

275 395 341 416 non
367 386 512 416 ducebat
535 391 645 416 rectos
666 384 843 424 scripturae
859 384 970 414 sulcos

275 436 330 467 οὐκ
346 436 403 467 ε’ὣν
418 434 584 470 ἀνανεύειν,
602 434 651 465 καὶ
667 432 856 471 κατανεύειν,
871 433 972 473 ὥσπερ

273 487 316 518 τὰ
328 487 491 525 κηλώνεια,
506 485 578 517 τοὺς
593 484 773 525 ὀφθαλμοὺς
786 486 849 515 τῶν
863 484 970 523 ἀναγι-

273 538 464 570 νωσκόντων.
488 537 589 578 pilum
610 546 743 578 quoque
761 536 918 567 Graecum
937 534 971 565 in

274 589 440 629 pinsendo
465 587 579 618 tritico
594 597 658 618 una
675 586 879 626 deprimitur
896 595 971 625 par-

274 647 322 680 te,
337 641 443 671 altera
460 638 630 669 attollitur
650 647 741 668 more
758 637 905 668 colonii:
930 636 972 667 de

273 701 316 722 eo
341 690 489 731 loquitur
512 688 694 727 Hesiodus,
708 690 772 719 &c.
805 687 892 718 Idem
917 687 970 718 lib.

275 751 325 772 νι.
340 752 406 781 cap.
425 743 477 772 16.

318 792 410 823 PAG.
424 794 499 822 728.
518 790 747 831 Redantruare]
765 791 896 821 Uruare
908 795 972 829 est,

275 844 323 874 ita
340 853 375 874 se
387 844 534 884 jactare,
552 848 590 873 ut
606 852 736 873 sursum
753 842 865 872 denuo
882 842 972 873 exci-

274 899 326 924 tet
338 904 372 924 se
387 904 393 924 :
413 893 500 923 unde
513 893 695 924 amburuare
707 892 795 932 apud
809 892 971 924 Lucilium

275 946 436 976 dicuntur
451 945 547 984 Salii,
563 946 619 986 qui
647 955 688 976 eo
714 943 813 975 modo
829 953 973 985 corpora

274 996 362 1026 saltu
379 995 661 1036 reciprocabant:
687 995 697 1012 ‘
712 995 843 1025 Praesul
857 1000 893 1025 ut
905 1004 973 1024 am-

273 1047 399 1077 buruat
428 1047 476 1078 sic
505 1045 614 1086 vulgu'
645 1045 843 1076 redantruat
872 1043 974 1075 inde.’

273 1098 322 1129 At
336 1098 368 1129 in
387 1098 488 1129 Festo
500 1103 535 1128 et
550 1098 581 1128 in
596 1097 707 1128 Nonio
721 1096 972 1128 mendosissime

274 1159 393 1181 versus
409 1150 465 1180 ille
480 1149 604 1189 legitur
626 1148 737 1179 hodie.
782 1148 905 1179 Graece
923 1147 972 1177 di-

273 1201 364 1231 citur
376 1201 539 1240 κυβιστᾷν,
556 1200 586 1229 id
602 1204 665 1238 est,
681 1200 853 1241 κολυμβᾷν,
870 1199 971 1229 inter-

273 1256 372 1290 prete
389 1250 512 1281 Suida:
551 1250 642 1291 quod
671 1251 829 1289 Curetes,
857 1250 912 1290 qui
934 1249 971 1279 ii-

275 1301 351 1331 dem
369 1301 488 1331 Latine
506 1301 599 1339 Salii,
612 1299 794 1331 faciebant.
830 1299 973 1339 Scaliger

271 1351 305 1381 izi
322 1354 467 1391 quartum
487 1351 647 1391 Varronis,
663 1354 715 1381 31.

318 1401 411 1431 PAG.
427 1403 499 1431 732.
527 1400 706 1440 Rediviam]
740 1400 849 1432 Quam
868 1400 971 1431 omni-

273 1450 337 1481 bus
355 1451 387 1481 in
407 1450 497 1480 libris
522 1451 679 1481 reduviam
701 1450 865 1490 appellari
890 1450 970 1489 legi-

272 1510 359 1535 mus,
377 1501 449 1540 ipsa
472 1501 624 1531 vocabuli
640 1501 768 1541 origiue
791 1500 972 1541 adductus,

274 1556 395 1582 contra
410 1550 507 1581 fidem
525 1552 670 1582 omnium
689 1552 850 1582 librorum
872 1557 907 1582 et
925 1551 971 1582 fa-

272 1612 374 1642 mam,
397 1602 545 1633 reluvium
566 1603 713 1633 libenter
739 1602 945 1643 appellarem
963 1614 971 1633 :

273 1663 349 1683 cum
382 1655 574 1693 praesertim
615 1664 634 1684 a
669 1655 814 1684 reluendo
852 1654 971 1684 reluvia

272 1705 406 1734 dicatur
437 1705 676 1744 grammaticis
706 1714 781 1736 cum
812 1714 847 1735 se
882 1704 970 1735 cutis

273 1755 387 1787 reluit.
416 1755 505 1794 quod
529 1760 593 1794 est,
625 1755 763 1786 resolvit
792 1755 884 1785 circa
912 1764 972 1784 un-

273 1814 377 1845 gues:
404 1815 523 1846 quare,
538 1806 600 1836 etsi
618 1806 804 1846 improbum
823 1811 876 1837 est
893 1816 970 1837 con-

271 1860 327 1885 tra
343 1855 488 1886 omnium
514 1856 674 1887 librorum
698 1856 798 1887 fidem
822 1856 899 1896 niti,
922 1862 970 1887 ta-

271 1915 349 1935 men
369 1911 484 1936 tenere
510 1915 563 1937 me
591 1916 656 1936 nou
683 1907 788 1946 potui,
812 1907 888 1947 quin
908 1906 970 1938 hoc

273 1956 525 1987 adscriberem:
562 1957 650 1998 quod
667 1957 712 1987 ita
728 1957 838 1997 accipi
857 1958 971 1997 velim,

270 2012 309 2038 ut
326 2018 344 2038 a
361 2016 413 2037 me
430 2006 587 2038 affirmari
604 2008 751 2038 homines
765 2017 829 2038 nou
847 2012 971 2047 putent

272 2058 331 2089 sed
351 2063 479 2089 tantum
496 2058 633 2089 moneri.
669 2057 800 2089 Turneb.
815 2057 869 2088 lib.
887 2066 971 2088 xur.

271 2118 337 2147 cap.
354 2111 407 2139 25.

316 2160 409 2190 PAG.
441 2160 514 2189 734.
551 2158 683 2196 Refriva
703 2157 799 2199 suba]
841 2157 970 2188 Plinius

271 2208 331 2239 lib.
349 2217 503 2239 xvn1.c.
522 2210 571 2238 12.
591 2209 722 2247 integro
745 2207 845 2238 verbo
861 2207 971 2246 reseri-

269 2270 339 2290 vam
352 2264 471 2290 vocat:
492 2259 549 2289 sed
565 2258 658 2293 illud,
673 2259 835 2297 tevirtico,
848 2258 970 2288 homini

270 2310 395 2341 Latino
413 2310 514 2340 nihilo
531 2310 604 2348 plus
619 2308 790 2350 siguificat
803 2318 901 2349 quam
916 2308 969 2339 ΙΕ-

271 2361 425 2401 thiopum
448 2360 585 2397 stridor,
604 2365 662 2391 aut
686 2360 848 2400 strepitus
873 2369 970 2400 aquae

272 2417 331 2443 aut
349 2421 495 2442 murmur
512 2420 624 2451 apum.
669 2411 735 2441 Sed
758 2415 872 2451 putem
891 2410 970 2441 scri-

270 2463 433 2502 bendum,
444 2472 459 2493 e
470 2462 576 2492 tritico
587 2472 596 2492 .·
608 2462 672 2493 hoc
690 2471 788 2492 sensu
805 2472 812 2492 :
827 2471 899 2491 cum
913 2461 970 2491 ob-

270 2518 429 2545 severant
445 2518 608 2552 segetem,
626 2513 703 2553 quia
721 2512 753 2542 in
771 2521 885 2551 agrum
903 2511 971 2542 fru-

271 2573 332 2604 ges
357 2564 521 2602 tulerant,
543 2563 631 2604 quod
657 2563 902 2602 inauspicatum
922 2563 970 2593 vi-

271 2614 417 2645 debatur
433 2614 532 2645 domo
549 2623 606 2644 eas
624 2618 831 2654 exportasse‚
850 2619 885 2644 ut
904 2622 970 2643 uon

271 2665 456 2704 redituras,
474 2664 630 2696 solebant
651 2674 669 2695 e
692 2669 810 2704 segete
827 2669 887 2695 aut
902 2669 969 2695 sta-

274 2717 332 2748 tim
349 2715 491 2747 sementi
514 2714 606 2747 facta
623 2720 681 2747 aut
704 2720 823 2756 postea
840 2714 968 2747 referre

732 137 872 168 NOTAE
908 135 1168 165 VARlORUM
1204 135 1254 164 ΙΝ

1021 229 1161 270 auspicii
1180 239 1281 260 eausa
1297 229 1430 260 domum
1455 238 1515 269 pro
1541 229 1653 260 tritico
1680 234 1715 260 et

1020 279 1191 319 frugibus:
1218 279 1440 320 retulisseque
1454 279 1564 310 fabam
1577 280 1715 320 perinde

1021 336 1094 361 erat
1109 340 1149 361 ac
1168 330 1324 361 retulisse
1341 328 1471 369 fruges,
1493 334 1528 360 et
1544 330 1715 370 auspicari

1022 391 1135 411 earum
1174 381 1332 415 reditum,
1359 379 1565 420 ominarique
1603 389 1715 410 earum

1023 431 1168 462 reditum
1184 430 1331 471 domum,
1352 438 1416 460 non
1433 430 1466 460 in
1485 439 1568 470 agro
1584 438 1717 469 semper

1023 490 1246 512 remansuras.
1272 481 1322 512 Id.
1337 480 1413 511 ibid.

1066 532 1214 573 Refriva]
1246 532 1442 573 Legendum
1477 540 1634 572 auguror,
1663 533 1716 562 da-

1022 587 1124 615 tantes
1138 584 1285 615 revertito
1299 583 1339 614 ad
1354 593 1417 613 rem
1441 582 1577 612 divinam
1592 582 1717 619 fac-Ien-

1022 636 1112 666 dam:
1151 634 1203 665 vel
1227 635 1361 675 potins3
1394 637 1424 664 te
1448 633 1570 663 vindico
1593 634 1631 662 ad
1652 642 1717 663 rem

1021 685 1159 716 ‹lii-inam
1167 685 1368 722 faciendam:
1389 684 1489 714 immo
1501 693 1580 714 vero
1594 684 1635 713 im
1643 693 1718 723 pro·

1024 736 1111 767 batis
1134 735 1185 766 his
1209 735 1344 766 somniis
1370 734 1548 774 legendum
1571 743 1666 764 reor:
1702 743 1718 764 e

1021 787 1128 817 tritico
1157 788 1197 817 ad
1226 795 1289 816 rem
1317 785 1466 816 dii-inam.
1503 784 1555 816 Id.
1585 785 1642 816 lib.
1668 793 1717 818 Π.

1023 847 1097 878 cap.
1113 840 1164 869 16.

1066 890 1161 920 PAG.
1173 891 1247 921 735.
1259 887 1433 928 Regiescit]
1448 888 1615 924 Gliscere,
1627 897 1717 919 cres-

1023 949 1112 971 cere.
1159 940 1298 971 Festus:
1335 939 1478 977 reglescit
1495 950 1505 969 .·
1533 939 1579 969 ita
1603 939 1717 977 legen—

1023 989 1102 1021 dum
1120 995 1224 1030 puto:
1242 990 1354 1030 vulgo,
1370 988 1526 1027 regiescit.
1551 988 1718 1026 Gisanius,

1023 1047 1032 1061 ‘
1048 1041 1218 1083 gliscere?

1067 1092 1246 1132 Regrescit]
1266 1092 1294 1123 A
1311 1093 1414 1123 Festo
1430 1091 1622 1131 exponitur,
1638 1101 1718 1123 cres-

1023 1143 1089 1174 cit.-
1113 1143 1173 1174 sed
1201 1153 1278 1174 cum
1299 1144 1398 1183 glires
1423 1142 1570 1173 indidem
1597 1151 1717 1172 nornen

1022 1194 1149 1225 habere
1177 1193 1343 1232 videatur,
1369 1193 1511 1233 reglescit
1537 1202 1610 1223 esse
1637 1193 1718 1224 scri-

1023 1243 1170 1275 bendum
1193 1242 1334 1283 affirmo,
1351 1252 1410 1283 pro
1433 1243 1585 1282 reglis-cit,
1602 1253 1620 1273 a
1639 1243 1718 1282 glis-

1021 1304 1067 1325 co.
1091 1294 1239 1324 Turneb.
1255 1293 1313 1324 lib.
1332 1303 1417 1325 xm.
1434 1303 1506 1334 cap.
1523 1296 1576 1324 25.

1067 1345 1158 1375 PAG.
1176 1347 1249 1376 745.
1275 1344 1421 1384 Reluere]
1456 1345 1516 1375 Est
1542 1345 1642 1375 Festo
1667 1352 1717 1375 re-

1022 1395 1151 1426 solvere
1168 1400 1202 1425 et
1219 1395 1461 1435 repignerare:
1486 1404 1550 1435 qua
1567 1395 1599 1425 in
1617 1394 1718 1434 signi-

1022 1446 1179 1477 ficatione
1206 1450 1403 1486 usurpatum
1431 1451 1484 1476 est
1513 1456 1532 1475 a
1553 1445 1717 1476 Cicerone

1022 1499 1055 1528 iu
1083 1497 1295 1535 Sallustium,
1323 1503 1360 1528 ut
1387 1496 1419 1526 in
1447 1496 1573 1536 optimo
1599 1495 1717 1526 codice

1022 1549 1109 1588 legi:
1144 1554 1151 1565 ⁸
1169 1547 1266 1579 Unde
1288 1554 1335 1583 tu,
1353 1547 1406 1588 qui
1432 1547 1530 1577 modo
1549 1556 1589 1577 ne
1607 1551 1717 1587 pater-

1021 1608 1098 1629 nam
1116 1598 1250 1639 quidem
1265 1598 1396 1629 domum
1411 1598 1542 1628 reluere
1557 1585 1719 1637 poitieris,

1023 1655 1165 1690 repente
1183 1655 1339 1690 tanquam
1357 1648 1485 1679 somnio
1509 1648 1626 1678 beatus
1643 1646 1717 1677 hor—

1023 1706 1074 1731 tos
1103 1700 1371 1740 pretiosissimos,
1395 1699 1504 1729 villam
1530 1698 1562 1728 in
1583 1695 1718 1728 Tiburti

1023 1751 1063 1782 C.
1082 1751 1238 1787 Caesaris,
1254 1750 1468 1791 reliquasque
1493 1749 1719 1790 possessiones

1023 1801 1218 1844 paraveris-¹
1245 1802 1293 1832 Id.
1307 1801 1383 1832 ibid.

1064 1853 1156 1884 PAG.
1183 1855 1258 1884 746.
1299 1849 1464 1890 Remeare]
1504 1850 1649 1881 Videtur
1676 1859 1718 1880 ex

1021 1903 1162 1934 Afranio
1188 1903 1340 1933 senarius
1373 1900 1484 1932 afferri
1510 1911 1584 1931 cum
1611 1900 1714 1931 hemi-

1020 1954 1140 1985 sticliio
1151 1953 1237 1984 hunc
1255 1953 1287 1983 in
1303 1952 1456 1983 modum:
1479 1952 1583 1983 Vetuit
1598 1951 1719 1982 mesine

1020 2005 1156 2036 mercede
1178 2013 1319 2044 prorsum
1345 2003 1483 2033 Paucius
1515 2002 1663 2033 Remeare
1687 2001 1719 2031 in

1020 2057 1136 2087 lndmn.
1189 2055 1274 2086 Ideo
1311 2063 1443 2091 moneo,
1483 2054 1560 2093 quia
1598 2052 1718 2093 quibus

1022 2115 1106 2136 unus
1125 2105 1259 2136 videtur
1283 2114 1356 2135 esse
1383 2109 1567 2143 perpetuus
1592 2112 1720 2141 versus,

1021 2156 1135 2187 ludum
1160 2155 1314 2194 eludunt,
1338 2153 1498 2195 aliudque
1523 2152 1717 2194 subrogant.

1022 2207 1071 2238 Id.
1088 2206 1163 2237 ibid.

1064 2257 1155 2287 PAG.
1183 2257 1256 2286 751.
1296 2253 1519 2295 Repastinare]
1554 2253 1608 2284 Sic
1634 2253 1718 2284 inte-

1022 2307 1175 2347 grabitur
1199 2305 1332 2336 Afranii
1362 2314 1490 2343 versus,
1517 2304 1719 2343 Repastinare

1020 2368 1112 2389 senex
1128 2362 1161 2388 tn
1178 2356 1354 2395 serosngis.
1402 2356 1447 2386 Αῑ
1473 2355 1527 2385 ubi
1546 2355 1718 2394 scribitur,

1023 2409 1128 2449 Reque
1156 2417 1227 2448 apse
1257 2407 1330 2437 bene
1360 2406 1480 2436 meritis
1508 2415 1584 2443 rem,
1631 2404 1717 2434 baud

1021 2461 1177 2501 equidem
1216 2458 1367 2489 dubitem
1397 2456 1591 2495 emendare,
1631 2457 1719 2487 Bene

1020 2511 1148 2541 meritus
1173 2509 1260 2539 siem.
1308 2508 1370 2541 Ac,
1393 2513 1426 2537 nt
1449 2507 1582 2546 opinor,
1604 2507 1719 2538 candi·

1021 2560 1099 2591 dum
1125 2559 1332 2591 emerebitur
1361 2559 1527 2589 calculum
1554 2559 1618 2588 isla
1646 2568 1719 2589 cor-

1022 2612 1140 2643 rectio.
1165 2612 1214 2641 Id.
1229 2611 1305 2641 ibid.

1064 2662 1245 2692 ΡΑ6.753.
1272 2661 1418 2701 Repotia]
1454 2660 1561 2691 Locus
1579 2662 1717 2692 Pacuvii

1021 2714 1108 2745 baud
1123 2723 1203 2744 sane
1220 2719 1358 2754 repotus
1373 2718 1406 2744 et
1424 2713 1626 2753 tempestivo
1640 2722 1715 2745 con-
