1876 3025
258 171 319 201 DE
353 166 623 198 VERBORUM
656 161 1066 195 SIGNIFIGATIONE
1101 161 1197 190 LIB-
1229 159 1354 188 XVII.

1439 147 1524 188 905

90 263 313 307 Strenamh
334 275 559 310 vocamus,
581 272 680 313 quae
715 259 840 299 datur
871 258 941 298 die
971 256 1195 308 religioso,
1229 253 1387 294 ominis
1418 252 1525 291 boni

145 331 298 383 gratia,
321 344 346 370 a
367 341 563 375 numero,
591 339 679 380 quo
705 325 973 377 significatur
991 324 1186 370 alterum,
1210 322 1474 373 tertiumque
1493 316 1527 341 ¹⁶

145 402 376 437 venturum
415 395 572 436 similis
610 393 842 442 commodi,
880 392 1018 433 veluti
1056 394 1235 438 trenam,
1286 386 1528 441 praeposita

150 463 181 503 S
201 465 339 513 litera,
361 467 407 503 ut
428 464 471 503 in
492 463 607 511 loco,
631 466 673 501 et
689 461 764 500 lite
785 460 986 500 solebant
1007 456 1187 509 antiqui.

90 532 245 583 Strigae
282 531 618 583 appellabantur
650 527 827 568 ordines
850 540 992 567 rerum
1014 526 1123 565 inter
1146 537 1193 564 se
1210 536 1311 563 con·
1345 522 1524 575 [PAUL-

139 599 334 650 juncte¹⁷
357 598 686 644 collocatarum,
705 608 732 635 a
748 594 993 646 stringendo
1015 593 1163 633 dictae.

92 663 266 719 Strigcei
298 663 613 718 appellabantur
640 662 814 702 ordines
834 674 974 700 rerum
1004 660 1110 700 incer
1148 671 1187 699 se
1213 656 1337 698 conti-
1367 656 1529 707 [FEST.

149 737 278 773 nuate
300 733 641 780 conlocatarum,
658 743 682 767 α
702 728 939 782 stringendo
961 728 1108 768 dictae.

95 798 291 854 StrigaS,k
323 806 369 839 ut
388 799 447 838 ait
475 795 662 846 Verrius,
676 795 823 836 Graeci
846 794 973 850 σύρνια
998 792 1210 849 appellant
1229 808 1241 835 ‚·
1271 790 1380 846 quod
1398 789 1533 830 male-

695 925 932 938 ‘emto-‘orte

138 1008 179 1036 16
201 1005 280 1036 Vet.
297 1004 373 1036 cod.
390 1004 668 1044 initiumque—17
694 1003 771 1033 Vet.
788 1002 847 1034 lib.
861 1003 1048 1035 continuate.

745 1110 891 1142 NOTAE

98 1207 282 1248 Gastrione)
306 1212 314 1225 ⁶
331 1217 411 1238 cera
427 1207 580 1246 stribola,
596 1211 632 1239 ut
648 1207 690 1238 de
707 1206 790 1238 lum-

95 1260 148 1294 bo,
175 1257 393 1289 obcaenabis.’
438 1258 547 1290 Quem
581 1267 713 1288 versum
741 1258 790 1288 sic

96 1309 246 1340 correxit
261 1308 387 1348 Scalig.
413 1308 494 1339 Caro
509 1308 636 1338 stribola
651 1308 791 1338 vitellium

94 1363 160 1391 est:
183 1359 326 1391 coenahis.
372 1358 439 1389 Sed
463 1358 629 1400 quomodo
647 1368 688 1389 ex
705 1362 738 1389 ut
754 1360 791 1390 de

95 1411 195 1442 lumbo
209 1411 245 1441 ob
262 1410 334 1441 tieri
350 1410 454 1450 possit
480 1411 620 1441 vitellino
645 1414 702 1448 est,
727 1419 792 1440 non

97 1465 151 1492 sat
174 1464 269 1491 certe
294 1469 427 1499 possum
455 1460 640 1500 conjicere.
685 1459 792 1500 Atqui

95 1511 123 1541 is
150 1511 245 1541 locus
275 1514 327 1540 est
356 1509 411 1550 qui
441 1510 533 1539 nullo
559 1508 632 1540 fere
655 1509 793 1548 negotio

97 1561 205 1601 possit
236 1560 358 1590 sanari.
412 1560 502 1599 Lege
547 1559 657 1594 modo,
692 1560 793 1590 Carne

96 1611 240 1647 serebola,
255 1613 308 1640 aut
324 1611 361 1640 de
376 1610 475 1640 lumbo
492 1609 674 1641 obcaenabis.
701 1610 793 1649 Cera,

99 1661 267 1691 inversum
277 1669 359 1695 care,
373 1669 432 1698 pro
444 1669 547 1695 carne,
559 1662 612 1689 aut
631 1668 689 1698 pro
703 1659 795 1697 haud,

101 1715 138 1740 ut
154 1719 256 1749 saepe.
282 1709 465 1739 Obcaenabis
476 1708 594 1738 eodem
612 1708 708 1738 modo
725 1709 794 1738 dic-

101 1765 171 1791 tum
188 1769 254 1800 quo
277 1759 440 1796 obtinebis,
457 1764 492 1789 et
509 1758 584 1789 alia.
631 1759 675 1788 Et
691 1759 796 1788 iuter-

102 1815 230 1851 pretor‚
262 1810 270 1826 ‘
295 1810 335 1840 ad
377 1809 592 1839 saturitatem
624 1808 797 1840 cremabis?

102 1861 192 1892 Nam
210 1865 245 1891 et
266 1869 387 1890 nomen
409 1858 533 1889 fabulae
556 1859 709 1897 gustrion,
725 1859 796 1889 sive

100 1914 244 1950 gastron,
268 1910 299 1940 id
317 1914 381 1948 est,
394 1911 533 1948 gulosus,
557 1918 671 1939 verum
689 1914 722 1939 et
740 1918 796 1938 no-

104 1967 177 1993 tatu
208 1961 346 2000 dignum
377 1965 441 1999 est,
467 1958 555 1999 quod
583 1968 684 1998 supra
711 1958 798 1989 dixit

103 2012 224 2043 Festus
246 2010 427 2041 streboiam
455 2018 588 2040 carnem
617 2009 686 2038 sive
707 2007 799 2048 μηρία

103 2061 137 2092 in
168 2061 286 2092 altaria
317 2059 442 2099 imponi
474 2058 584 2089 solita.
632 2059 719 2089 Nam
747 2068 797 2089 eae

104 2111 286 2152 praecipuae
314 2110 498 2140 hostiarum
537 2114 651 2149 partes
689 2113 799 2148 erant,

105 2162 248 2201 ideoque
265 2161 297 2190 in
315 2158 476 2190 conviviis
491 2158 592 2189 etiam
611 2158 689 2188 viris
708 2158 798 2197 prin-

105 2211 236 2251 cipibus
252 2210 422 2240 dabantur
438 2212 475 2239 ut
488 2207 601 2239 dorsa.
652 2207 716 2237 Adi
733 2207 799 2237 Eu-

107 2261 209 2292 stath.
225 2261 258 2291 in
276 2260 415 2291 Homer.
439 2269 472 2299 p.
496 2262 589 2290 1606.
614 2257 677 2288 Ed.
703 2259 798 2288 Rom.

107 2312 206 2342 Idem.

150 2361 164 2381 ¹¹
187 2359 346 2399 Strenam]
370 2360 409 2390 In
423 2360 485 2389 loco
496 2363 529 2389 et
544 2359 600 2389 lite
614 2368 679 2388 non
691 2358 798 2389 solum

108 2423 123 2443 s
145 2412 242 2443 litera
259 2410 478 2450 praeponitur,
496 2409 554 2439 sed
571 2418 585 2438 s
604 2414 639 2440 et
651 2417 683 2438 T.
707 2408 799 2439 Dici-

109 2467 165 2493 tur
181 2462 267 2492 enim
285 2470 304 2490 a
319 2460 502 2490 Veteribus
524 2461 636 2490 stlocus
657 2463 693 2490 et
718 2460 800 2489 stlis.

109 2512 198 2543 Vide
229 2508 383 2540 ‘Stlatat'
415 2514 450 2539 et
481 2508 700 2540 ‘Stlembus.’
744 2509 801 2539 Sic

108 2563 118 2580 ‘
137 2559 333 2592 Decemviri
361 2558 507 2588 stlitibus
527 2558 719 2598 judicandis
733 2557 741 2570 '
757 2558 804 2588 di-

112 2611 287 2647 cebantur,
315 2618 375 2648 pro
401 2608 521 2646 litibus,
537 2609 592 2648 qui
609 2608 803 2640 Centumvi-

113 2670 223 2691 rorum
242 2658 338 2698 primi
354 2656 504 2688 fuerunt.
527 2658 674 2688 Vidend.
697 2658 803 2690 Quin-

114 2712 222 2743 tilian.
237 2709 297 2742 lib.
316 2717 339 2740 ι.
349 2717 425 2749 cap.
441 2710 473 2739 6.
492 2708 666 2740 Potuisset
683 2708 802 2741 Festus

843 1209 1008 1238 stritavum
1035 1216 1095 1248 pro
1110 1207 1223 1238 tritavo
1247 1205 1374 1236 dictum
1400 1202 1538 1235 referre.

844 1258 924 1289 Ant.
942 1258 1029 1297 Aug.

887 1307 1047 1347 Strenam]
1070 1305 1293 1347 Etymologiae
1310 1304 1403 1335 Festi
1418 1312 1541 1334 conve-

845 1358 908 1398 nit,
934 1358 1034 1388 immo
1063 1356 1269 1397 astipulatur
1296 1363 1410 1384 versus
1438 1353 1540 1383 Pom-

845 1408 935 1448 ponii
954 1406 1178 1438 Atellanarii·:
1201 1409 1209 1422 ‘
1228 1404 1361 1440 Asside,
1376 1403 1473 1443 siqua
1486 1411 1540 1433 ve-

845 1459 916 1489 niet
933 1464 1047 1489 strena
1063 1455 1209 1488 strenael
1231 1456 1299 1485 Jos.
1316 1453 1400 1484 Scal.

888 1508 1049 1548 Str-enam]
1086 1505 1310 1547 Etymologiae
1342 1501 1436 1534 Festi
1463 1511 1545 1532 con-

846 1561 948 1591 sentit
974 1569 1090 1591 versus
1113 1556 1290 1596 Pomponii
1320 1552 1543 1585 Atellanarii:

845 1610 854 1627 ‘
874 1610 1007 1645 Asside,
1025 1609 1128 1649 siqua
1141 1607 1254 1637 veniet
1271 1609 1385 1635 strena
1397 1600 1545 1633 strenae!

847 1660 960 1690 Aliter
977 1660 1122 1695 Nonius,
1139 1662 1146 1674 ‘
1164 1657 1299 1693 strena‚’
1314 1654 1434 1693 inquit,
1448 1656 1456 1669 ‘
1473 1652 1542 1681 ‹lic-

849 1716 884 1741 ta
897 1714 949 1740 est
966 1719 985 1739 a
1001 1706 1229 1739 strenuitate.’
1269 1705 1330 1735 Cui
1347 1704 1434 1733 favet
1449 1703 1544 1742 Sym-

847 1760 985 1790 machus
999 1758 1058 1788 lib.
1081 1766 1116 1787 x.
1128 1756 1238 1796 Epist.
1255 1755 1307 1785 28.
1329 1755 1338 1771 ‘
1355 1753 1408 1784 Ab
1424 1759 1545 1782 exortu

850 1820 947 1851 paene
964 1809 1112 1846 Martiae,
1128 1813 1320 1838 strenarum
1335 1812 1414 1833 usus
1431 1801 1545 1832 adole-

851 1861 909 1899 vit,
937 1859 1139 1891 auctoritate
1163 1856 1250 1887 Tatii
1277 1855 1378 1894 regis,
1401 1854 1456 1893 qui
1474 1861 1546 1882 ver-

850 1910 954 1941 benas
971 1909 1080 1939 felicis
1098 1906 1227 1938 arboris
1243 1915 1285 1935 ex
1308 1905 1384 1934 luco
1399 1901 1546 1932 Streniae

851 1960 929 1990 anni
954 1959 1030 1989 novi
1058 1957 1211 1997 auspices
1242 1955 1368 1994 primus
1400 1951 1548 1992 accepit.

853 2011 985 2041 Nomen
1003 2007 1128 2039 indicio
1144 2010 1198 2036 est
1219 2005 1297 2035 viris
1313 2003 1460 2034 strenuis
1476 2004 1548 2034 liaee

852 2059 1033 2091 convenire
1050 2058 1092 2087 ob
1110 2054 1292 2087 virtutem!
1316 2054 1400 2085 Dae.

892 2107 1049 2147 iStrigae]
1067 2106 1180 2146 Striga
1195 2104 1331 2145 proprie
1346 2104 1380 2134 in
1398 2102 1447 2133 Re
1462 2102 1546 2133 Rus-

853 2160 922 2191 tica
939 2159 1114 2189 dicebatur
1137 2156 1262 2194 sulcus,
1278 2153 1336 2194 qui
1361 2162 1426 2183 uno
1445 2152 1550 2182 ductu

854 2208 1080 2250 peragebatur
1097 2207 1129 2237 in
1145 2204 1404 2245 longitudinem,
1419 2207 1454 2233 et
1471 2201 1550 2232 inde

853 2265 1142 2301 quarumcumque
1157 2265 1266 2285 rerum
1283 2253 1419 2284 ordines
1435 2252 1550 2292 strigae

855 2310 938 2341 dicti
968 2312 1059 2346 sunt,
1084 2311 1122 2337 ut
1147 2305 1283 2345 Hygino
1309 2304 1340 2333 iu
1364 2303 1480 2333 libello
1506 2301 1549 2332 de

853 2364 1040 2390 castrorum
1067 2355 1248 2386 metatione
1273 2353 1355 2384 ordo
1385 2357 1420 2382 et
1448 2351 1552 2382 series

855 2417 1016 2450 equorum
1031 2407 1063 2436 in
1076 2409 1187 2435 castra
1203 2402 1427 2433 redeuntium.
1451 2401 1551 2445 Idem.

899 2457 913 2478 ¹<
929 2457 1000 2488 Scri
1015 2479 1023 2486 .
1039 2477 1047 2486 .
1058 2456 1099 2496 ..]
1112 2454 1244 2493 striges
1261 2461 1339 2483 aves
1351 2444 1551 2488 nocturnes,

856 2512 894 2539 ut
918 2507 966 2538 ait
991 2505 1142 2542 Verrius,
1173 2501 1289 2533 Graeci
1316 2500 1468 2539 στρίγ-γας
1492 2508 1549 2538 ap-

857 2558 1008 2599 pellant:
1044 2565 1062 2584 a
1085 2563 1149 2594 quo
1173 2550 1332 2582 maleficis
1356 2549 1552 2580 mulieribus

856 2615 977 2638 nomen
1013 2604 1158 2634 inditum
1184 2606 1247 2640 est,
1276 2610 1358 2641 quas
1390 2598 1551 2629 volaticas

857 2659 958 2690 etiam
976 2658 1111 2686 vocant.
1148 2652 1270 2691 Itaque
1287 2650 1395 2680 solent
1410 2648 1461 2678 his
1479 2656 1552 2677 ver-

856 2710 907 2742 bis
919 2716 974 2740 eas
988 2704 1093 2738 veluti
1105 2706 1260 2735 avertere
1275 2699 1407 2732 Graeciz
1424 2696 1550 2738 Emi-m?
