1876 3025
305 183 365 211 iffi
400 178 668 210 VERBORUM
703 174 1111 207 SIGNIFICATIONE
1145 173 1241 204 Llss.
1273 172 1379 204 XVI.

176 289 274 318 cum
308 280 547 317 meassem¹
589 273 780 328 objectet
813 271 1002 313 facilius.

1482 163 1566 205 7:31

1064 270 1179 312 Nam
1220 273 1262 310 et
1295 267 1455 309 hostire
1486 281 1568 320 pro

179 357 356 398 aequare
378 348 633 398 posuerunt.
666 341 832 382 Ennius
851 341 896 380 in
919 338 1240 392 Chresphonte:
1264 336 1390 377 audis
1411 339 1569 388 atque³

178 412 342 453 auditis
369 412 678 453 hostimentum
712 409 956 464 adjungito.
1010 406 1067 447 Et
1086 406 1130 446 in
1153 404 1363 446 Hectoris
1384 403 1511 457 lytris
1529 415 1538 443 :
1556 406 1571 423 2

179 479 294 530 Quae
316 493 413 521 mea
434 481 636 521 cominus
653 477 884 527 machaera,
899 480 1032 529 atque
1053 473 1178 515 hasta
1194 472 1380 525 hospius
1396 473 1409 493 ³
1431 482 1572 510 manu.

184 550 244 591 Et
259 549 485 591 Pacuvius
504 549 546 589 in
559 547 752 588 Teucro:
775 545 859 586 nisi
879 543 1061 586 coerceo
1082 538 1421 596 protervitatest
1442 541 1574 592 atquo

180 620 327 663 hostio
348 617 571 659 ferociam.

126 688 389 734 Redhostire
408 688 474 726 est
495 682 678 737 gratiam
698 681 854 722 referre
873 695 882 719 ε
914 692 1015 721 nam
1037 681 1080 719 et
1100 676 1263 718 hostire
1286 687 1364 729 pro
1401 673 1523 727 [PAU
1537 684 1576 712 t..

184 768 359 810 aequare
378 753 631 807 posuerunt.

129 824 362 868 Redibitur
382 822 494 861 tum4
524 818 568 858 id
584 822 602 838 ¹²
625 816 803 870 proprie
825 815 987 856 dicitur
1020 812 1139 867 quod
1167 812 1383 854 redditum
1414 810 1578 864 [FEST.

184 897 267 942 est,
284 888 683 943 improbatumque,
706 889 750 926 et
766 888 780 913 ⁵
799 884 874 937 qui
897 881 1032 930 dedit,
1056 880 1261 934 idemque
1282 892 1434 921 rursus
1454 890 1578 919 coac-

186 965 260 1001 tus
281 963 352 999 est
376 957 534 997 habere
553 953 614 1004 id,
633 953 750 1008 quod
771 956 868 994 ante
889 950 1058 991 habuit.

131 1026 343 1071 Rediculi
364 1014 541 1065 fanumx
572 1026 697 1064 extra
718 1024 887 1075 portam
910 1018 1137 1072 Capenam
1159 1016 1255 1066 suit,
1279 1017 1381 1070 quia
1401 1015 1582 1067 [PAUL.

189 1094 404 1137 accedens
435 1092 490 1133 ad
521 1092 675 1132 urbem
709 1087 939 1130 Hannibal
970 1099 1029 1127 ex
1061 1098 1115 1126 eo
1149 1085 1247 1126 loco
1277 1084 1455 1125 redierit
1490 1082 1585 1135 qui-

189 1162 377 1204 busdam
405 1160 660 1215 perterritus
681 1158 809 1200 visis.

743 1265 861 1278 ‘ecoe-e

863 1264 979 1277 elatee

180 1342 196 1369 1
222 1337 274 1370 Id.
291 1346 358 1369 cum
374 1346 498 1368 eassem.
543 1335 605 1366 Vir
616 1334 707 1365 doct.
720 1334 752 1364 in
770 1342 876 1372 marg.
893 1331 946 1362 ed.
963 1331 1053 1362 Scal.
1071 1329 1210 1370 conjicit
1227 1338 1295 1359 cum
1310 1337 1345 1358 ea
1359 1337 1392 1358 se
1407 1326 1589 1356 oblectet.—

136 1385 156 1412 2
179 1383 257 1413 Vet.
278 1381 353 1411 cod.
368 1381 403 1411 in
426 1379 559 1410 nectaris
582 1378 791 1418 &riszam—3
816 1376 877 1406 Vir
894 1375 985 1406 doct.
1002 1375 1089 1413 conj.
1106 1373 1246 1404 hostiris.
1295 1370 1383 1401 Vide
1402 1370 1588 1401 Notas.——4

137 1426 227 1456 Dae.
243 1424 422 1465 legendum
440 1427 554 1454 monet
573 1421 774 1452 Redhibitum
789 1418 821 1450 id
835 1418 1034 1459 propria-5
1060 1418 1121 1448 Vir
1137 1416 1228 1447 doct.
1244 1413 1337 1455 conj.
1352 1414 1392 1445 ei.

795 1515 936 1548 NOTAE

140 1607 183 1629 an
199 1597 255 1628 ille
268 1606 321 1628 me
339 1599 450 1627 tentat
467 1594 575 1626 sciens
587 1595 608 1625 ?¹
652 1593 838 1634 Eleganter

141 1648 265 1680 Accius
302 1646 475 1677 redhostire
508 1645 591 1675 viam
627 1644 713 1674 dixit
752 1643 840 1674 viam

140 1699 266 1729 iterare.
313 1698 403 1728 Nam
433 1695 605 1726 redhostire
635 1694 717 1724 nihil
749 1692 838 1723 aliud

143 1754 194 1779 est
209 1757 309 1789 quam
329 1747 454 1778 iterare
479 1745 566 1786 quod
590 1744 751 1774 hostitum
768 1741 838 1773 fue-

144 1805 208 1833 rat.
232 1801 332 1831 Idem.

186 1857 197 1871 ⁸
220 1851 320 1895 Audis
334 1848 444 1890 atque]
482 1849 594 1887 Lege:
628 1846 727 1885 Audi,
751 1848 843 1886 atque

144 1902 259 1934 auditis
271 1900 490 1931 hostimentum
504 1897 679 1937 adjungito.
704 1896 813 1927 Idem.

187 1954 197 1973 ¹
223 1952 292 1983 Nisi
320 1951 440 1982 co'e'rceo
468 1947 703 1990 protervitates]
744 1946 846 1978 Hune

144 2003 287 2034 Pacuvii
306 2010 440 2032 versum
457 1999 575 2030 laudat
591 2000 695 2030 etiam
714 1998 846 2029 Nonius

146 2053 179 2084 in
190 2053 199 2071 ‘
209 2051 359 2091 hostire:
369 2049 457 2093 quod
469 2050 717 2090 interpretatur
735 2049 744 2065 ‘
757 2057 847 2079 com-

147 2103 319 2145 primere‚'
353 2099 590 2132 ‘retundere’
649 2098 718 2130 Sed
757 2097 847 2139 apud

148 2155 239 2186 illum
251 2154 391 2193 legitur:
401 2151 476 2183 Nisi
486 2151 647 2181 coercuero
658 2149 847 2189 protervita-

148 2208 221 2236 tem.
266 2203 390 2235 Melius
408 2212 450 2232 ex
467 2201 640 2241 utrisque:
666 2199 739 2230 Nisi
763 2198 847 2229 coe‘r·

149 2266 199 2287 ceo
222 2254 458 2297 protervitatem
473 2255 564 2293 atque
576 2250 674 2282 hostio
689 2250 846 2286 ferociam.

151 2305 261 2337 Idem.

195 2361 209 2376 ²¹
231 2354 420 2387 Redhibitm·
436 2357 500 2385 tum
514 2353 563 2394 id]
599 2353 702 2392 Lege,
732 2351 850 2382 Redin·-

154 2406 250 2437 bitum
275 2406 307 2436 id
326 2405 451 2445 proprie
473 2403 602 2439 dicitur,
626 2404 679 2441 &a
725 2402 850 2433 Redhi-

154 2455 235 2487 bere
253 2464 321 2485 rem
338 2454 511 2485 venditam
536 2452 692 2484 venditor
714 2451 853 2491 di‘citur,

156 2515 231 2537 cum
256 2504 427 2536 reddendo
451 2503 611 2545 pretium,
631 2513 705 2534 eam
730 2502 854 2542 recipit

156 2557 252 2598 cujus
270 2556 353 2586 vitia
376 2555 409 2586 in
434 2554 628 2585 venditione
654 2563 719 2584 non
744 2553 856 2594 prodi-

157 2608 219 2639 dit.
264 2607 379 2637 Plaut.
410 2605 630 2636 Mercatore:
670 2603 733 2635 ‘C.
762 2603 854 2636 Quid

159 2659 188 2689 si
234 2657 398 2689 reddatur
435 2655 483 2686 illi
524 2655 614 2686 unde
655 2660 745 2686 emta
780 2655 857 2685 est?

159 2711 206 2741 D.
238 2708 382 2741 Minime
417 2706 580 2748 gentium.
627 2706 666 2737 C.
702 2706 790 2737 dixit
820 2715 856 2736 se

164 2759 337 2792 redhibere
377 2758 404 2789 si
447 2766 512 2789 non
551 2756 710 2798 placeat.'
767 2755 859 2787 Hinc

892 1595 901 1609 ‘
917 1590 1141 1623 redhibitoria
1157 1588 1265 1621 actio’
1288 1598 1363 1629 quae
1389 1586 1513 1617 emtori
1537 1584 1594 1615 acl-

893 1651 1011 1672 versus
1041 1641 1252 1671 venditorem
1277 1639 1391 1675 datur,
1408 1641 1445 1667 nt
1469 1636 1596 1666 manci-

894 1692 984 1733 pium
1002 1691 1196 1729 redhibeat,
1212 1688 1246 1720 id
1263 1692 1328 1728 est,
1346 1686 1501 1727 recipiat,
1518 1694 1595 1725 pre-

895 1743 1049 1783 tiumque
1067 1745 1247 1781 acceptum
1264 1738 1430 1769 restituat.
1478 1734 1597 1766 Redhz'-

896 1793 965 1824 bere
982 1793 1088 1833 igitur
1103 1801 1121 1822 a
1138 1801 1183 1829 re,
1200 1789 1234 1821 id
1258 1793 1322 1828 est,
1339 1788 1476 1825 iterum,
1492 1791 1526 1817 et
1542 1786 1596 1816 Ιια-

898 1844 979 1884 bere,
1005 1843 1085 1884 qnia
1117 1840 1274 1872 venditor
1306 1840 1428 1870 iterum
1459 1837 1598 1875 habeat,

899 1897 964 1925 διο.
1011 1893 1097 1924 Inde
1114 1892 1230 1924 Gloss.
1245 1891 1255 1908 ‘
1271 1889 1445 1924 redibitio,
1462 1886 1595 1919 ἀνταπό-

901 1944 1006 1981 omns?
1022 1946 1031 1961 ⁴
1049 1938 1431 1983 redigit,&va7tafissoivet.'
1443 1938 1517 1978 lege
1530 1938 1601 1968 red-

901 1996 990 2028 hibit.
1013 1994 1122 2026 Idem.

943 2051 958 2067 ¹
985 2044 1126 2077 Rediculi
1147 2042 1279 2082 sanum]
1324 2039 1482 2072 Secundo
1511 2038 1601 2070 bello

902 2097 1049 2135 Punico,
1066 2105 1141 2127 cum
1160 2092 1329 2125 Hannibal
1355 2096 1457 2122 noctu
1475 2089 1517 2121 ob
1535 2090 1602 2119 Ro-

902 2158 989 2179 maiu
1014 2147 1164 2186 legiones
1181 2144 1337 2182 duceret,
1363 2146 1476 2172 tantus
1493 2145 1604 2171 terror

902 2209 945 2231 ex
977 2196 1176 2240 quibusdam
1208 2191 1498 2226 terriculamentis
1529 2200 1604 2220 eum

902 2249 1038 2284 invasit,
1055 2251 1093 2278 ut
1118 2245 1197 2277 inde
1216 2255 1251 2276 re
1269 2242 1399 2274 infecta
1416 2241 1538 2282 pedem
1554 2251 1605 2272 re-

903 2299 1040 2331 tulerit:
1059 2307 1124 2338 quo
1137 2295 1230 2327 facto
1241 2294 1356 2325 fanum
1369 2293 1414 2324 ibi
1428 2301 1606 2323 consecra-

905 2356 990 2386 turn,
1007 2353 1042 2380 et
1058 2349 1099 2379 ab
1125 2351 1251 2379 eventu
1267 2345 1437 2377 rediculum
1456 2343 1608 2384 appella-

906 2406 990 2432 tum.
1038 2400 1151 2430 Deum
1184 2406 1264 2427 vero
1302 2396 1355 2426 cui
1393 2396 1455 2426 hoc
1491 2393 1607 2424 fanum

906 2454 1140 2482 consecratum
1170 2447 1237 2479 fuit
1268 2448 1424 2478 Tutanum
1453 2445 1604 2485 appella-

909 2505 998 2533 runt.
1042 2501 1142 2531 Varr.
1158 2499 1189 2529 in
1207 2499 1331 2538 Satyra
1346 2506 1444 2538 quain
1467 2494 1611 2534 inscrip-

909 2556 1002 2584 serat
1016 2557 1023 2569 ‘
1038 2550 1207 2581 Hercules
1217 2554 1307 2580 tuam
1321 2547 1422 2578 fidem
1439 2545 1458 2576 :’
1475 2547 1483 2563 ‘
1494 2545 1610 2576 Noetu

909 2602 1087 2634 Annibalis
1104 2610 1181 2631 cum
1198 2598 1311 2639 fugavi
1328 2596 1530 2634 exercitum,
1546 2593 1612 2624 Tu-

911 2658 1007 2684 tanus
1031 2652 1107 2690 hoc,
1121 2649 1265 2681 Tutanu’
1284 2649 1398 2679 Romae
1423 2653 1612 2685 nuncupor,

911 2702 988 2733 Hoc
1002 2706 1153 2741 propter,
1164 2708 1293 2738 omnes,
1310 2698 1367 2739 qui
1384 2696 1551 2735 laborant,
1564 2694 1612 2725 in-

915 2751 1059 2785 vocant.’
1089 2751 1187 2782 Idem.
