1876 3025
273 152 386 193 1016
717 160 864 190 snx‘m
902 158 1102 188 PoMPffli
1139 157 1276 188 FESTJ

272 257 509 299 Unciariaq
546 257 618 297 lex
641 255 729 296 dici
750 258 902 307 coepta
922 257 1004 302 est,
1027 266 1160 306 quam
1181 252 1231 292 L.
1253 251 1379 293 Sulla
1399 253 1443 292 et
1465 249 1523 301 Q.
1552 249 1717 304 [FEST.

328 326 569 379 Pompeius
592 324 739 365 Rufus
762 322 964 370 tulerunt,
986 334 1073 374 qua
1097 324 1297 362 sanctum
1325 324 1408 369 est,
1429 323 1478 358 ut
1499 317 1719 358 debitores

326 393 539 434 decimam
560 396 728 444 partem
811 420 819 428 .
940 418 949 427 .
1066 419 1075 429 .
1196 418 1205 427 .
1322 419 1331 428 .
1583 415 1592 425 .

272 459 518 512 Ungulatos
537 471 699 511 ungues
717 469 901 509 magnos
917 462 927 479 ¹
953 459 1085 508 atque
1104 467 1286 507 asperos
1304 453 1416 495 Cato
1434 467 1511 507 ap·
1543 452 1720 504 [PAUL.

327 526 520 580 pellavit.

272 594 492 647 Ungulum
519 593 737 635 Oscorum
760 593 909 645 lingua
930 590 1149 644 signifieat
1169 590 1392 632 annulum.

270 661 473 714 Ungulus
488 666 499 682 ¹'
522 660 738 702 Oscorum
760 660 909 712 lingua
929 659 1117 699 annulus
1139 662 1186 698 ut
1559 656 1723 706 [FEST-

971 726 1192 779 siquidem
1209 724 1477 766 monumenti
1493 728 1624 764 nacta
1640 725 1723 771 est,

328 798 406 851 qui
438 810 583 838 eorum
615 796 867 850 requireret,
901 799 970 835 est
1004 793 1209 846 ungulus,
1243 807 1374 847 quem
1407 793 1448 833 ei
1480 790 1668 832 detraxit
1698 802 1722 830 e

329 864 462 906 Lirio.
522 865 749 906 Pacuvius
771 864 815 904 in
848 863 1017 904 Iliona:
1051 861 1331 915 Repugnanti
1353 874 1433 914 ego
1454 872 1586 913 porro
1606 858 1723 899 hunc

328 934 374 974 vi
397 933 571 974 detraxi
594 933 828 985 ungulum:
851 936 892 972 et
913 931 956 971 in
978 928 1216 971 Atalanta:
1250 930 1525 983 Suspensum
1545 927 1591 967 in
1610 926 1724 967 laevo

329 1001 512 1042 brachio
535 1001 725 1042 ostendo
745 1001 967 1053 ungulum.

274 1069 538 1121 Ungustusf
570 1069 705 1109 fustis
727 1081 879 1109 uncus.
1547 1062 1725 1117 [PAUL.

273 1136 505 1189 voisgram
522 1142 536 1159 ²
560 1151 685 1178 avem
700 1138 712 1159 ²
733 1149 832 1191 quae
855 1149 901 1176 se
923 1135 1063 1185 vellit,
1086 1147 1272 1188 augures
1293 1133 1406 1174 hanc
1428 1144 1531 1173 ean·
1563 1130 1726 1184 [FEST.

329 1205 428 1246 deni
452 1205 711 1246 feeilitram³
744 1204 984 1257 appellant.

272 1273 428 1323 Vola,‘¹
451 1274 679 1325 vestigium
704 1272 835 1313 medii
858 1271 985 1325 pedis
1007 1283 1276 1313 concavum:
1309 1268 1384 1309 sed
1406 1272 1448 1310 et
1466 1267 1617 1321 palma
1637 1276 1726 1306 ma-

328 1354 413 1381 nus
435 1341 535 1383 vola
556 1341 728 1383 dieitur.

883 1445 1126 1460 aeeaeeeedaeaeoe‘

318 1541 333 1568 l
362 1538 460 1577 Legit
486 1538 574 1569 Dae.
601 1547 675 1569 eum
704 1538 825 1568 Vossio
852 1537 1035 1576 Unguffltos,
1061 1536 1114 1575 qui
1138 1534 1283 1565 haberent
1304 1542 1424 1571 ungues
1446 1539 1584 1569 magnos,
1610 1530 1728 1568 {Se—2

274 1581 282 1598 ‘
304 1581 479 1621 Voisgram.
527 1581 679 1621 Antique
703 1580 883 1611 ‘avolsus'
916 1589 977 1620 pro
999 1583 1009 1597 ‘
1026 1579 1160 1609 avulsus
1176 1577 1198 1608 ε’
1230 1579 1278 1607 sic
1304 1577 1423 1606 Festus
1448 1575 1603 1612 vola-gram
1631 1580 1728 1601 avem

274 1624 384 1655 dixit:
421 1625 469 1655 ita
495 1625 583 1655 enim
612 1631 695 1664 puto
724 1624 915 1664 legendum,
943 1631 1008 1653 non
1036 1619 1216 1660 voisgram!
1244 1619 1354 1657 Gisan.
1387 1618 1494 1648 Iudice
1527 1614 1727 1646 Lucretiano.

279 1667 437 1698 Voiscram
454 1668 578 1707 legitur
597 1668 628 1698 iu
651 1667 705 1698 ed.
722 1668 873 1698 Stat—3
903 1667 980 1697 Yet.
1003 1664 1062 1696 lib.
1076 1664 1291 1702 fucillantem.
1338 1660 1487 1702 Coujicit
1504 1660 1593 1690 Dae.
1609 1656 1731 1688 Fulici-

274 1713 354 1740 lram
371 1721 391 1741 a
406 1713 414 1727 ‘
430 1709 573 1742 fulleia)

930 1795 960 1827 N
969 1793 1072 1826 OTAE

317 1866 332 1886 ⁴1
361 1861 527 1902 Unciuria]
555 1862 626 1892 Lex
652 1861 730 1892 inibi
759 1861 892 1893 omnino
923 1860 971 1890 iu-

274 1918 461 1952 eomperta.
485 1914 552 1943 Jos.
569 1912 651 1943 Scul.

321 1963 472 1994 Unciaria
500 1963 565 2002 lex]
598 1963 760 1993 Putabam
795 1960 905 1992 infra:
939 1964 972 1991 ul

273 2013 426 2044 debitores
451 2013 688 2043 duodecisimam
724 2016 844 2051 partem
873 2011 973 2041 credi-

274 2064 391 2094 toribus
405 2065 571 2101 solverent,
589 2064 640 2093 vel
657 2062 736 2103 quid
752 2062 870 2092 simile.
905 2060 972 2091 Sed

275 2114 356 2144 nihil
385 2113 505 2148 audeo,
530 2123 605 2144 cum
638 2113 734 2152 hujus
765 2112 847 2150 legis
875 2121 972 2141 nemo

275 2168 399 2205 praeter
418 2164 553 2194 Festum
571 2162 775 2193 meminerit.
802 2162 883 2192 Duc.

318 2220 329 2235 Γ
357 2214 517 2254 Ungulus]
542 2214 633 2246 Plin.
653 2213 712 2243 lib.
735 2221 875 2243 xxxni.
899 2221 975 2251 cap.

277 2269 307 2296 1.
324 2270 332 2283 ‘
346 2266 455 2296 Miror
466 2264 640 2305 Tarquinii
658 2264 729 2303 ejus
742 2268 888 2294 statuam
903 2263 975 2293 sine

276 2317 398 2347 annulo
429 2325 516 2346 esse.
562 2316 762 2355 Quanquam
787 2320 822 2344 et
849 2314 889 2343 de
919 2323 974 2343 no-

274 2367 365 2397 mine
382 2367 453 2406 ipso
470 2365 595 2405 ambigi
612 2364 729 2395 video:
755 2364 869 2395 Graeei
888 2374 907 2394 a
929 2363 979 2394 di-

275 2417 355 2457 gitis
369 2417 598 2456 appellavere,
615 2415 704 2454 apud
722 2424 781 2445 nos
799 2415 898 2455 prisci
917 2424 975 2445 un-

277 2468 391 2506 gulum
410 2467 590 2504 vocabant,
608 2470 727 2504 postea
744 2470 777 2495 et
801 2464 917 2495 Graeci
943 2469 978 2495 et

277 2518 383 2549 nostri
400 2515 612 2557 synibolum.'
656 2517 761 2546 Putat
788 2516 886 2546 Voss.
912 2525 977 2545 non

278 2569 404 2599 Oscum
422 2566 480 2598 sed
496 2567 664 2605 Latinum,
688 2566 729 2596 ab
751 2576 857 2606 uncus,
884 2576 977 2596 uncu-

276 2621 333 2654 lus,
352 2623 471 2659 postea
486 2619 629 2657 ungulus.
674 2617 731 2648 Sic
760 2616 848 2647 infra
864 2627 978 2656 ungus-

276 2675 338 2710 tus,
354 2679 412 2709 pro
429 2672 585 2707 artensius,
610 2666 705 2698 fustis
727 2677 843 2698 uncus.
889 2669 974 2700 Quae

278 2724 462 2761 sequuntur
489 2728 593 2759 usque
617 2718 657 2749 ad
682 2719 849 2758 Pacuvius,
876 2719 972 2759 cujus

1027 1857 1176 1889 auctoris
1201 1857 1269 1887 sint
1290 1856 1457 1886 incertum
1475 1856 1540 1884 est.
1585 1851 1730 1883 Schedae

1028 1919 1088 1950 pro
1105 1919 1120 1940 e
1135 1909 1207 1939 lirio
1224 1907 1349 1938 habent
1368 1905 1461 1936 ebrio.
1516 1905 1629 1944 Lego:
1654 1924 1662 1933 .
1689 1925 1697 1933 .
1721 1925 1731 1934 .

1029 1984 1037 1992 .
1063 1983 1072 1993 .
1096 1983 1103 1991 .
1129 1983 1137 1992 .
1161 1960 1199 1990 Si
1221 1959 1295 1998 quid
1312 1956 1500 1987 monnmenli
1514 1958 1604 1986 nacta
1620 1955 1733 1994 estqui

1027 2020 1132 2041 verum
1156 2009 1340 2048 requireret,
1361 2010 1407 2037 est
1432 2006 1566 2044 ungulus
1586 2013 1674 2044 quem
1702 2003 1730 2034 ei

1027 2061 1165 2091 detraxit
1179 2059 1273 2089 ebrio.
1298 2057 1406 2087 Idem.

1071 2116 1081 2131 ⁵
1109 2107 1283 2148 Unguslus]
1304 2108 1470 2145 Uizcustus,
1485 2110 1730 2146 posteaungus-
1787 2118 1789 2123 .

1028 2165 1089 2191 tus.
1116 2160 1224 2190 [dem.

1071 2212 1079 2230 ¹
1110 2210 1273 2248 Volsgram
1298 2207 1400 2247 avem]
1421 2207 1504 2238 Quae
1522 2215 1556 2234 se
1575 2203 1731 2234 vellendo

1030 2261 1152 2292 malum
1177 2258 1364 2299 auspicium
1388 2257 1548 2287 faciebat.
1595 2255 1660 2285 Eas
1682 2254 1730 2284 in-

1033 2311 1164 2342 tellexit
1187 2309 1340 2340 Statius:
1364 2307 1480 2338 ‘simul
1503 2316 1561 2337 ora
1588 2314 1729 2335 recurvo

1027 2363 1149 2401 Ungue
1181 2366 1300 2390 secant
1322 2358 1461 2393 rabidae,
1487 2358 1728 2397 planctumque

1028 2411 1241 2443 imitantibus
1267 2409 1328 2440 alis
1349 2408 1535 2447 Exagitant
1556 2407 1729 2446 Zephyros

1029 2469 1063 2494 et
1082 2463 1215 2503 plumea
1233 2466 1375 2500 pectora
1387 2457 1548 2490 caedunt.’
1574 2458 1671 2487 Idem.

1071 2518 1085 2532 ¹¹
1114 2512 1205 2551 Vola]
1230 2512 1342 2541 Gloss.
1368 2512 1376 2527 ‘
1392 2510 1478 2548 vola,
1499 2506 1611 2547 θέναρ.’
1636 2508 1726 2546 θέναρ

1030 2568 1142 2595 autem
1167 2561 1338 2600 Hesyeliio
1365 2566 1399 2591 et
1414 2559 1451 2590 τὺ
1469 2559 1576 2590 κοῖλον
1590 2559 1647 2594 τῆς
1661 2569 1728 2596 χει-

1029 2616 1078 2655 ρὸς
1093 2613 1141 2645 καὶ
1156 2614 1212 2642 τοῦ
1234 2612 1337 2653 ποδὸς,
1356 2611 1551 2643 concav·'tas
1563 2618 1678 2640 manus
1695 2613 1729 2639 et

1031 2666 1135 2708 pedis.
1162 2664 1258 2695 Idem.
