1876 3025
296 116 409 157 1094
741 125 889 155 SEXTI
927 123 1129 155 POMPEII
1163 124 1300 155 FESTI

304 254 312 263 .
431 252 441 262 .
559 251 569 260 .
690 249 699 260 .
815 251 826 261 .
979 217 1141 260 Videres
1162 218 1263 259 alios
1285 224 1462 269 ructare,
1490 230 1541 259 ac
1563 232 1747 272 respuere

294 288 570 344 pulcherrima
587 287 790 343 superbia.
852 286 917 327 M.
933 286 1085 328 Cicero
1110 293 1256 336 tamen,
1289 286 1331 326 in
1363 285 1466 326 libro
1488 283 1556 325 II.
1575 274 1747 338 'Philip-

295 357 498 411 picarum
526 361 763 398 ructaretur
787 354 906 395 dixit.
968 353 1211 408 Respersum
1239 353 1376 394 viuum
1397 353 1614 406 significat
1635 351 1749 406 apud

302 425 515 480 antiquos:
549 423 647 479 quia
680 422 721 462 in
751 422 874 463 sacris
902 420 1186 464 novendialib.
1214 421 1306 461 vino
1328 421 1478 461 mortui
1495 420 1750 475 sepulchrum

302 493 599 547 spargebatur.
1320 489 1511 530 Romani
1525 494 1541 517 ‘³
1561 487 1751 528 videntur

303 561 354 602 ab
375 560 492 602 inicio
514 559 629 600 nulla
652 559 712 599 usz'
731 572 809 598 esse
830 557 1045 599 artificum
1077 571 1214 611 opera,
1245 555 1312 597 sed
1344 556 1413 596 ubi
1437 555 1616 609 primum
1638 554 1752 594 ludos

291 628 437 684 facere
458 633 696 682 coeperunt,
733 632 826 667 tuuc
861 625 977 665 asciti
1003 624 1179 680 artifices
1210 624 1262 665 ab
1296 623 1481 664 Etruscis
1509 623 1752 664 civitatibus

303 695 502 746 fuerunt:
533 710 618 736 sero
648 701 785 735 autem
820 693 907 734 ludi
938 706 1106 742 omnes,
1144 692 1220 745 qui
1248 704 1364 732 nunc
1384 706 1408 731 a
1435 690 1632 731 Romanis
1655 689 1752 730 cele-

307 764 420 805 brari
439 764 578 814 solent,
596 769 698 805 sunt
717 762 917 804 instituti.
983 760 1165 804 Quidam
1175 761 1329 814 primos
1340 766 1499 813 ponunt
1516 757 1755 799 Romanos.

306 834 398 875 Alii
433 834 556 874 aiunt
593 831 859 888 BIegaleuses,
895 830 940 870 id
973 837 1044 879 est,
1078 828 1236 869 Matris
1260 828 1435 881 Magnae
1457 842 1508 869 ac
1529 826 1755 882 populares

311 900 486 943 Cereris.
547 899 637 940 Alii
676 901 795 940 aiunt
827 901 871 940 in
907 898 1179 940 conferendis
1219 897 1330 953 equis
1372 895 1536 950 Trojam
1573 894 1756 935 lusitasse

302 982 449 1022 pueros
490 968 727 1010 Romanos.
788 967 882 1008 Alii
922 966 1166 1014 institutum,
1208 972 1252 1005 ut
1294 964 1476 1005 luderent
1507 961 1755 1016 equitando,

301 1036 445 1090 jactu,
465 1036 589 1087 saltu,
613 1035 864 1092 cursusestis
892 1034 1113 1076 Parilibus
1133 1048 1141 1075 :
1167 1035 1393 1088 paribusq.
1415 1032 1545 1072 etiam
1577 1036 1621 1069 ut
1651 1028 1758 1068 ludi-

310 1118 385 1145 crae
406 1105 643 1145 certationes
665 1120 690 1144 a
711 1092 958 1145 ludentibus
980 1103 1146 1144 fierent.
1208 1100 1399 1141 Rubidus
1410 1098 1554 1154 punisr
1577 1095 1759 1151 appella-

312 1179 380 1213 tur
401 1187 557 1227 parum
578 1177 750 1223 coctus,
772 1186 871 1214 cum
894 1171 1018 1212 rubro
1039 1170 1181 1218 colore,
1200 1167 1446 1224 rubefactus.
1507 1166 1696 1206 Plautus
1714 1165 1759 1204 in

311 1240 506 1283 Casina:
531 1240 774 1295 quuruum
794 1240 971 1289 condito,
992 1243 1121 1294 atque
1137 1239 1201 1279 ibi
1216 1242 1376 1279 torreto
1389 1250 1464 1290 pro
1480 1248 1587 1288 pane
1601 1231 1761 1273 rubido.

315 1308 452 1350 Item:
488 1309 656 1350 Scortae
691 1309 899 1363 ampullae
934 1307 1027 1361 [72]
1050 1311 1270 1349 vetustate
1302 1317 1490 1357 rugosae,
1523 1308 1568 1344 et
1596 1301 1760 1343 coloris

312 1377 523 1431 ejusdem,
557 1377 728 1418 rubidae
764 1377 852 1418 dici
889 1377 1043 1417 solent.
1105 1374 1378 1415 Romanam⁵
1409 1374 1579 1425 portam
1607 1370 1762 1422 vulgus

314 1445 524 1498 appellat,
555 1445 630 1485 ubi
658 1458 716 1485 ex
747 1444 952 1498 epistylio
982 1442 1137 1483 defluit
1158 1454 1300 1495 aqua:
1332 1439 1408 1494 qui
1430 1440 1554 1479 locus
1578 1438 1633 1478 ab
1654 1438 1763 1478 anti-

317 1513 418 1567 quis
441 1513 657 1566 appellari
692 1513 853 1553 solitus
885 1517 957 1552 est
988 1515 1143 1552 statuae
1179 1509 1362 1558 Cinciae,
1398 1507 1515 1561 quod
1542 1506 1584 1546 in
1607 1518 1660 1546 eo
1684 1505 1764 1545 suit

316 1581 567 1635 sepulcrum
590 1580 686 1634 ejus
707 1580 885 1621 familiae
904 1593 914 1621 ;
943 1578 1020 1620 sed
1048 1582 1178 1632 porta
1199 1576 1401 1617 Romana
1423 1575 1625 1615 instituta
1645 1576 1710 1614 est
1739 1585 1767 1612 a

317 1650 510 1691 Romulo
532 1648 712 1690 infimo⁶
731 1649 847 1690 clivo
867 1647 1099 1697 Victoriae,
1121 1646 1198 1700 qui
1220 1646 1347 1686 locus
1369 1643 1571 1697 gradibus
1592 1642 1634 1682 in
1657 1653 1765 1695 qua-

318 1718 439 1759 dram
476 1718 692 1759 formatus
727 1721 816 1758 est:
853 1717 1082 1770 appellata
1118 1719 1265 1756 autem
1302 1712 1503 1754 Romana
1529 1724 1556 1752 a
1585 1710 1765 1751 Sabinis

919 1857 1157 1872 eeeeeeeeeeee

365 1954 384 1982 6
408 1950 431 1982 f.
449 1951 481 1981 in
497 1951 566 1981 imo.

976 2063 1115 2095 NOTAE

365 2151 380 2171 ‘1
405 2142 555 2183 Romani]
579 2143 745 2183 Artificum
767 2146 820 2172 est
848 2140 882 2171 in
909 2148 1021 2170 exem-

325 2196 425 2237 plari,
442 2204 502 2235 pro
517 2204 558 2225 eo
583 2193 673 2235 qnod
689 2193 743 2223 aiii
761 2192 955 2229 ediderunt,
970 2200 1022 2221 ar-

325 2247 475 2288 ιξῇοἱηιηε
499 2249 613 2276 notum
637 2249 749 2274 antem
767 2247 821 2273 est
845 2242 901 2282 qni
916 2242 1021 2280 τεχνῖ-

324 2310 375 2329 ται
395 2297 553 2328 dicantur
571 2305 589 2326 a
606 2294 751 2326 Graeci&
797 2292 935 2323 Parilib.
956 2291 1022 2322 fes-

327 2350 369 2381 tis
387 2350 554 2379 Romanos
570 2355 729 2387 equorum
750 2354 849 2376 cursu
865 2344 1023 2374 lusitasse

328 2400 434 2431 tradit
451 2399 519 2430 Dio
531 2398 586 2429 iil).
602 2406 706 2428 xun.
725 2395 907 2427 videndum
922 2394 1022 2425 etiam

329 2461 369 2481 an
388 2460 464 2487 vox,
477 2449 577 2489 parib.
595 2446 791 2488 accipienda
807 2446 864 2484 sit,
881 2449 918 2476 ut
933 2444 1023 2484 apud

330 2501 507 2540 Virgilium
535 2500 589 2530 lib.
607 2508 639 2529 v.
665 2502 673 2515 ‘
690 2497 803 2528 Prima
830 2505 928 2537 pares
954 2495 1023 2526 ine-

331 2550 416 2588 unt,’
430 2553 493 2581 ἃς.

374 2606 384 2620 ¹
410 2600 551 2631 Rubidus
575 2599 679 2639 panis]
704 2597 853 2628 Isidorus
880 2597 938 2627 lib.
965 2604 1026 2626 xx.

332 2663 407 2692 cap.
422 2655 453 2682 2.
475 2653 484 2668 ‘
505 2650 657 2682 Rubidus
679 2649 774 2688 panis
801 2653 970 2683 recoctus,
990 2651 1026 2677 et

334 2700 556 2735 rubefactus?
582 2705 617 2732 et
647 2705 741 2731 certe
771 2697 908 2730 rubidus
932 2697 1026 2729 color

1074 2138 1151 2179 pani
1169 2146 1284 2178 parum
1302 2140 1401 2167 cocto
1423 2144 1487 2165 non
1506 2134 1683 2165 convenit:
1710 2134 1772 2164 iia-

1075 2199 1140 2231 que
1159 2187 1352 2226 videndum,
1376 2196 1416 2216 au
1438 2189 1596 2225 percoctus
1621 2184 1686 2223 legi
1714 2183 1772 2214 (le-

1077 2242 1168 2279 beat,
1185 2240 1265 2270 iicet
1279 2239 1312 2269 in
1333 2237 1517 2278 exemplari
1530 2237 1572 2267 sit
1585 2246 1695 2276 parum
1710 2245 1775 2266 coc-

1076 2295 1136 2323 tus.

1119 2347 1130 2362 ³
1156 2338 1340 2379 Romanum]
1362 2339 1464 2369 Varr.
1480 2338 1539 2369 lib.
1556 2346 1605 2368 lv.
1623 2335 1664 2367 dc
1680 2336 1774 2376 Ling.

1079 2394 1158 2424 Lat.
1192 2395 1200 2410 ‘
1218 2391 1406 2423 Romanula
1430 2395 1530 2430 porta
1553 2388 1645 2419 dicta
1662 2393 1714 2417 est
1731 2387 1773 2417 ab

1080 2444 1200 2481 Roma,
1217 2452 1290 2483 quae
1309 2442 1410 2471 habet
1433 2439 1555 2479 gradus
1581 2439 1612 2468 in
1633 2437 1776 2469 Navalia

1079 2496 1120 2525 ad
1138 2493 1291 2532 Voiupiae
1309 2489 1492 2521 sacellum.'
1538 2489 1575 2518 Iu
1599 2488 1705 2528 infimo
1721 2497 1777 2518 au-

1080 2549 1149 2575 tem
1165 2543 1328 2581 scriptum
1346 2546 1395 2572 est
1416 2550 1476 2580 pro
1493 2549 1533 2570 eo
1549 2538 1637 2579 quod
1657 2539 1689 2568 iu
1707 2548 1775 2568 ma-

1081 2593 1263 2633 nuscriptis
1280 2596 1353 2622 erat
1367 2591 1483 2632 infimo,
1495 2590 1557 2620 hoc
1575 2594 1638 2628 est,
1650 2589 1682 2618 in
1697 2588 1774 2625 imo,

1079 2654 1152 2686 qum
1168 2643 1334 2682 scriptura
1349 2642 1471 2680 saepius
1488 2639 1658 2671 invenitur
1674 2639 1704 2669 in
1723 2647 1777 2668 ve-

1080 2694 1208 2727 teribus
1225 2691 1459 2724 monumentis.
