1876 3025
282 134 368 177 764

739 142 889 174 SEXTI
924 142 1126 172 POMPEH
1162 143 1297 174 FEST!

284 238 501 294 Rhegium
529 239 775 295 appellatur
805 239 850 280 id
871 238 1171 292 municipium,
1191 236 1313 291 quod
1338 236 1383 278 in
1402 236 1513 277 freto
1549 236 1727 290 [PAUL.

341 307 506 350 Siciliae
528 313 610 360 est,
633 307 844 362 quoniam
861 306 906 346 id
923 319 950 347 a
970 305 1213 359 rumpendo
1234 305 1397 346 dictum
1420 308 1500 346 est.

630 388 703 416 are
725 378 959 428 oportere,³
984 373 1044 414 ait
1064 372 1267 421 Verrius,
1283 373 1330 413 id
1350 372 1536 413 munioi-
1566 371 1729 422 [FEST.

339 442 477 496 pium,
499 442 618 496 quod
650 443 695 483 in
721 442 830 482 freto
851 454 874 481 e
895 442 1068 493 regione
1083 437 1101 459 ⁴
1135 440 1302 482 Siciliae
1332 444 1422 481 est:
1455 440 1664 493 quoniam
1684 439 1730 479 id

342 509 504 550 dictum
535 514 607 550 est
640 523 667 550 a
701 507 963 561 rumpendo,
1001 508 1120 562 quod
1153 512 1217 548 est
1248 507 1406 550 Graece
1430 507 1647 563 ραταῖαι.5Ρ
1676 519 1730 547 eo

342 575 520 629 quidem
542 577 694 628 magis,
716 576 820 629 quia
854 575 900 616 in
922 575 1074 616 Gallia
1104 574 1348 629 Cisalpina,
1380 576 1457 616 ubi
1486 575 1628 617 forum
1649 574 1730 615 Le-

342 644 437 697 pidi
459 644 615 694 fuerat,
637 644 827 696 Regium
848 648 1049 685 vocatur.

287 710 628 753 Rhinocerotem
647 717 663 740 q
694 711 876 765 quidam
898 723 998 751 esse
1020 711 1145 751 aiunt
1165 711 1324 752 bovem
1345 709 1617 764 AEgyptium.

889 830 1007 843 W&
1011 830 1125 842 οΝΝΟ

329 911 347 939 3
373 909 489 940 ‘Festi
506 908 619 940 verbis
646 918 754 948 pauca
776 908 849 939 haee
875 912 933 939 ant
953 908 1001 939 his
1026 907 1146 938 similia
1171 906 1421 942 desiderantur,
1455 905 1607 945 Rhegium
1630 907 1730 946 appel-

285 951 350 982 lare
365 952 527 991 oportere,’
541 954 593 991 ὅγε.
610 951 692 982 Ant.
713 951 801 991 Aug.
831 952 919 982 Dae.
938 951 1119 991 legendum
1137 955 1263 990 monet,
1288 955 1326 980 ut
1351 950 1383 980 in
1408 949 1560 987 Schedis,
1578 949 1732 986 Rhegium

284 995 464 1036 significare
494 998 645 1035 oportere,
671 995 716 1025 ait
748 995 888 1030 Verrius,
909 996 1026 1035 &sce-4
1051 994 1130 1025 Vet.
1157 993 1232 1025 cod.
1255 996 1422 1033 regum—5
1447 993 1525 1024 Vet.
1555 992 1611 1023 lib.
1638 991 1733 1031 ῥῆξαι.

284 1038 372 1069 Scal.
390 1044 425 1069 et
442 1039 530 1070 Dae.
544 1039 661 1079 legunt
678 1037 818 1078 ῥαγῆναι.

936 1123 965 1154 N
973 1122 1074 1154 OTAE

285 1197 427 1229 inscribit
441 1202 452 1230 ?
476 1200 518 1230 Et
532 1209 598 1231 cum
614 1200 690 1231 dicit
703 1211 758 1241 pro
775 1210 817 1237 se,
833 1203 884 1241 85⁶.
912 1200 984 1231 Ista

288 1253 345 1280 ‘et
368 1259 442 1280 curn
467 1249 575 1289 dicit,'
592 1253 656 1282 διε.
681 1251 784 1282 verba
809 1256 887 1282 sunt
910 1251 984 1282 Sin-

288 1300 355 1331 nii:
382 1301 475 1332 Nihil
493 1301 584 1333 aliud
602 1302 713 1342 video,
729 1308 765 1334 et
778 1303 862 1334 lianc
876 1312 984 1335 meam

287 1351 518 1391 conjecturam
543 1352 712 1384 mordicus
735 1353 898 1385 obtinebo
925 1353 984 1385 do-

286 1410 349 1432 nee
372 1402 492 1443 aliquis
519 1403 728 1444 probabilius
754 1404 834 1445 quid
857 1404 891 1435 in
917 1415 985 1437 me-

287 1452 378 1483 dium
394 1451 556 1492 proferat.
583 1454 665 1486 Dae.

329 1508 346 1528 Ρ
367 1503 518 1544 Ῥαταίαι]
548 1505 665 1536 Scribe
680 1506 820 1545 ῥαγῆναι.
847 1505 985 1546 AEschy·

287 1555 340 1585 lus
356 1565 363 1584 :
378 1553 538 1594 ἂπεῤῥάγη
553 1556 587 1585 Ἡ
607 1555 684 1594 γαῖ’·
702 1556 753 1595 ἀφ’
769 1555 805 1587 οὗ
820 1556 856 1593 δὴ
870 1555 990 1594 Ῥήγιον

286 1604 499 1642 κικλήσκεται.
546 1607 632 1639 Quae
655 1607 760 1637 verba
784 1607 917 1638 odorati
934 1616 987 1638 su-

287 1666 360 1687 mus
375 1665 417 1687 ex
433 1656 609 1688 Strabonis
628 1657 714 1688 libro
732 1667 779 1689 νῐ.
803 1659 872 1689 Jos.
888 1658 970 1689 Scal.

334 1707 423 1742 Quod
449 1711 495 1738 est
525 1708 636 1739 Groece
667 1709 803 1749 ραταῖαι]
845 1709 985 1749 Optime

288 1758 412 1799 Scalig.
430 1758 572 1798 ῥαγῆναι.
616 1758 725 1800 quue
743 1769 785 1790 ex
803 1759 982 1799 JEschylo:

288 1808 447 1849 ἆπεῤῥάγη
470 1810 503 1840 'H
522 1810 598 1849 γαῖ’·
618 1810 671 1850 ἀφ’
687 1809 722 1841 οὗ
745 1811 780 1847 δὴ
802 1810 924 1849 Ῥήγιον
939 1823 983 1841 κι-

288 1858 471 1896 κλήσκεται.
508 1860 610 1900 Cujus
627 1865 797 1900 postrema
816 1862 919 1892 verba
937 1872 983 1892 re-

289 1911 357 1942 fert
371 1911 496 1942 Strabo
512 1911 569 1942 lib.
587 1921 637 1942 vr.
673 1911 848 1950 Ὠνομάσθη
871 1911 903 1943 δὲ
918 1913 983 1949 Ῥή-

288 1973 369 2001 γιον,
383 1961 451 2000 εἴθ’,
462 1962 500 1992 ὡς
513 1961 607 2001 φησὶν
618 1962 787 2001 Αἰσχύλος,
799 1963 847 1994 διὰ
857 1964 894 1993 τὸ
909 1975 984 2001 συμ-

289 2011 349 2047 βὰν
363 2011 457 2043 πάθος
472 2013 517 2052 τῇ
540 2011 626 2053 χώρᾳ
650 2012 759 2054 ταύτῃ.
778 2013 986 2053 ἀποῤῥαγῆναι

289 2061 350 2101 γὰρ
376 2061 436 2092 ἀπὸ
457 2063 514 2098 τῆς
536 2062 663 2102 ἠπείρου
685 2063 743 2100 τὴν
766 2064 910 2096 Σικελίαν
925 2064 986 2096 ἀπὸ

290 2114 435 2153 σεισμῶν,
452 2111 545 2144 ἄλλοι
559 2125 606 2151 τε,
619 2113 755 2146 κάκεῖνος
766 2116 896 2156 εἴρηκεν·
918 2116 987 2156 Ἀφ’

291 2162 327 2194 οὗ
342 2163 378 2200 δὴ
392 2163 514 2202 Ῥήγιον
529 2163 743 2205 κικλήσκεται,
757 2169 821 2197 &c.
859 2166 900 2197 Id
922 2171 988 2207 est,

291 2215 300 2232 ‘
316 2215 484 2246 Vocatum
515 2219 626 2246 autem
656 2216 836 2256 Rhegium,
870 2221 908 2247 ut
939 2217 988 2247 ait

291 2265 482 2306 AEsehylus,
497 2265 549 2296 vel
564 2266 605 2296 ab
620 2275 672 2306 eo,
691 2267 778 2307 quod
794 2267 840 2297 illi
859 2267 987 2308 regioni

291 2317 427 2348 accidit.
456 2316 543 2347 Nam
559 2316 737 2357 abruptam
756 2327 775 2348 a
789 2317 985 2349 continente

290 2367 439 2398 Siciliam
456 2370 557 2397 terrae
574 2367 718 2397 motibus
733 2377 808 2398 cum
830 2367 900 2407 alii,
916 2371 986 2399 tum

291 2418 365 2458 ipse
383 2416 578 2448 affirmavit:
614 2417 714 2448 Unde
736 2417 871 2458 quidem
889 2427 986 2449 voea-

292 2474 348 2501 tur
366 2467 554 2510 Rhegium.'
600 2469 667 2501 Qui
693 2469 785 2500 locus
811 2469 986 2500 Strabonis

292 2520 439 2560 pessime
477 2518 519 2549 ab
550 2518 792 2559 interpretibus
825 2524 987 2560 acceptus

294 2574 359 2600 est.
402 2568 584 2608 Snbjungit
598 2568 686 2598 idem
703 2568 826 2599 Strabo
843 2568 954 2600 forsan
970 2580 989 2601 a

296 2630 379 2652 voce
396 2620 518 2651 Latina
533 2629 606 2658 rege
618 2628 738 2650 nomen
756 2619 829 2650 urbi
846 2619 989 2651 inditum

296 2676 437 2711 propter
465 2670 530 2701 loci
562 2670 790 2710 splendorem,
809 2675 844 2701 et
865 2676 991 2702 utram-

297 2731 361 2763 que
386 2721 456 2761 ejus
480 2721 683 2753 sententiam
709 2719 808 2753 affert
838 2721 991 2755 Eustath·

1038 1200 1069 1230 in
1090 1198 1286 1240 Dionysium
1303 1206 1338 1239 p.
1355 1201 1408 1230 48.
1453 1196 1519 1228 Sed
1537 1199 1571 1228 et
1594 1194 1733 1227 Strabo-

1037 1260 1112 1281 nem
1130 1255 1163 1281 et
1181 1250 1394 1282 Eustathium
1416 1256 1552 1280 movere
1574 1246 1736 1284 debebat,

1038 1300 1127 1342 quod
1152 1306 1314 1342 perpetuo
1340 1298 1452 1330 Latini
1480 1297 1635 1337 Rhegium
1657 1305 1734 1327 cnm

1036 1352 1245 1393 aspiratione
1263 1348 1587 1392 scripserunt,quod
1605 1357 1669 1379 non
1687 1346 1734 1377 fe-

1037 1404 1163 1435 cissent
1182 1404 1209 1434 si
1225 1413 1244 1434 a
1260 1412 1339 1443 rege
1356 1401 1485 1432 dictum
1504 1399 1736 1440 opinarentur.

1036 1453 1163 1485 Justin.
1178 1452 1237 1484 lib.
1248 1461 1302 1483 111.
1326 1452 1334 1467 ‘
1349 1451 1512 1491 Rhegium
1522 1450 1645 1480 dicitur
1657 1448 1735 1479 ideo

1037 1503 1114 1544 quia
1131 1504 1253 1534 Graece
1270 1502 1415 1542 abrupta
1431 1501 1493 1531 hoc
1509 1499 1641 1530 nomine
1658 1507 1736 1539 pro-

1038 1552 1263 1585 nuntiantur.'
1309 1552 1503 1592 Utrumque
1531 1550 1633 1580 etiam
1662 1553 1735 1588 ety-

1039 1615 1116 1636 mon
1144 1604 1294 1645 respexit
1317 1602 1469 1641 Verrius,
1495 1610 1571 1632 cum
1599 1600 1737 1640 scripsit

1039 1656 1202 1695 Rhegium
1221 1653 1412 1694 significare
1438 1656 1595 1692 oportere
1617 1650 1649 1680 id
1666 1659 1736 1680 mu-

1039 1706 1213 1746 nicipium,
1232 1703 1331 1745 ,quod
1359 1713 1378 1733 a
1402 1703 1542 1743 regione
1563 1700 1699 1736 Siciliae,
1717 1710 1736 1730 a

1039 1766 1119 1788 voce
1140 1758 1263 1788 Graeca
1280 1756 1422 1795 ῥαγῆναι,
1438 1764 1479 1785 eo
1492 1753 1596 1793 magis
1611 1752 1685 1793 quia
1704 1751 1736 1782 in

1040 1807 1154 1838 Gallia
1181 1807 1357 1847 Cisalpina
1382 1806 1490 1836 forum
1520 1803 1640 1845 Lepidi
1671 1803 1738 1834 Re-

1040 1858 1129 1898 gium
1149 1862 1302 1897 vocatur,
1316 1866 1334 1886 a
1350 1865 1432 1887 voce
1454 1855 1572 1886 Latina
1588 1863 1660 1893 rege
1676 1853 1738 1884 sci-

1040 1909 1133 1939 licet.
1180 1908 1268 1938 Nam
1297 1907 1348 1937 his
1379 1906 1488 1937 verbis
1515 1915 1572 1937 eos
1600 1903 1738 1944 refellit,

1040 1959 1095 1999 qui
1127 1958 1281 1996 Rhegium
1311 1967 1331 1987 a
1353 1966 1426 1995 rege
1456 1955 1523 1986 dici
1555 1955 1619 1985 rati
1650 1959 1740 1994 sunt,

1041 2014 1075 2039 et
1103 2009 1176 2039 liaec
1204 2007 1268 2038 fuit
1298 2007 1468 2038 sententia
1498 2005 1613 2036 Verrii
1641 2014 1740 2046 qnam

1040 2068 1160 2100 parum
1176 2058 1333 2089 videntur
1355 2057 1563 2097 interpretes
1587 2054 1738 2086 animad-

1042 2110 1196 2141 vertisse.
1243 2109 1343 2140 Nunc
1360 2107 1403 2138 de
1427 2107 1552 2144 Sicilia,
1568 2116 1609 2137 an
1631 2106 1739 2137 conti·

1042 2160 1137 2191 nenti
1155 2159 1303 2199 abrupta
1317 2158 1432 2198 fuerit,
1446 2158 1552 2188 multa
1568 2156 1645 2187 addi
1664 2166 1738 2197 pos-

1040 2215 1129 2246 sent,
1145 2210 1203 2241 sed
1222 2209 1315 2249 vide,
1331 2209 1358 2239 si
1375 2209 1470 2248 libet,
1488 2208 1682 2240 Cluverium
1702 2213 1738 2239 et

1041 2261 1287 2300 Valgarneram
1305 2264 1446 2291 tractat.
1463 2258 1506 2289 de
1523 2257 1638 2299 primis
1654 2257 1739 2289 Sici-

1041 2310 1096 2341 liae
1112 2310 1244 2342 incolis.
1270 2311 1349 2341 Dae.

1082 2366 1097 2387 ‘¹
1122 2359 1372 2399 Rhinocerotem]
1411 2357 1557 2390 vidend.
1574 2358 1662 2390 Plin.
1678 2358 1737 2390 lib.

1041 2421 1120 2443 vin.
1136 2421 1213 2451 cap.
1229 2414 1284 2442 20.
1306 2411 1384 2442 Ant.
1402 2410 1488 2448 Aug.

1085 2461 1337 2501 Rhinocerotem]
1363 2461 1442 2492 Non
1459 2459 1666 2502 AEgyptinm,
1679 2460 1739 2491 sed

1042 2512 1268 2552 AEtliiopicum
1286 2516 1387 2542 vocat
1410 2511 1555 2542 Pausan.
1573 2509 1740 2550 ῥινόκερως.

1043 2574 1062 2595 a
1090 2563 1148 2604 ῥὶν,
1180 2561 1269 2602 ῥινὸς,
1299 2562 1400 2602 naris,
1431 2566 1465 2592 et
1492 2560 1591 2601 κέρας,
1622 2571 1737 2593 cornu.

1044 2614 1133 2647 Quia
1158 2623 1200 2645 ex
1224 2613 1294 2654 ejus
1320 2622 1400 2644 nare
1428 2622 1532 2644 cornu
1558 2612 1738 2654 prominet.

1046 2665 1128 2697 Dae.
