1876 3025
255 178 316 209 DE
350 172 621 205 VERBORUM
654 168 1063 202 SIGNIFICATIONE
1099 167 1192 197 Ltss.
1226 166 1356 197 XVII.

1435 155 1520 197 909

140 270 359 314 conductos
380 266 566 316 mercede,
587 265 657 321 qui
688 264 743 305 ad
775 265 951 305 arbores
986 261 1207 316 fulguritas
1229 267 1301 300 aut
1331 259 1521 313 piacula-

140 340 248 379 rium
278 337 593 378 commissarum
623 346 744 373 causa
765 330 960 384 sacr-ficia
983 327 1164 384 quadam
1201 332 1317 368 strue
1349 332 1389 368 et
1403 325 1522 380 ferto

139 405 377 447 solemnibus
390 401 519 443 verbis
538 401 719 448 faciunt,
735 413 878 453 precor
894 404 945 447 te,
966 396 1001 437 J
1003 395 1177 449 uppiter‚
1191 396 1253 435 uti
1267 393 1372 434 mihi
1391 392 1523 432 voleus

135 471 341 528 propitius
359 470 447 520 sies,
467 468 575 523 quod
593 474 631 508 et
648 468 764 508 nullo
785 463 1064 519 etiamfiebat
1098 461 1278 503 adhibito
1306 461 1523 501 struferta-

139 540 219 580 rio.

88 605 274 648 Suberies
289 610 307 633 y
327 602 484 643 arboris
499 615 626 657 genus
647 614 705 642 ex
725 614 811 654 qua
843 604 993 641 cortex
1021 597 1248 638 natatorius
1278 594 1522 636 detrahitur.

736 726 879 758 NOTAE

86 815 204 847 preces
242 814 376 846 precor,
405 806 469 835 &c.
512 804 671 834 Ferctum
701 801 780 834 Jovi

86 861 233 894 moveto,
249 861 285 886 et
300 860 449 885 mactato
464 854 534 884 sic:
557 853 731 893 Juppiter,
749 857 781 883 te

85 906 150 936 hoc
166 904 273 935 fercto
296 903 505 934 obmovendo
536 903 640 934 bonas
664 911 781 942 preces

86 963 220 994 precor,
234 954 283 984 uti
299 954 364 984 sies
377 953 490 984 volens
507 952 674 993 propitius
690 951 782 991 mibi,

86 1005 271 1044 liberisque
310 1003 407 1041 meis,
442 1003 553 1042 domo,
580 1002 782 1042 familiaeque

42 1090 47 1093 ,
86 1064 189 1086 meae:
215 1059 345 1085 mactus
372 1053 435 1084 hoc
464 1052 598 1093 fercto,’
620 1054 684 1083 &c-
705 1054 782 1083 Ant.

89 1105 176 1144 Aug.

130 1155 371 1196 Strufertarios]
406 1154 629 1193 Strusertarios
664 1153 785 1193 antiqui

88 1206 175 1238 soliti
198 1210 270 1237 sunt
293 1207 447 1246 appellare
470 1206 607 1236 homines
629 1205 784 1235 conducti-

87 1258 159 1296 tios,
174 1258 226 1297 qui
242 1259 282 1287 ad
297 1258 390 1295 lucos,
405 1257 453 1287 vel
468 1256 590 1286 arbores
597 1254 785 1294 fulguritas,

88 1311 143 1338 aut
176 1308 382 1347 piacularium
421 1306 648 1336 commissarum
682 1313 785 1338 causa,

87 1362 175 1389 strue
191 1363 220 1389 et
225 1359 313 1396 ferto
333 1367 421 1389 sacra
439 1357 577 1396 faciunt,
594 1357 642 1387 his
664 1355 785 1386 verbis:

93 1410 157 1440 Oro
179 1412 219 1449 te,
235 1408 373 1448 Jupiter,
397 1408 445 1439 uti
464 1407 540 1438 milti
562 1406 663 1437 volens
683 1405 786 1446 propi-

89 1463 154 1493 tius
178 1463 242 1493 sis.-
264 1463 342 1502 quod
367 1465 398 1492 et
422 1461 507 1492 nullo
532 1459 626 1490 etiam
648 1458 787 1489 adhibito

89 1512 285 1550 strufertario
303 1510 415 1552 fiebat.
459 1510 546 1541 Haec
577 1509 717 1540 Festus:
751 1511 788 1538 ut

90 1566 252 1601 appareat
264 1561 391 1601 majora
402 1560 511 1600 spatia
524 1559 556 1589 in
567 1558 719 1589 editione
736 1566 787 1587 re-

89 1611 172 1642 licta
188 1620 276 1649 esse,
291 1620 389 1651 qnam
413 1619 496 1650 opus
521 1609 566 1640 sit
583 1608 624 1638 ad
643 1617 696 1648 ea,
712 1617 787 1648 quae

91 1661 343 1697 desiderantur,
360 1660 536 1701 capienda.
581 1660 633 1690 Ex
645 1659 695 1689 his
710 1668 788 1698 cog-

90 1711 272 1746 noscimus,
287 1716 447 1751 quantum
460 1710 594 1741 odorari
608 1708 789 1749 potuimus,

92 1760 309 1798 strufertarios
335 1759 452 1797 fuisse,
473 1759 529 1798 qui
555 1757 789 1798 hujuscemodi

93 1810 327 1850 superstitioni
357 1809 521 1840 obeundae
548 1818 669 1849 operas
700 1809 789 1838 loca-

92 1859 194 1890 bant:
221 1869 303 1899 quos
320 1859 463 1889 Fertores
479 1859 581 1889 etiam
598 1858 721 1898 dictos,
737 1867 790 1887 su-

93 1909 209 1949 perius
227 1917 269 1938 ex
286 1908 417 1939 Isidoro
444 1908 644 1939 notavimus.
690 1906 788 1939 Quod

94 1959 182 1989 enim
198 1959 333 1988 arbores
358 1957 527 1998 fulguritae
552 1958 695 1998 piaculis
713 1967 789 1998 pro-

93 2008 204 2039 curari
219 2009 327 2040 solitae
350 2014 475 2048 essent,
491 2014 606 2040 notum
631 2014 694 2048 est,
711 2019 787 2040 cum

94 2068 136 2090 ex
153 2059 225 2090 aliis
236 2059 398 2091 Veterum
411 2059 649 2098 monumentis,
661 2063 731 2090 tum
744 2069 788 2089 ex

92 2108 222 2143 tabula,
238 2118 313 2149 quae
332 2109 445 2139 Romae
462 2114 541 2140 ante
557 2109 615 2140 hos
633 2118 668 2140 v.
684 2118 787 2140 annos

93 2157 215 2189 effossa
232 2163 304 2189 est:
328 2168 427 2199 quam
443 2159 523 2189 milii
544 2158 787 2189 eruditissimus

94 2219 134 2240 ac
148 2218 317 2250 nunquam
329 2210 411 2240 satis
427 2210 584 2241 laudatus
598 2211 648 2242 Cl.
663 2210 790 2241 Putea-

94 2269 157 2290 nus
174 2260 453 2291 communicavit:
479 2261 513 2290 in
526 2270 565 2291 ea
581 2261 723 2300 primum
741 2261 790 2290 ita

94 2309 243 2349 legitur:
270 2310 345 2341 1111.
370 2318 419 2340 ιι).
435 2318 515 2340 nEc.
539 2318 708 2340 FRATRES.
724 2318 789 2340 AR-

98 2367 178 2390 VAE.
194 2367 244 2389 ιΝ,
258 2368 360 2390 cho.
376 2367 483 2390 DEAE.
500 2367 682 2390 DrAE.V1A.
696 2368 787 2390 CAM-

98 2417 208 2439 ΡΑΝΑ.
224 2417 333 2440 APVD.
351 2418 429 2441 LAP.
446 2419 481 2441 v.
498 2418 700 2441 CONVENER.
717 2418 788 2440 PER

97 2467 128 2491 c.
144 2467 250 2489 Pone.
267 2468 433 2490 PmsCVM.
450 2468 541 2490 tvnc.
560 2468 612 2490 ET.
632 2468 700 2489 1131.
728 2467 788 2489 IM-

98 2517 236 2539 MOLAv.
266 2516 375 2541 Qvon.
405 2517 464 2539 ΑΒ.
494 2518 588 2540 1CTv.
616 2517 788 2540 FVLMile

98 2566 270 2589 ARBORES.
295 2566 390 2588 Lvm.
417 2567 528 2589 SACRl.
546 2567 581 2589 D.
604 2568 639 2589 D.
659 2567 788 2590 ATTAc·

96 2617 179 2639 ΤΑΕ.
195 2617 418 2639 ARDVERINT.
433 2616 594 2641 EARVMQ.
606 2618 788 2640 ARBORVM

99 2666 423 2689 ADOLEFACTARVM.
449 2667 505 2688 ET.
537 2666 790 2691 cornavnnnA·

99 2716 194 2740 RVM.
210 2716 262 2739 ET.
278 2717 330 2741 ιΝ.
348 2716 405 2739 Eo.
422 2716 523 2739 cho.
540 2715 664 2740 SACRo.
680 2717 789 2740 ALiAE

830 810 921 832 erT.
946 809 1154 832 REPOSi'rAE.
1170 803 1233 832 ὅτε.
1276 798 1413 830 Deinde
1438 796 1524 828 infra

829 852 862 882 in
888 851 1005 882 eadem
1037 851 1152 882 tabula
1187 850 1285 881 struis
1316 849 1439 880 mentio
1465 847 1521 878 fit:

830 909 965 932 1MMOL.
986 909 1076 932 IPSO.
1100 909 1188 932 MAG.
1210 908 1369 931 PORCAM.
1386 907 1440 930 ET.
1462 906 1524 928 AG·

831 960 923 982 ΝΛΜ.
952 960 1090 982 s'errss.
1121 960 1300 982 EFFERTts.
1330 953 1393 982 &c.
1423 959 1525 989 quan-

832 1010 930 1041 quam
945 1001 1048 1031 miror
1060 1001 1194 1031 struibus
1205 1000 1336 1041 effertis,
1351 1009 1414 1030 non
1431 999 1526 1030 strui-

832 1050 888 1081 bus
915 1053 945 1080 et
961 1050 1060 1088 fertis
1087 1051 1120 1081 in
1144 1060 1183 1081 ea
1213 1051 1328 1081 tabula
1356 1049 1526 1088 sculptum

832 1100 948 1131 fuisse.
994 1101 1072 1131 Non
1103 1102 1223 1138 solum,
1254 1101 1363 1140 inquit
1394 1099 1527 1139 Festus,

832 1149 874 1181 ad
901 1151 1038 1181 arbores
1070 1150 1249 1190 fulguritas
1279 1148 1440 1180 struferta
1469 1148 1528 1178 fie-

834 1200 927 1239 bant,
947 1200 1006 1230 sed
1028 1205 1063 1231 et
1089 1200 1311 1240 piacularium
1337 1199 1529 1230 commissa-

834 1259 905 1280 rum
919 1259 1030 1280 causa.
1075 1250 1161 1280 Sane
1176 1250 1239 1280 hoc
1257 1259 1371 1280 verum
1390 1258 1462 1278 esse
1476 1248 1529 1278 vel

833 1309 875 1331 ex
890 1309 953 1331 uno
967 1300 1097 1331 Catone
1113 1304 1219 1340 patet,
1232 1299 1287 1339 qui
1301 1303 1427 1329 struem
1440 1307 1531 1328 com-

834 1350 961 1380 moveri
980 1349 1082 1389 jubet
1113 1359 1171 1389 pro
1200 1349 1373 1379 commisso
1405 1348 1530 1387 impru-

835 1400 957 1431 denter
972 1400 1104 1440 piaculo
1116 1399 1166 1430 his
1182 1398 1315 1429 verbis:
1335 1398 1388 1429 ‘Si
1400 1397 1480 1438 quid
1497 1399 1531 1428 in

835 1451 926 1481 hisce
956 1449 1209 1480 suovetaurilib.
1242 1449 1318 1489 erit,
1349 1448 1438 1489 quod
1468 1457 1531 1478 nee

837 1506 930 1531 recte
946 1498 1152 1538 factumsit,'
1176 1504 1212 1530 et
1224 1503 1361 1530 cetera:
1385 1497 1471 1528 unde
1482 1498 1531 1528 ait

836 1551 969 1586 Festus,
996 1550 1098 1580 etiam
1129 1550 1199 1579 sine
1228 1548 1440 1580 strufertario
1469 1549 1532 1580 hoc

836 1600 929 1631 fieri:
953 1600 1016 1631 hoc
1041 1605 1106 1638 est,
1133 1600 1203 1629 siue
1230 1599 1362 1629 homine
1385 1598 1531 1629 conduc-

837 1652 936 1683 titio:
960 1654 1073 1681 recte:
1098 1659 1172 1680 nam
1191 1648 1434 1689 paterfamilias
1459 1649 1532 1689 ipse

837 1702 899 1732 hoc
926 1709 986 1740 pro
1007 1704 1077 1730 tota
1094 1698 1224 1730 familia
1240 1709 1303 1730 non
1329 1709 1403 1729 raro
1428 1698 1531 1729 facie-

837 1751 906 1782 bat.
951 1749 1057 1789 Cujus
1088 1749 1280 1789 exemplum
1310 1749 1412 1780 habes
1442 1748 1532 1790 apud

837 1800 981 1831 eundem
1005 1799 1177 1829 Catonem.
1199 1799 1267 1828 Jos.
1283 1798 1365 1829 Scal.

880 1849 1117 1889 Str-ufertarz'os]
1144 1849 1229 1887 Ista,
1244 1849 1285 1879 Te
1303 1859 1423 1888 precor,
1439 1849 1532 1889 Jupi-

838 1904 898 1939 ter,
911 1900 957 1931 uti
972 1899 1059 1939 mihi,
1075 1902 1126 1940 ὅγε.
1155 1900 1313 1930 Solennia
1330 1900 1533 1939 precationis

840 1951 947 1981 verba
969 1955 1058 1987 sunt,
1073 1954 1111 1980 ut
1129 1949 1217 1989 apud
1236 1950 1423 1980 Catonem:
1446 1948 1455 1964 ‘
1471 1948 1532 1980 Ju-

841 2000 945 2040 piter,
958 2005 992 2030 te
1008 1999 1068 2030 hoc
1086 1999 1194 2030 fercto
1204 1999 1412 2030 obmovendo
1431 1999 1534 2030 bonas

841 2059 962 2091 preces
982 2059 1113 2090 precor,
1129 2049 1178 2080 uti
1201 2051 1265 2080 sies
1289 2050 1400 2080 volens
1422 2049 1534 2090 propi-

841 2101 908 2132 tius
931 2101 1024 2141 mihi,
1039 2101 1222 2141 liberisque
1237 2100 1332 2136 meis,
1352 2099 1463 2138 domo,
1486 2098 1534 2130 fa-

839 2151 1009 2192 miliaeque
1022 2151 1132 2190 meae,'
1145 2153 1208 2181 Sec.
1255 2150 1384 2180 Fertum
1408 2156 1534 2190 autem,

842 2203 911 2233 sive
930 2202 1064 2240 fortum,
1090 2202 1161 2232 sive
1182 2201 1331 2239 fore-tum,
1358 2210 1418 2240 pro
1445 2201 1532 2231 bono

843 2254 973 2284 dictum
999 2253 1134 2293 putavit
1162 2253 1302 2283 Salmas.
1332 2260 1429 2292 quem
1455 2250 1533 2280 vide

843 2304 885 2335 ad
918 2303 1023 2334 SolIn.
1076 2302 1144 2333 Sed
1179 2302 1297 2333 melius
1335 2301 1458 2332 Festus
1495 2301 1528 2331 in

842 2360 851 2373 ‘
870 2353 1052 2385 Ferctum.'
1072 2354 1154 2384 Dae.

883 2410 897 2432 Υ
919 2405 1078 2445 Suberies]
1096 2405 1136 2435 In
1152 2403 1314 2444 reliquiis,
1327 2413 1400 2443 quae
1413 2408 1533 2444 postea

841 2461 971 2497 extant,
987 2456 1217 2486 nihilomnino
1244 2455 1391 2495 pertinet
1414 2455 1454 2484 ad
1480 2465 1531 2484 su-

841 2507 975 2546 periora
987 2505 1028 2536 de
1040 2505 1267 2542 strufertariis:
1290 2504 1363 2542 sed,
1376 2506 1408 2534 ni
1423 2504 1534 2542 fallor,

841 2557 888 2587 ita
917 2557 1038 2586 Festus
1069 2557 1273 2595 scripserat:
1300 2554 1408 2593 Suber,
1433 2554 1534 2593 arbor,

841 2617 881 2638 ex
904 2616 962 2647 qua
981 2609 1086 2636 cortex
1099 2606 1260 2644 deripitur.
1306 2604 1441 2634 Deinde
1460 2610 1532 2633 ute—

841 2657 941 2687 batur
958 2656 1146 2686 testimonio
1162 2654 1292 2686 Lucilii.
1328 2655 1446 2693 Neque
1462 2658 1534 2683 tan-

843 2712 914 2738 tum
929 2706 990 2737 hoc
1006 2706 1079 2736 loco
1092 2704 1338 2737 incommodum
1355 2709 1532 2743 acceptum
