1876 3025
284 127 397 167 1142
736 134 885 166 SEXTI
918 133 1119 164 POMPEH
1154 133 1290 164 Fsssn

285 230 569 286 pontificalis.
630 230 805 272 Sarissa
825 234 892 270 est
910 229 1048 270 hastae
1070 229 1372 271 Macedonicae
1394 243 1544 281 genus.
1597 231 1732 272 Sacer

284 313 408 341 mons
431 299 682 353 appellatur
701 302 819 338 trans
842 295 1071 346 Anienem,
1105 297 1237 350 paulo
1258 297 1374 338 ultra
1397 298 1568 338 tertium
1591 298 1735 338 milia·

286 369 424 419 rium3
448 367 567 420 quod
590 380 688 407 eum
709 365 879 418 plebes,
902 377 1002 405 cum
1025 366 1280 406 secessisset
1297 378 1322 405 a
1341 367 1552 419 patribus,
1575 364 1735 406 creatis

287 435 380 476 TR.
401 436 562 488 plebis,
586 434 663 487 qui
684 434 768 474 sibi
789 437 938 474 essent
960 434 1141 484 auxilio,
1161 433 1437 474 discedentes
1459 434 1564 475 Jovi
1581 447 1735 475 conse-

291 507 536 544 craverunt.
594 501 656 542 At
676 501 808 542 homo
828 513 952 542 sacer
978 501 1016 541 is
1036 504 1116 550 est,
1149 514 1274 554 quem
1296 501 1488 553 populus
1515 501 1737 554 judicavit

291 571 347 610 ob
371 570 650 619 maleficium,
670 582 770 622 neq.
790 569 858 609 fas
881 571 947 609 est
963 582 1061 609 eum
1083 568 1324 619 immolari3
1348 568 1443 617 sed,
1466 570 1541 621 qui
1562 568 1737 619 occidit,

291 637 516 691 parricidii
537 649 624 677 non
646 636 900 677 damnatur:
933 649 1034 676 nam
1069 636 1168 687 lege
1197 635 1429 676 tribunicia
1453 636 1591 689 prima
1612 649 1740 677 cave·

292 709 374 753 tur,
406 705 444 744 si
475 704 573 757 quis
606 717 721 753 eum,
743 704 819 757 qui
851 717 904 744 eo
936 704 1085 757 plebei
1117 703 1230 743 scito
1263 715 1385 743 sacer
1414 702 1485 752 sit,
1515 702 1737 752 occiderIt,

294 771 517 826 parricida
537 785 589 812 ne
613 772 693 812 sit:
717 785 774 812 ex
796 785 883 825 quo
902 772 1050 825 quivis
1070 772 1199 812 homo
1222 770 1378 820 malus,
1401 776 1489 823 atq.
1512 771 1740 823 improbus

294 851 421 879 sacer
446 839 659 892 appellari
693 840 819 880 solet,
850 839 973 892 [129]
996 839 1155 879 Gallus
1186 838 1330 878 AElius
1355 839 1416 878 ait
1438 850 1609 878 sacrum
1641 850 1741 877 esse

295 919 556 961 quocunque
589 907 722 948 modo
760 912 851 961 atq.
886 907 1080 948 instituto
1112 906 1306 947 civitatis
1337 910 1641 946 consecratum
1669 904 1740 953 sit,

294 974 387 1014 sive
411 974 536 1025 fedis,
560 975 654 1016 sive
683 988 773 1024 ara,
796 975 889 1015 sive
912 975 1096 1026 signum,
1115 974 1207 1014 sive
1224 971 1404 1022 locum‚⁶
1427 972 1519 1012 sive
1535 972 1741 1024 pecunia,

296 1041 390 1082 sive
409 1042 513 1095 quid
533 1043 653 1083 aliud
677 1042 795 1096 quod
828 1042 910 1083 Dis
931 1042 1201 1090 dedicatum,
1224 1046 1316 1094 atq.
1338 1043 1638 1080 consecratum
1662 1039 1741 1079 sit:

298 1109 417 1162 quod
434 1113 577 1150 autem
594 1110 768 1163 privati,
792 1122 884 1149 suae
906 1109 1127 1160 religionis
1152 1121 1300 1155 causa,
1322 1107 1487 1160 aliquid
1505 1119 1654 1148 earum
1677 1119 1744 1146 re-

297 1191 391 1218 rum
421 1178 516 1218 Deo
548 1178 762 1227 dedicent,
793 1177 838 1217 id
870 1177 1109 1217 Pontifices
1138 1176 1367 1216 Romanos
1390 1188 1475 1215 non
1497 1175 1746 1215 existimare

301 1256 498 1285 sacrum:
539 1250 586 1286 at
618 1247 654 1286 si
688 1259 777 1299 qua
810 1258 936 1285 sacra
961 1245 1134 1297 privata
1159 1246 1397 1296 succepta⁷
1432 1245 1545 1291 sunt,
1567 1254 1667 1294 quae
1690 1252 1747 1280 ex

300 1312 499 1353 instituto
522 1312 783 1353 Pontificum
807 1316 925 1352 stato
947 1312 1031 1361 die,
1051 1316 1127 1351 aut
1149 1315 1270 1351 certo
1291 1311 1391 1351 loco
1414 1309 1616 1350 facienda
1647 1308 1747 1355 sint,

306 1391 359 1419 ea
379 1392 504 1420 sacra
526 1381 754 1433 appellari,
777 1383 997 1433 tamquam
1018 1379 1303 1420 sacrificium:
1344 1378 1415 1418 ille
1434 1378 1576 1426 locus,
1598 1376 1674 1416 ubi
1695 1388 1747 1415 ea

304 1458 432 1486 sacra
449 1447 622 1499 privata
643 1446 848 1487 facienda
870 1450 986 1495 sunt,
1006 1447 1085 1487 vix
1103 1446 1269 1486 videtur
1288 1458 1409 1485 sacer
1422 1458 1531 1485 esse.
1592 1444 1747 1484 Sacra-

303 1513 349 1553 ni
369 1514 575 1566 appellati
601 1521 703 1555 sunt
733 1513 872 1554 Reate
903 1514 1001 1563 orti,
1034 1514 1107 1567 qui
1141 1527 1197 1554 ex
1233 1512 1524 1566 Septimontio
1555 1512 1750 1564 Ligures,

307 1579 527 1635 Siculosq.
546 1587 795 1634 exegerunt,
813 1595 911 1622 nam
934 1595 1033 1622 vere
1056 1595 1182 1622 sacro
1205 1581 1291 1622 nati
1314 1585 1452 1621 erant.
1518 1579 1751 1631 Sagmina⁰

306 1655 521 1689 vocantur
543 1650 758 1699 verbenae,
781 1649 824 1689 id
845 1655 925 1698 est,
946 1651 1090 1690 herbae
1108 1663 1245 1703 purae,
1268 1649 1371 1702 quia
1393 1661 1449 1688 ex
1469 1648 1571 1688 loco
1594 1648 1750 1686 sancto

307 1716 565 1758 arcebantur
595 1730 621 1758 a
655 1717 858 1767 Consule,
893 1718 1157 1767 Praetoreve,
1187 1718 1343 1769 legatis
1377 1714 1752 1769 proficiscentibus

308 1783 365 1823 ad
388 1784 529 1824 foedus
554 1785 820 1834 faciendum,
841 1786 1052 1839 bellumq.
1074 1785 1346 1826 indicendum
1369 1784 1434 1824 vel
1461 1796 1487 1823 a
1509 1781 1751 1822 sanciendo

308 1851 354 1890 id
388 1855 469 1900 est,
498 1852 803 1892 confirmando.
867 1853 1053 1894 Naevius
1084 1853 1140 1894 Λ8
1174 1853 1256 1893 Jus
1286 1854 1502 1892 sacratum
1523 1849 1654 1890 Jovis
1682 1849 1751 1902 ju-

309 1918 493 1958 randum
528 1920 737 1971 sagmine.
799 1920 991 1972 Sagaces
1029 1920 1302 1973 appellantur
1335 1918 1459 1958 multi
1486 1930 1536 1957 ac
1564 1916 1753 1957 sollertis

312 1987 543 2029 acuminis.
585 1986 794 2027 Afranius
816 1989 859 2027 in
882 1984 1173 2028 Brundisina:
1197 1987 1311 2037 Quis
1329 1992 1415 2026 tam
1439 1985 1586 2037 sagaci
1607 1983 1753 2034 corde,

311 2057 398 2106 atq.
428 2053 604 2105 ingenio
632 2055 776 2095 unico.
836 2056 1068 2096 Lucretius
1090 2056 1118 2095 l.
1143 2067 1197 2096 11.
1258 2054 1353 2094 Nec
1374 2053 1520 2093 minus
1548 2051 1644 2091 haec
1665 2051 1755 2091 ani-

311 2133 427 2160 mum
449 2121 566 2170 [¹30]
581 2134 844 2174 cognoscere
859 2136 974 2176 posse
986 2137 1181 2177 sagacem.
1244 2120 1438 2175 Sagacem
1453 2120 1583 2160 etiam
1602 2131 1754 2158 canem

315 2185 421 2227 dixit
542 2220 550 2228 .
644 2220 678 2241 -.
798 2220 807 2229 .
924 2222 934 2231 .
1052 2191 1243 2231 invictus
1278 2187 1405 2237 cauis,
1441 2201 1580 2241 sagax,
1611 2184 1757 2225 validis

313 2254 477 2296 viribus
499 2256 644 2297 fretus·
708 2256 819 2312 Saga
840 2271 993 2312 quoque
1015 2256 1167 2298 dicitur
1198 2256 1347 2297 mulier
1368 2256 1508 2309 perita
1539 2266 1756 2302 sacrorum,

907 2369 1145 2380 eeeeeeeeeeee

357 2434 377 2461 6
400 2430 422 2462 f.
440 2431 598 2462 l‹›cus.—7
622 2431 647 2463 f.
670 2437 881 2473 suscepta.—8
906 2433 931 2466 f.
949 2443 967 2465 Δ
985 2434 1110 2474 Scupos,
1126 2437 1188 2473 atq.
1206 2433 1350 2463 verbenas
1365 2431 1505 2469 sagmina
1519 2430 1722 2469 sumpserunt.

973 2531 1113 2563 NOTAE

359 2597 374 2612 0
412 2593 580 2635 Sagmina]
618 2595 762 2625 Versum
800 2596 926 2637 Naevii,
957 2597 1013 2637 qni
1067 2595 1150 2626 fides
1177 2595 1275 2635 alma,
1292 2598 1373 2636 apta
1397 2592 1520 2634 pinnis,
1537 2593 1572 2622 et
1586 2588 1756 2630 jusjuran-

318 2642 416 2673 deest
433 2643 465 2673 in
482 2643 683 2683 exemplari,
704 2646 734 2674 in
753 2646 902 2684 margine
919 2645 1012 2676 addi·
1067 2645 1145 2677 dum
1162 2643 1281 2678 Jovis.’

318 2692 425 2724 dimus
441 2703 482 2724 ex
496 2694 594 2725 Pauli
612 2693 772 2734 epitoma.
799 2695 941 2726 Cicero:
959 2696 967 2711 ‘
982 2696 1013 2727 Ο
