1876 3025
239 108 257 149 1
266 107 351 150 224

241 224 296 254 go,
309 217 449 245 auctore
468 213 585 252 Fabro,
601 212 634 243 in
652 213 767 251 Festo,
784 211 838 242 ubi
856 212 937 243 scri-

240 265 332 295 bitur
349 265 516 300 mutilate,
540 273 673 304 praesim.
686 285 694 294 .
707 285 715 294 .
727 285 735 294 .
748 272 840 301 porca
860 262 938 293 ‹lici-

241 319 302 353 tur,
319 319 354 347 ut
369 316 416 347 ait
437 316 599 352 Veranius,
620 323 686 344 non
703 313 938 351 dubitandum,

242 366 321 407 quin
338 365 517 407 legendnm
535 365 589 399 sit,
604 366 815 404 proesentanea
828 373 939 403 porca.-

241 416 403 456 adjicitur
419 416 520 456 enim,
533 415 612 456 quod
632 423 705 454 pars
721 415 860 454 quoedam
875 413 940 452 ejus

241 467 437 509 sacrificii-fit
454 467 486 498 in
502 468 663 505 conspectu
678 465 802 496 mortui.
815 466 940 496 Turne-

243 517 304 548 bus
322 518 377 549 lib.
392 526 470 548 Χνι.
487 526 562 557 cap.
579 518 629 546 22.

286 567 507 608 Praecidanea]
532 566 590 598 Ait
607 565 737 597 Nonius
753 566 941 603 Varronem

243 618 286 650 de
303 619 372 649 vita
388 618 429 649 P.
448 618 490 649 R.
508 618 595 648 libro
612 626 667 647 111.
685 617 731 647 sic
748 615 941 656 scripsisse:

242 669 252 686 ⁴
268 668 356 710 quod
372 669 530 699 humatus
547 677 613 698 non
629 667 684 706 sit,
706 667 821 697 heredi
840 676 943 706 porca

246 719 463 759 praecidanea
498 718 711 758 suscipienda
744 717 870 748 Telluri
907 721 942 747 et

245 770 384 808 Cereri3
410 770 509 800 aliter
526 768 652 800 familia
672 779 755 809 pura
779 778 845 798 non
867 767 943 799 est)

247 818 344 849 Hanc
383 828 518 860 porcam
559 819 702 855 Gellius,
742 819 875 858 Festus,
908 823 943 849 et

245 869 353 900 Varro
385 869 607 910 proecidaneam
646 873 780 906 vocant,
813 868 943 899 dissen-

246 918 356 950 tiente
378 920 566 959 Victorino,
595 919 649 960 qui
678 929 751 950 eam
778 920 944 960 appellari

242 969 463 1009 praecidariam
497 971 579 1008 vult,
615 979 679 1001 non
711 971 945 1010 proecidaneam,

246 1019 288 1050 (le
320 1019 574 1060 Orthographia
613 1021 800 1051 disserens:
842 1019 944 1050 fuisse

247 1080 381 1112 quoque
411 1081 544 1112 porcam
572 1072 683 1109 aliam,
701 1081 775 1112 quae
793 1072 826 1101 in
849 1081 884 1102 re
909 1076 945 1102 et

248 1127 405 1162 presente
423 1127 555 1153 mortuo
581 1121 830 1161 immolabatur,
849 1121 945 1152 testis

247 1177 298 1203 est
315 1173 402 1204 idem
419 1173 630 1211 Victorinus,
648 1183 787 1213 eamque.
807 1182 945 1213 proesen-

247 1225 369 1254 laneum
385 1225 546 1264 appellat.
594 1224 647 1254 De
672 1234 737 1264 qua
767 1233 870 1264 porca
885 1223 944 1254 du-

247 1272 338 1304 bium
370 1284 435 1305 non
468 1279 518 1305 est
546 1275 624 1314 quin
651 1274 796 1304 senserit
828 1274 946 1304 Festus

249 1333 323 1354 cum
341 1325 388 1356 sic
405 1325 589 1355 scriberet:
618 1325 718 1355 Proes.
733 1347 740 1354 .
754 1345 761 1353 .
774 1348 781 1355 .
793 1334 883 1365 porca
899 1325 946 1355 di-

248 1375 344 1413 citur,
373 1377 425 1415 sse.
450 1376 498 1406 ita
522 1377 608 1405 enim
638 1385 679 1405 ex
704 1375 873 1405 Victorini
904 1374 946 1405 de

250 1425 491 1465 orthographia
524 1425 607 1456 libro
640 1426 867 1455 restituendus
895 1431 948 1456 est

248 1475 301 1505 hic
319 1476 407 1506 Festi
427 1477 516 1506 locus
531 1487 537 1506 2
558 1476 778 1506 Proesentmwa
795 1486 887 1515 porca
900 1475 947 1506 di-

248 1526 342 1564 citnr,
361 1531 393 1556 ut
410 1527 455 1556 ait
474 1526 637 1565 Veranius,
651 1526 861 1566 quoesamilioe
874 1536 947 1566 pur-

246 1578 359 1614 gandoe
372 1586 462 1606 causti
479 1577 586 1607 Cereri
605 1576 797 1606 immolatur.-
814 1586 875 1607 ncc
889 1576 949 1607 dn-

251 1627 321 1657 bito
335 1628 412 1668 quin
428 1637 467 1658 ea
483 1628 654 1658 restitutio
671 1628 713 1658 sit
730 1632 763 1658 et
778 1628 818 1658 ad
837 1637 947 1659 veram

250 1678 349 1717 hujus
372 1679 498 1718 regnlae
531 1677 734 1708 sententiam
761 1687 948 1709 accommo-

251 1728 423 1759 datissima
440 1735 471 1759 et
491 1729 732 1760 vetustissima.
776 1729 949 1760 lem-ardus

250 1783 408 1810 comment.
445 1781 485 1810 ad
508 1781 560 1811 tit.
583 1781 620 1810 de
643 1789 709 1819 reg.
736 1779 804 1817 jur,
839 1781 879 1810 ml
910 1780 949 1810 L.

252 1838 438 1860 cxxxvttt.

296 1879 513 1920 Proeseut...]
538 1879 621 1910 Erat
642 1884 677 1910 et
699 1889 792 1919 porca
814 1890 950 1921 proesen-

251 1933 355 1968 tanen,
371 1930 464 1970 cnjus
483 1930 584 1969 vocis,
599 1940 673 1971 quae
691 1931 722 1960 in
741 1931 831 1962 Festi
848 1932 948 1962 Pom-

252 1981 317 2020 peii
349 1981 523 2012 codicibus
558 1980 784 2016 desideratur,
812 1982 949 2022 jactura

253 2042 294 2063 ex
314 2032 488 2063 Victorino
505 2033 537 2063 in
553 2033 637 2063 libro
652 2033 694 2063 de
711 2033 950 2074 orthographia

253 2084 430 2114 sarcienda
457 2089 518 2114 est.
542 2084 724 2114 Brissonius
750 2085 786 2115 de
802 2085 951 2122 formulis

253 2133 305 2164 lib.
329 2144 353 2165 1.

297 2185 388 2216 PAG.
406 2187 479 2215 630.
507 2185 734 2225 Proesiderare]
757 2186 880 2217 Similis
897 2191 949 2217 est

253 2236 342 2276 apud
370 2236 514 2266 Plinium
536 2237 765 2276 prochimasis,
792 2238 843 2268 cui
872 2247 948 2269 con-

255 2286 360 2317 traria
386 2286 599 2325 epichimasis
623 2292 694 2318 cst:
719 2287 750 2318 in
780 2288 836 2318 illa
861 2289 948 2319 enim

254 2338 436 2377 praecurrit
465 2341 661 2377 tempestas,
694 2338 726 2368 in
757 2338 819 2369 hac
860 2344 948 2378 post-

254 2388 360 2423 venit,
377 2392 476 2427 atque
503 2391 538 2417 nt
563 2387 643 2417 illud
668 2388 871 2427 pr‹esi‹lera1·e
887 2394 951 2428 est,

255 2439 302 2468 sic
317 2439 379 2468 hoc
391 2439 399 2453 ‘
413 2437 639 2477 postsiderare
650 2437 657 2449 ’
671 2438 737 2469 dici
753 2444 884 2478 posset:
900 2446 949 2469 et-

253 2489 278 2518 si
299 2489 414 2518 Festus
433 2488 464 2518 id
483 2489 514 2517 iu
538 2487 659 2526 hieme,
677 2488 804 2518 Plinius
821 2489 852 2519 iu
872 2489 949 2520 anui

256 2538 516 2578 tempestatibus
533 2539 669 2578 accipit.
716 2539 815 2571 Quod
838 2546 949 2570 autem

256 2599 274 2619 a
292 2589 456 2619 sideribus
474 2589 551 2619 oriri
574 2589 751 2621 videantur
768 2595 951 2630 tempesta·

257 2646 318 2679 tce,
335 2650 409 2670 cum
436 2640 486 2670 hae
514 2640 724 2680 praeteriere,
749 2640 951 2681 redditaque

257 2692 342 2722 caelo
372 2695 424 2722 cst
454 2701 514 2721 sua
545 2690 722 2730 screnum,
757 2690 949 2723 confectum

700 117 840 148 NOTAE
874 117 1095 148 VARIORU
1105 118 1135 147 M
1172 118 1218 147 {N

989 211 1081 243 sidus
1098 211 1166 242 dici
1183 211 1283 252 solet,
1307 214 1345 243 ut
1371 211 1460 243 itlem
1477 211 1607 243 Plinius
1625 212 1684 243 lib.

987 270 1098 292 xvut.
1114 270 1189 302 cap.
1204 264 1258 292 25.
1278 261 1391 293 tradit.
1412 262 1544 294 Turneb.
1557 262 1611 294 lib.
1627 271 1686 294 111.

986 323 1051 353 cap.
1065 315 1116 344 10.

1031 364 1124 395 ΡΑῡ.
1140 365 1217 394 637.
1243 363 1418 394 Prandium
1431 373 1471 394 ex
1489 364 1601 394 Groeco
1614 385 1620 393 .
1634 387 1642 395 .
1655 386 1661 394 .
1675 387 1684 396 .

989 414 1050 455 est]
1085 413 1185 447 Quod
1216 413 1271 444 hic
1300 413 1517 444 desideratur
1547 413 1687 444 verbum

990 466 1151 497 Graecum
1171 464 1317 496 nondum
1335 463 1431 505 potui
1449 464 1622 505 reperire:
1640 465 1689 495 ni-

991 516 1018 547 si
1049 516 1140 558 quod
1172 525 1215 547 ex
1244 515 1440 551 Plutarcho,
1468 515 1524 556 qui
1547 515 1690 546 eandem

992 568 1127 598 videtur
1144 567 1238 608 sequi
1256 566 1475 606 sententiam,
1491 566 1577 597 certi
1594 566 1689 607 quid-

992 618 1069 648 dam
1095 619 1178 649 licet
1193 617 1368 657 colligere.
1413 616 1448 647 Is
1465 617 1550 647 enim
1569 622 1691 647 octavo

991 669 1204 709 symposiaco
1226 667 1268 698 de
1291 667 1424 699 Graecis
1448 666 1577 708 aliquot
1599 666 1692 698 Lati-

993 729 1109 750 norum
1125 718 1366 750 vocabulorum
1380 718 1501 758 etymis
1514 717 1693 755 disserens,

992 770 1066 801 liaec
1098 769 1145 801 ait
1176 769 1220 800 de
1245 769 1408 809 prandio:
1437 767 1476 799 τὸ
1505 767 1539 798 δὲ
1564 766 1691 808 ἄριστον

995 820 1111 858 ἐκλήθη
1137 819 1287 860 Πράνδιον
1308 819 1369 851 ἀπὸ
1392 821 1450 857 τῆς
1476 819 1561 859 ὥρας.
1592 817 1708 849 ἔνδιον·

992 870 1055 912 ’γὰρ
1079 871 1116 902 τὸ
1139 870 1281 909 δειλινὸν,
1303 870 1354 902 καὶ
1381 871 1440 908 τὴν
1468 870 1536 909 μετ’
1561 869 1691 910 ἄριστον

994 921 1163 952 ἀνάπαυσιν
1177 920 1339 960 ἐνδιάζειν,
1362 921 1382 958 ἢ
1403 919 1534 961 πρωϊνήν
1547 932 1618 951 τινα
1634 932 1692 956 ση-

993 971 1151 1011 μαίνοντες
1174 972 1287 1009 ἐδωδὴν
1309 971 1328 1009 ἢ
1343 971 1474 1012 τροφὴν,
1496 968 1519 1013 ᾗ
1540 972 1690 1011 χρῶνται,

994 1023 1063 1064 πρὶν
1090 1024 1200 1054 ἐνδεεῖς
1224 1022 1379 1062 γένεσθαι.
1407 1023 1526 1064 quibus
1553 1021 1692 1063 quidem

996 1074 1102 1105 veihis
1117 1074 1288 1112 duplicem
1307 1071 1574 1104 videtui-afferre
1593 1081 1690 1112 pran-

995 1124 1039 1155 dii
1078 1124 1336 1165 etymologiam:
1375 1125 1470 1164 quasi
1506 1122 1602 1161 illud,
1638 1122 1691 1154 vel

997 1174 1085 1216 quod
1103 1174 1160 1215 πρὸ
1175 1174 1232 1205 τοῦ
1247 1174 1356 1213 ἐνδίου,
1374 1175 1427 1205 vel
1451 1173 1539 1215 quod
1566 1175 1624 1213 πρὸ
1639 1174 1695 1211 τῆς

996 1225 1110 1257 ἐνδείας
1132 1230 1294 1260 sumatur,
1318 1225 1363 1256 ita
1380 1224 1507 1256 dictum
1524 1224 1588 1254 sit:
1613 1234 1694 1265 quo—

996 1278 1085 1308 circa
1111 1277 1228 1308 Festus
1252 1277 1386 1307 videtur
1402 1284 1594 1316 usurpasse,
1613 1285 1694 1315 quo-

996 1327 1084 1358 niam
1117 1327 1169 1357 hic
1211 1326 1389 1366 prandium
1420 1336 1481 1366 pro
1514 1326 1694 1366 jentaculo

997 1377 1108 1411 sumit,
1134 1377 1274 1417 antiquo
1300 1385 1405 1415 more,
1434 1375 1524 1406 sicut
1555 1380 1590 1406 et
1616 1375 1694 1405 olim

998 1427 1111 1458 Graeci
1126 1426 1163 1457 τὸ
1175 1426 1311 1466 ἄριστον.
1333 1426 1482 1457 Helvetii
1497 1425 1695 1465 contrajen-

999 1478 1101 1508 taculi
1118 1487 1238 1508 nomen
1255 1478 1352 1508 hodie
1369 1477 1510 1517 prandio
1523 1477 1693 1509 tribuunt.

1001 1528 1173 1558 Gulielmus
1193 1528 1346 1559 Canterus
1362 1527 1439 1558 libro
1452 1537 1500 1558 ιν.
1515 1537 1582 1567 cap.
1599 1530 1653 1558 35.

1042 1579 1133 1610 PAG.
1146 1582 1220 1610 648,
1246 1578 1395 1618 Procmn]
1418 1578 1544 1609 Procos
1557 1577 1694 1608 Servius

997 1630 1125 1660 Tullius
1139 1630 1170 1659 in
1182 1629 1413 1669 descriptione
1425 1628 1583 1659 classium
1596 1637 1695 1669 quam

998 1680 1093 1719 fecit,
1118 1681 1320 1721 perantiquo
1348 1679 1483 1711 vocavit
1510 1679 1695 1720 patricios;

999 1732 1051 1762 vel
1065 1736 1100 1762 ut
1114 1740 1284 1771 proceros,
1302 1730 1353 1761 vel
1366 1734 1403 1761 nt
1416 1740 1588 1770 proceres,
1603 1739 1645 1760 ne
1656 1729 1694 1774 vid

998 1782 1132 1824 quidem
1148 1782 1268 1812 mendo
1284 1787 1396 1817 vacat,
1410 1792 1484 1823 quae
1500 1782 1577 1813 mihi
1592 1792 1695 1813 causa

1000 1832 1213 1863 adscribendi
1243 1831 1320 1864 fuit.
1368 1832 1500 1863 Turneb-
1530 1832 1584 1864 lib.
1617 1841 1694 1863 xvi.

1000 1894 1068 1923 cap.
1089 1886 1142 1914 22.

1045 1935 1133 1965 PAG.
1164 1936 1238 1965 650.
1278 1933 1429 1974 produit]
1474 1932 1512 1964 Iu
1544 1933 1699 1964 censoria

1001 1986 1074 2026 lege
1106 1977 1271 2016 sartorum
1297 1985 1461 2015 lectorum
1492 1983 1697 2024 nabebatur,

998 2037 1149 2076 porticum
1163 2039 1279 2066 sur-lam
1295 2035 1403 2065 lectam
1419 2034 1527 2064 habeto
1550 2034 1675 2073 prodito
1687 2043 1699 2064 .-

1001 2087 1089 2127 quod
1122 2092 1172 2116 est
1194 2086 1330 2125 habeto,
1361 2089 1396 2115 et
1420 2094 1520 2125 porro
1547 2085 1618 2114 aliis
1647 2094 1697 2116 re·

1000 2135 1234 2176 demptoribus
1258 2134 1362 2165 dato:
1387 2135 1449 2165 hoc
1485 2135 1561 2164 ideo
1593 2135 1695 2165 retuli

1001 2186 1090 2227 quod
1117 2186 1159 2216 sit
1185 2185 1380 2215 mendosum
1409 2185 1439 2214 in
1463 2185 1565 2215 Festo
1582 2189 1617 2215 et
1639 2186 1697 2215 ob-

1000 2247 1146 2268 scurum.
1174 2235 1331 2267 Turnebus
1348 2235 1423 2266 ibid.
1470 2236 1522 2266 De
1542 2236 1604 2266 hoc
1623 2237 1697 2267 loco

1003 2287 1077 2318 vide
1112 2286 1275 2318 Ludovic.
1312 2285 1482 2317 Carriouis
1518 2287 1698 2318 Emendat.

1000 2338 1057 2369 lib.
1079 2347 1116 2368 tt·
1138 2347 1212 2376 cap.
1229 2340 1259 2367 5.

1044 2389 1134 2418 Pau.
1148 2390 1221 2417 070.
1244 2384 1436 2424 Patiar-iam]
1453 2385 1508 2416 Sic
1523 2385 1605 2416 (licit
1621 2386 1699 2417 Fes-

1000 2443 1053 2470 tus
1065 2449 1082 2468 ει
1097 2438 1219 2468 Plauto
1232 2437 1438 2477 appellatam
1452 2435 1552 2466 fuisse
1567 2446 1698 2467 manum

1000 2491 1176 2527 dextram3
1193 2489 1321 2527 opinor,
1334 2498 1352 2518 a
1369 2487 1548 2528 palpandis
1566 2492 1698 2519 tentan-

1001 2540 1121 2580 disque
1147 2539 1259 2578 pulliS,
1284 2538 1315 2568 id
1340 2543 1406 2576 cst,
1433 2538 1564 2578 pueris:
1592 2541 1697 2579 qualis

1002 2596 1076 2622 emt
1115 2588 1325 2628 paediconum
1362 2593 1595 2628 protervorum
1631 2599 1698 2620 ma-

1002 2652 1075 2680 nus,
1090 2642 1145 2681 qui
1164 2641 1337 2681 pullariam
1355 2640 1469 2671 facere
1487 2640 1699 2672 dicebantur.

1006 2693 1091 2724 Idem
1108 2692 1162 2723 lib.
1182 2699 1237 2722 11¹.
1253 2701 1320 2731 cap.
1340 2693 1391 2722 11.
