1876 3025
213 210 276 241 DE
309 206 583 238 VERBORUM
618 201 1028 234 smumchTtoNE
1063 199 1157 229 [ΑΒ.
1191 197 1302 227 xrx.
1338 197 1428 227 xx.
1487 186 1572 226 997

182 305 258 358 qui
281 303 479 343 diversas
501 312 624 340 suras
645 299 848 339 habeant.

908 296 1090 337 Plautus
1120 294 1164 334 in
1194 293 1330 334 milite
1361 292 1571 344 glorioso,

181 372 258 425 qui
279 371 398 411 talos
418 369 605 409 vitiosos
626 368 807 407 habeat:
841 364 1058 418 Majorem
1078 366 1247 417 partem
1264 367 1280 390 g
1309 361 1458 401 videas
1479 359 1573 399 val-

182 439 249 490 gis
271 435 431 478 talist²³
462 440 504 476 et
532 434 596 489 (in
633 430 967 486 Sitelitergo):¹¹
1011 431 1108 471 Sit9
1138 442 1190 471 ea
1212 428 1317 469 mihi
1340 427 1573 479 insignitos

182 518 341 560 pueros
363 504 504 558 pariat
525 506 697 555 postea,
717 499 810 540 Aut
829 511 999 549 varum,
1028 501 1102 538 aut
1134 497 1322 549 valgum,
1358 498 1434 535 aut
1455 507 1575 534 com-

179 586 372 627 pernem,
394 575 471 612 aut
491 574 673 624 paetum,
694 572 770 608 aut
790 566 1029 607 brocchum
1044 571 1076 589 ¹0
1097 564 1286 617 (filium.)
1308 576 1331 603 e
1354 561 1575 603 contrario

180 641 272 682 vari
293 640 497 681 dicuntur
518 638 699 678 incurva
721 648 843 676 crura
862 635 1089 676 habentes.

125 709 293 762 Valgos
315 707 522 748 Aurelius
543 703 728 756 intelligi
748 702 904 751 voluit,
927 701 1000 755 qui
1020 701 1219 741 diversas
1241 710 1366 739 suras
1395 696 1523 752 [PAU
1536 706 1575 734 L.

180 775 369 817 habent:
403 774 516 815 sicut
553 786 577 813 e
619 771 836 812 contrario
876 769 971 810 vari
1001 768 1201 808 dicuntur
1235 767 1418 807 incurva
1453 774 1578 803 crura

181 844 405 884 habentes.

124 908 369 959 Vallescit,i
402 907 592 962 perierit,
616 919 643 947 a
663 905 779 947 vallo
798 903 993 952 militari,
1024 902 1141 957 quod
1163 902 1213 942 fit
1235 901 1355 942 circa
1414 897 1574 952 [FEST.

183 981 339 1028 castra,
370 976 489 1030 quod
511 975 587 1028 qui
610 988 661 1015 eo
684 973 933 1026 ejiciuntur,
955 984 1034 1025 pro
1055 969 1237 1025 perditis
1258 969 1491 1009 habentur.

125 1045 319 1095 valvoli,
340 1043 524 1086 folliculi
546 1042 677 1083 fabae.

736 1159 852 1172 oooooo

1397 1033 1577 1088 [PAUL.

855 1158 971 1171 ooooo

169 1256 187 1283 8
211 1252 264 1283 Id.
288 1252 393 1283 saviis.
439 1250 527 1282 Vide
548 1251 734 1281 Notas.-9
758 1249 811 1282 Id.
830 1249 985 1280 Sim-40
1009 1247 1062 1279 Id.
1081 1248 1213 1278 boccum.

787 1369 926 1401 NOTAE

126 1446 235 1476 Plaut.
264 1446 297 1475 in
326 1445 425 1476 milite
455 1446 538 1483 glor.
579 1447 631 1485 250.
684 1444 825 1484 Valgus,

127 1496 249 1527 Gr‘aece
266 1495 410 1533 Βλαισὸς,
425 1495 479 1525 cui
503 1505 602 1526 crura
627 1496 672 1525 ita
692 1499 825 1525 extror-

126 1556 198 1576 sum
230 1547 465 1585 incurvantur,
495 1551 532 1576 ut
564 1546 667 1576 Lunae
699 1554 826 1576 cornua

126 1597 286 1633 referant,
304 1608 368 1639 quo
385 1597 436 1633 fit,
452 1602 487 1627 ut
505 1606 613 1637 genua
635 1597 709 1637 plus
729 1597 826 1636 justo

126 1649 364 1689 conjunctiora
381 1648 541 1683 habeant,
559 1647 646 1678 uude
667 1651 701 1678 et
725 1647 827 1677 iidem

125 1710 297 1740 comper-nes
313 1699 485 1730 (licuntur.
510 1698 707 1738 Opponitur
723 1706 828 1736 varus,

126 1749 242 1789 ῥαιβὺς,
260 1751 312 1780 cui
330 1759 429 1780 crura
448 1749 630 1778 introrsum
645 1747 741 1778 flexa.
776 1747 827 1777 De

125 1801 177 1831 his
192 1800 314 1831 Pollux
329 1810 337 1830 ι
360 1798 496 1839 ραιβοὺς,
513 1796 557 1829 οἷς
573 1796 720 1836 καμπύλα
736 1796 777 1829 εἷς
791 1796 828 1826 τὸ

126 1850 212 1881 ἐνδὸν
234 1850 275 1881 τὰ
297 1849 409 1887 σκέλη·
435 1848 598 1885 Βλαισοὺς,
621 1848 666 1880 οἷς
687 1848 746 1878 ἀπὸ
766 1850 828 1879 τῶν

126 1900 267 1939 γονάτων
290 1900 332 1932 εἷς
356 1900 393 1931 τὸ
421 1899 481 1931 ἔσω
508 1898 732 1940 ἀπέστραπται.
786 1899 826 1930 Id

127 1958 191 1987 est,
216 1957 223 1969 ‘
243 1962 338 1982 varos
356 1955 478 1982 vocant
496 1951 617 1992 quibus
634 1950 758 1982 inflexa
776 1947 825 1981 in-

127 2007 272 2033 trorsum
290 2012 400 2034 crura.
437 2003 575 2042 Valgos,
593 2002 714 2043 quibus
733 2011 752 2032 a
769 2011 826 2041 ge-

126 2053 224 2084 nibus
241 2058 431 2083 extrorsum
450 2055 577 2083 intorta
595 2051 695 2083 suut!
718 2052 799 2083 Duc.

166 2110 181 2131 ἕ
201 2104 354 2142 Majorem
367 2103 503 2143 partem]
516 2104 581 2134 Hic
594 2103 687 2134 loeus
699 2113 740 2134 ex
751 2102 829 2134 Mil.

128 2154 222 2186 Glor.
239 2160 305 2186 act.
322 2163 361 2185 11.
387 2164 434 2185 sc.
454 2157 481 2184 l.
505 2155 514 2171 ‘
534 2154 655 2195 Itaque
679 2154 732 2185 hic
758 2163 828 2184 me-

126 2206 270 2237 retrices
287 2206 384 2236 labiis
401 2205 479 2236 dum
502 2204 645 2237 ductant
662 2215 738 2236 eum
755 2205 830 2236 Ma-

123 2256 233 2296 jorem
262 2261 393 2297 partem
423 2255 537 2287 videas
566 2256 670 2295 valgis
699 2254 827 2286 saviis.’

133 2306 242 2345 Valgis
256 2307 363 2347 saviis,
380 2305 412 2336 id
431 2310 494 2341 est,
514 2306 616 2337 labris
634 2310 826 2337 extrorsum

126 2356 269 2391 inflexis,
295 2363 330 2387 ut
354 2357 394 2388 fit
419 2367 494 2387 cum
520 2357 666 2398 aliquem
692 2356 827 2387 deride-

127 2417 212 2438 mus.
271 2408 359 2438 Nam
388 2408 477 2438 savia
507 2416 568 2447 pro
602 2407 702 2438 labris
739 2407 827 2437 dixit

127 2457 242 2487 Plaut.
261 2456 428 2498 quomodo
445 2462 479 2487 et
495 2457 615 2497 Virgil.
641 2458 650 2474 ‘
670 2456 828 2487 Osculaz’

126 2507 135 2521 ‘
154 2507 269 2537 dulces
287 2507 414 2536 circum
432 2506 544 2536 oscula
561 2505 658 2538 nati.'
682 2507 779 2537 Idem.

184 2556 198 2577 h
235 2556 272 2588 In
303 2555 502 2596 Sitelz'tergo]
550 2557 750 2597 Legendum
792 2557 826 2587 in

128 2607 243 2646 Scythe
256 2607 401 2645 Liturgo.
432 2606 550 2646 Scytha
562 2606 714 2646 Liturgus
725 2607 826 2637 Plau-

126 2658 152 2687 ti
169 2657 352 2688 Comoediae
369 2665 490 2686 nomen
507 2661 571 2687 est.
615 2657 655 2688 Id
673 2662 737 2697 est,
751 2657 826 2698 Scy-

128 2707 182 2737 tha
196 2707 339 2746 stipator.
368 2706 504 2746 Scythae
519 2706 607 2736 euim
622 2707 711 2747 apud
728 2707 825 2738 Grae-

131 2766 188 2788 cos
214 2757 357 2788 eundem
375 2756 526 2788 ordinem
547 2761 702 2797 tenuere,
725 2767 824 2799 quem

882 1443 971 1484 apud
987 1453 1046 1474 nos
1055 1441 1215 1475 Germani
1234 1440 1264 1470 in
1282 1438 1448 1480 stipandis
1463 1447 1578 1478 regum

880 1501 915 1526 et
938 1494 1128 1535 principum
1159 1490 1371 1532 corporibus.
1428 1488 1579 1529 Ideoque

879 1544 1057 1586 Λειτουργοὶ
1090 1543 1184 1574 dicti.
1241 1542 1368 1572 Versus
1397 1539 1534 1570 Plauti.
1549 1563 1557 1570 .
1572 1563 1579 1570 .

878 1598 927 1627 sin
944 1607 978 1627 ea
994 1595 1082 1635 mihi,
1107 1596 1159 1634 8512.
1184 1592 1303 1623 mirum
1325 1600 1387 1621 non
1412 1590 1581 1621 monuisse

878 1647 1085 1687 interpretes
1107 1644 1242 1675 eosdem
1260 1652 1334 1674 esse
1351 1642 1406 1682 qui
1424 1641 1581 1680 leguntur

879 1697 912 1728 in
930 1697 1005 1727 Mil.
1021 1696 1117 1727 Glor.
1134 1700 1201 1726 act.
1219 1703 1275 1724 111.
1295 1702 1341 1724 sc.
1357 1695 1387 1722 l.
1409 1692 1417 1708 ‘
1435 1692 1520 1722 Tum
1539 1701 1580 1721 ue

882 1757 967 1778 uxor
996 1747 1073 1777 milii
1103 1744 1283 1785 insignitos
1313 1752 1437 1783 pueros
1469 1741 1581 1781 pariat

881 1803 1014 1838 postea.
1055 1796 1124 1827 Aut
1142 1804 1269 1829 varum,
1288 1799 1345 1824 aut
1363 1792 1508 1830 valgum,
1522 1796 1581 1821 aut

882 1855 1108 1887 compernem,
1133 1845 1204 1876 Aut
1235 1848 1375 1885 paetum,
1401 1846 1458 1873 aut
1482 1841 1582 1872 bron-

882 1908 956 1929 cum
974 1896 1104 1928 filium.'
1129 1897 1225 1926 Idem.

922 1948 930 1968 ³
962 1947 1122 1987 Vanescit]
1157 1946 1298 1986 Optime
1328 1944 1483 1975 Doctiss.
1511 1942 1581 1973 Sal-

881 1998 1006 2029 masius
1032 1995 1212 2036 legendum
1248 1994 1366 2025 docuit
1394 1991 1522 2033 rallefit,
1546 1997 1582 2023 et

881 2057 997 2079 errare
1013 2048 1151 2078 Festum
1169 2045 1225 2086 qui
1246 2054 1266 2075 a
1289 2045 1376 2074 vallo
1394 2049 1581 2074 castrorum

879 2098 1029 2129 deducit.
1054 2097 1081 2128 Α
1099 2106 1218 2128 vannus
1233 2094 1362 2126 factum
1379 2093 1491 2133 vallas,
1509 2097 1546 2123 ut
1563 2103 1582 2123 a

877 2150 886 2166 ⁴
906 2146 1049 2187 cinnus‚'
1073 2147 1081 2163 ‘
1100 2147 1196 2178 cillus
1210 2145 1229 2176 :’
1245 2150 1253 2162 ‘
1275 2144 1418 2179 vinnus‚’
1436 2146 1445 2161 ⁴
1461 2143 1582 2182 villus,'

879 2201 943 2231 διο.
965 2199 992 2229 Α
1002 2199 1102 2229 vallus
1111 2197 1236 2228 factum
1246 2197 1375 2233 vallare,
1386 2195 1478 2226 hinc‘
1492 2195 1582 2225 eval-

878 2249 1052 2289 lefacere‚'
1071 2249 1208 2289 ejicere.
1246 2248 1357 2278 Varro
1373 2246 1579 2278 Prometheo

877 2302 936 2333 lib.
956 2310 995 2332 11.
1019 2302 1028 2318 ‘
1048 2300 1266 2331 Retrimenta
1296 2298 1361 2329 cibi
1390 2307 1464 2338 quae
1492 2297 1581 2327 exie-

878 2357 956 2382 rant
983 2360 1045 2391 per
1077 2352 1262 2390 posticum,
1284 2346 1582 2379 evallefecerunt.’

883 2403 928 2433 Et
945 2406 952 2418 ‘
965 2401 1108 2431 evallare
1123 2399 1130 2411 '
1147 2399 1291 2430 Titinius
1305 2398 1336 2428 in
1348 2398 1471 2428 Prilla:
1487 2400 1494 2414 ‘
1506 2398 1583 2429 Qua

882 2463 948 2493 ego
975 2452 1072 2482 hodie
1101 2455 1271 2481 extorrem
1296 2448 1380 2478 lianc
1407 2448 1507 2477 domo
1535 2445 1581 2476 fa-

883 2505 967 2535 ciam
986 2501 1175 2542 pilatricem
1189 2501 1291 2540 pallia
1304 2499 1476 2534 evallavit‚
1488 2507 1507 2527 o
1522 2506 1580 2536 pu-

883 2552 981 2586 tere!
1027 2553 1137 2585 Quem
1154 2551 1277 2584 locum.
1295 2549 1374 2589 quia
1395 2547 1581 2585 corruptis-

882 2605 984 2635 simus
1009 2608 1074 2639 est,
1108 2602 1155 2632 sic
1189 2601 1305 2639 legere
1334 2608 1401 2628 non
1433 2597 1579 2627 dubito:

885 2654 1017 2690 Quando
1033 2663 1088 2691 ego
1111 2651 1199 2682 hodie
1220 2654 1373 2681 emtam-em
1395 2650 1472 2678 Ιιαιιε
1494 2649 1580 2677 ‹Imno

870 2705 992 2743 faciam
1007 2703 1182 2743 pilatricem
1196 2701 1300 2741 pallii,
1321 2700 1452 2730 acaum-o
1465 2699 1581 2739 pulcre.

882 2755 989 2786 Idem.
