<?xml version="1.0" encoding="UTF-8"?>
<!DOCTYPE html PUBLIC "-//W3C//DTD XHTML 1.0 Transitional//EN"
    "http://www.w3.org/TR/xhtml1/DTD/xhtml1-transitional.dtd">
<html xmlns="http://www.w3.org/1999/xhtml" xml:lang="en" lang="en">
 <head>
  <title>
</title>
<meta http-equiv="Content-Type" content="text/html;charset=utf-8" />
  <meta name='ocr-system' content='tesseract 3.04.00' />
  <meta name='ocr-capabilities' content='ocr_page ocr_carea ocr_par ocr_line ocrx_word'/>
</head>
<body>
  <div class='ocr_page' id='page_1' title='image "./mverriiflacciqua02verruoft/mverriiflacciqua02verruoft_0182.png"; bbox 0 0 1876 3025; ppageno 0'>
   <div class='ocr_carea' id='block_1_1' title="bbox 257 132 342 175">
    <p class='ocr_par' dir='ltr' id='par_1_1' title="bbox 257 132 342 175">
     <span class='ocr_line' id='line_1_1' title="bbox 257 132 342 175; baseline 0.012 -1"><span class='ocrx_word' id='word_1_1' title='bbox 257 132 342 175; x_wconf 77' lang='lat'>812</span> 
     </span>
    </p>
   </div>
   <div class='ocr_carea' id='block_1_2' title="bbox 707 139 1261 174">
    <p class='ocr_par' dir='ltr' id='par_1_2' title="bbox 707 139 1261 174">
     <span class='ocr_line' id='line_1_2' title="bbox 707 139 1261 174; baseline -0.005 -1"><span class='ocrx_word' id='word_1_2' title='bbox 707 143 855 174; x_wconf 84' lang='lat' dir='ltr'><strong>SEXTI</strong></span> <span class='ocrx_word' id='word_1_3' title='bbox 889 141 1017 171; x_wconf 89' lang='lat' dir='ltr'><strong>POMP</strong></span> <span class='ocrx_word' id='word_1_4' title='bbox 1028 140 1090 170; x_wconf 73' lang='lat'>1311</span> <span class='ocrx_word' id='word_1_5' title='bbox 1126 139 1261 171; x_wconf 81' lang='lat' dir='ltr'>FES&#39;rl</span> 
     </span>
    </p>
   </div>
   <div class='ocr_carea' id='block_1_3' title="bbox 317 234 1703 293">
    <p class='ocr_par' dir='ltr' id='par_1_3' title="bbox 317 234 1703 293">
     <span class='ocr_line' id='line_1_3' title="bbox 317 234 1703 293; baseline -0.004 -12"><span class='ocrx_word' id='word_1_6' title='bbox 317 239 371 281; x_wconf 87' lang='lat' dir='ltr'>ad</span> <span class='ocrx_word' id='word_1_7' title='bbox 406 239 483 293; x_wconf 88' lang='lat' dir='ltr'>jus</span> <span class='ocrx_word' id='word_1_8' title='bbox 512 239 746 293; x_wconf 82' lang='lat' dir='ltr'>pertinent,</span> <span class='ocrx_word' id='word_1_9' title='bbox 768 237 831 278; x_wconf 88' lang='lat' dir='ltr'>ita</span> <span class='ocrx_word' id='word_1_10' title='bbox 866 235 1047 276; x_wconf 78' lang='lat' dir='ltr'>definit:</span> <span class='ocrx_word' id='word_1_11' title='bbox 1081 235 1233 276; x_wconf 85' lang='lat' dir='ltr'>Saltus</span> <span class='ocrx_word' id='word_1_12' title='bbox 1257 240 1341 285; x_wconf 85' lang='lat' dir='ltr'>est,</span> <span class='ocrx_word' id='word_1_13' title='bbox 1373 235 1451 276; x_wconf 88' lang='lat' dir='ltr'>ubi</span> <span class='ocrx_word' id='word_1_14' title='bbox 1486 234 1623 289; x_wconf 89' lang='lat' dir='ltr'>sylvae</span> <span class='ocrx_word' id='word_1_15' title='bbox 1659 238 1703 276; x_wconf 91' lang='lat' dir='ltr'>et</span> 
     </span>
    </p>
   </div>
   <div class='ocr_carea' id='block_1_4' title="bbox 314 308 1478 361">
    <p class='ocr_par' dir='ltr' id='par_1_4' title="bbox 314 308 1478 361">
     <span class='ocr_line' id='line_1_4' title="bbox 314 308 1478 361; baseline -0.005 -13"><span class='ocrx_word' id='word_1_16' title='bbox 314 308 547 361; x_wconf 87' lang='lat' dir='ltr'>pastiones</span> <span class='ocrx_word' id='word_1_17' title='bbox 580 310 698 355; x_wconf 88' lang='lat' dir='ltr'>sunt,</span> <span class='ocrx_word' id='word_1_18' title='bbox 741 316 924 358; x_wconf 85' lang='lat' dir='ltr'>quarum</span> <span class='ocrx_word' id='word_1_19' title='bbox 963 315 1098 343; x_wconf 86' lang='lat' dir='ltr'>causa</span> <span class='ocrx_word' id='word_1_20' title='bbox 1138 316 1255 344; x_wconf 76' lang='lat' dir='ltr'>casae</span> <span class='ocrx_word' id='word_1_21' title='bbox 1290 315 1478 356; x_wconf 89' lang='lat' dir='ltr'>quoque.</span> 
     </span>
    </p>
   </div>
   <div class='ocr_carea' id='block_1_5' title="bbox 1539 301 1704 355">
    <p class='ocr_par' dir='ltr' id='par_1_5' title="bbox 1539 301 1704 355">
     <span class='ocr_line' id='line_1_5' title="bbox 1539 301 1704 355; baseline 0.006 -14"><span class='ocrx_word' id='word_1_22' title='bbox 1539 301 1588 342; x_wconf 87' lang='lat' dir='ltr'>Si</span> <span class='ocrx_word' id='word_1_23' title='bbox 1615 314 1704 355; x_wconf 85' lang='lat' dir='ltr'>qua</span> 
     </span>
    </p>
   </div>
   <div class='ocr_carea' id='block_1_6' title="bbox 259 370 1709 900">
    <p class='ocr_par' dir='ltr' id='par_1_6' title="bbox 314 370 1705 630">
     <span class='ocr_line' id='line_1_6' title="bbox 315 370 1705 429; baseline -0.005 -14"><span class='ocrx_word' id='word_1_24' title='bbox 315 374 537 429; x_wconf 83' lang='lat' dir='ltr'>particula</span> <span class='ocrx_word' id='word_1_25' title='bbox 566 374 608 414; x_wconf 91' lang='lat' dir='ltr'>in</span> <span class='ocrx_word' id='word_1_26' title='bbox 631 387 684 414; x_wconf 88' lang='lat' dir='ltr'>eo</span> <span class='ocrx_word' id='word_1_27' title='bbox 707 373 823 414; x_wconf 87' lang='lat' dir='ltr'>saltu</span> <span class='ocrx_word' id='word_1_28' title='bbox 844 374 1082 425; x_wconf 87' lang='lat' dir='ltr'>pastorum,</span> <span class='ocrx_word' id='word_1_29' title='bbox 1105 375 1180 411; x_wconf 82' lang='lat' dir='ltr'>aut</span> <span class='ocrx_word' id='word_1_30' title='bbox 1200 370 1431 412; x_wconf 89' lang='lat' dir='ltr'>custodum</span> <span class='ocrx_word' id='word_1_31' title='bbox 1454 381 1591 410; x_wconf 86' lang='lat' dir='ltr'>causa</span> <span class='ocrx_word' id='word_1_32' title='bbox 1610 381 1705 409; x_wconf 83' lang='lat' dir='ltr'>ara-</span> 
     </span>
     <span class='ocr_line' id='line_1_7' title="bbox 315 436 1705 494; baseline -0.006 -10"><span class='ocrx_word' id='word_1_33' title='bbox 315 447 401 492; x_wconf 90' lang='lat' dir='ltr'>tur,</span> <span class='ocrx_word' id='word_1_34' title='bbox 421 456 477 484; x_wconf 85' lang='lat' dir='ltr'>ea</span> <span class='ocrx_word' id='word_1_35' title='bbox 496 455 563 483; x_wconf 87' lang='lat' dir='ltr'>res</span> <span class='ocrx_word' id='word_1_36' title='bbox 599 454 686 482; x_wconf 87' lang='lat' dir='ltr'>non</span> <span class='ocrx_word' id='word_1_37' title='bbox 721 439 905 494; x_wconf 80' lang='lat' dir='ltr'><strong>peremit</strong></span> <span class='ocrx_word' id='word_1_38' title='bbox 925 451 1079 478; x_wconf 86' lang='lat' dir='ltr'>nomen</span> <span class='ocrx_word' id='word_1_39' title='bbox 1103 438 1251 486; x_wconf 87' lang='lat' dir='ltr'>saltui,</span> <span class='ocrx_word' id='word_1_40' title='bbox 1276 451 1362 479; x_wconf 91' lang='lat' dir='ltr'>non</span> <span class='ocrx_word' id='word_1_41' title='bbox 1391 436 1542 489; x_wconf 82' lang='lat' dir='ltr'>magis,</span> <span class='ocrx_word' id='word_1_42' title='bbox 1574 447 1705 489; x_wconf 88' lang='lat' dir='ltr'>quam</span> 
     </span>
     <span class='ocr_line' id='line_1_8' title="bbox 314 501 1704 563; baseline -0.006 -12"><span class='ocrx_word' id='word_1_43' title='bbox 314 510 454 559; x_wconf 88' lang='lat' dir='ltr'>fundi,</span> <span class='ocrx_word' id='word_1_44' title='bbox 477 511 553 563; x_wconf 89' lang='lat' dir='ltr'>qui</span> <span class='ocrx_word' id='word_1_45' title='bbox 585 514 653 549; x_wconf 86' lang='lat' dir='ltr'>est</span> <span class='ocrx_word' id='word_1_46' title='bbox 684 509 728 548; x_wconf 90' lang='lat' dir='ltr'>in</span> <span class='ocrx_word' id='word_1_47' title='bbox 751 519 852 560; x_wconf 79' lang='lat' dir='ltr'>agro</span> <span class='ocrx_word' id='word_1_48' title='bbox 883 507 1018 554; x_wconf 85' lang='lat' dir='ltr'>culto,</span> <span class='ocrx_word' id='word_1_49' title='bbox 1050 511 1092 545; x_wconf 87' lang='lat' dir='ltr'>et</span> <span class='ocrx_word' id='word_1_50' title='bbox 1122 505 1221 559; x_wconf 89' lang='lat' dir='ltr'>ejus</span> <span class='ocrx_word' id='word_1_51' title='bbox 1254 518 1392 546; x_wconf 83' lang='lat' dir='ltr'>causa</span> <span class='ocrx_word' id='word_1_52' title='bbox 1412 504 1545 545; x_wconf 83' lang='lat' dir='ltr'>habet</span> <span class='ocrx_word' id='word_1_53' title='bbox 1568 501 1704 544; x_wconf 86' lang='lat' dir='ltr'>aedifi-</span> 
     </span>
     <span class='ocr_line' id='line_1_9' title="bbox 317 572 1365 630; baseline -0.007 -11"><span class='ocrx_word' id='word_1_54' title='bbox 317 578 450 628; x_wconf 87' lang='lat' dir='ltr'>cium,</span> <span class='ocrx_word' id='word_1_55' title='bbox 474 579 512 618; x_wconf 90' lang='lat' dir='ltr'>si</span> <span class='ocrx_word' id='word_1_56' title='bbox 535 590 621 630; x_wconf 84' lang='lat' dir='ltr'>qua</span> <span class='ocrx_word' id='word_1_57' title='bbox 645 575 865 629; x_wconf 84' lang='lat' dir='ltr'>particula</span> <span class='ocrx_word' id='word_1_58' title='bbox 884 574 929 613; x_wconf 91' lang='lat' dir='ltr'>in</span> <span class='ocrx_word' id='word_1_59' title='bbox 949 586 1002 613; x_wconf 88' lang='lat' dir='ltr'>eo</span> <span class='ocrx_word' id='word_1_60' title='bbox 1024 572 1159 613; x_wconf 82' lang='lat' dir='ltr'>habet</span> <span class='ocrx_word' id='word_1_61' title='bbox 1181 572 1365 625; x_wconf 81' lang='lat' dir='ltr'><strong>sylvam.</strong></span> 
     </span>
    </p>

    <p class='ocr_par' dir='ltr' id='par_1_7' title="bbox 259 637 1709 900">
     <span class='ocr_line' id='line_1_10' title="bbox 259 637 1707 695; baseline -0.007 -7"><span class='ocrx_word' id='word_1_62' title='bbox 259 646 394 687; x_wconf 82' lang='lat' dir='ltr'>Salva</span> <span class='ocrx_word' id='word_1_63' title='bbox 406 659 476 687; x_wconf 87' lang='lat' dir='ltr'>res</span> <span class='ocrx_word' id='word_1_64' title='bbox 492 651 504 668; x_wconf 74' lang='lat'><strong>⁵</strong></span> <span class='ocrx_word' id='word_1_65' title='bbox 521 651 577 685; x_wconf 79' lang='lat' dir='ltr'>est</span> <span class='ocrx_word' id='word_1_66' title='bbox 598 644 691 684; x_wconf 80' lang='lat' dir='ltr'>dum</span> <span class='ocrx_word' id='word_1_67' title='bbox 713 642 839 683; x_wconf 76' lang='lat' dir='ltr'>saltat</span> <span class='ocrx_word' id='word_1_68' title='bbox 856 648 872 674; x_wconf 91' lang='lat'>9</span> <span class='ocrx_word' id='word_1_69' title='bbox 894 655 1043 691; x_wconf 80' lang='lat' dir='ltr'><strong>senex,</strong></span> <span class='ocrx_word' id='word_1_70' title='bbox 1064 654 1201 695; x_wconf 87' lang='lat' dir='ltr'>quare</span> <span class='ocrx_word' id='word_1_71' title='bbox 1227 641 1405 694; x_wconf 79' lang='lat' dir='ltr'>parasiti</span> <span class='ocrx_word' id='word_1_72' title='bbox 1419 638 1641 693; x_wconf 89' lang='lat' dir='ltr'><strong>Apollinis</strong></span> <span class='ocrx_word' id='word_1_73' title='bbox 1662 637 1707 678; x_wconf 92' lang='lat' dir='ltr'>in</span> 
     </span>
     <span class='ocr_line' id='line_1_11' title="bbox 316 708 1705 761; baseline -0.006 -7"><span class='ocrx_word' id='word_1_74' title='bbox 316 726 450 755; x_wconf 87' lang='lat' dir='ltr'>scena</span> <span class='ocrx_word' id='word_1_75' title='bbox 470 713 678 761; x_wconf 83' lang='lat' dir='ltr'>dictitent,</span> <span class='ocrx_word' id='word_1_76' title='bbox 701 723 880 751; x_wconf 85' lang='lat' dir='ltr'>causam</span> <span class='ocrx_word' id='word_1_77' title='bbox 902 710 1083 751; x_wconf 85' lang='lat' dir='ltr'>Verrius</span> <span class='ocrx_word' id='word_1_78' title='bbox 1115 710 1160 750; x_wconf 91' lang='lat' dir='ltr'>in</span> <span class='ocrx_word' id='word_1_79' title='bbox 1192 709 1300 749; x_wconf 90' lang='lat' dir='ltr'>libro</span> <span class='ocrx_word' id='word_1_80' title='bbox 1335 708 1502 761; x_wconf 89' lang='lat' dir='ltr'>quinto,</span> <span class='ocrx_word' id='word_1_81' title='bbox 1521 717 1705 759; x_wconf 90' lang='lat' dir='ltr'>quorum</span> 
     </span>
     <span class='ocr_line' id='line_1_12' title="bbox 314 772 1709 834; baseline -0.006 -13"><span class='ocrx_word' id='word_1_82' title='bbox 314 783 455 834; x_wconf 84' lang='lat' dir='ltr'>prima</span> <span class='ocrx_word' id='word_1_83' title='bbox 479 786 545 821; x_wconf 88' lang='lat' dir='ltr'>est</span> <span class='ocrx_word' id='word_1_84' title='bbox 576 780 613 821; x_wconf 95' lang='lat' dir='ltr'>P</span> <span class='ocrx_word' id='word_1_85' title='bbox 635 780 776 830; x_wconf 84' lang='lat' dir='ltr'>litera,</span> <span class='ocrx_word' id='word_1_86' title='bbox 798 778 1017 820; x_wconf 85' lang='lat' dir='ltr'>reddidit:</span> <span class='ocrx_word' id='word_1_87' title='bbox 1049 777 1170 832; x_wconf 89' lang='lat' dir='ltr'>quod</span> <span class='ocrx_word' id='word_1_88' title='bbox 1204 776 1254 817; x_wconf 91' lang='lat' dir='ltr'>C.</span> <span class='ocrx_word' id='word_1_89' title='bbox 1277 775 1496 829; x_wconf 91' lang='lat' dir='ltr'>Sulpicio,</span> <span class='ocrx_word' id='word_1_90' title='bbox 1528 773 1580 815; x_wconf 90' lang='lat' dir='ltr'>C.</span> <span class='ocrx_word' id='word_1_91' title='bbox 1601 772 1709 813; x_wconf 90' lang='lat' dir='ltr'>Ful-</span> 
     </span>
     <span class='ocr_line' id='line_1_13' title="bbox 316 838 1708 900; baseline -0.008 -9"><span class='ocrx_word' id='word_1_92' title='bbox 316 850 387 891; x_wconf 82' lang='lat' dir='ltr'>vio</span> <span class='ocrx_word' id='word_1_93' title='bbox 403 854 435 872; x_wconf 84' lang='lat'>¹0</span> <span class='ocrx_word' id='word_1_94' title='bbox 467 847 760 897; x_wconf 88' lang='lat' dir='ltr'>Consulibus,t</span> <span class='ocrx_word' id='word_1_95' title='bbox 783 846 847 888; x_wconf 90' lang='lat' dir='ltr'>M.</span> <span class='ocrx_word' id='word_1_96' title='bbox 882 845 1125 900; x_wconf 86' lang='lat' dir='ltr'>Calpurnio</span> <span class='ocrx_word' id='word_1_97' title='bbox 1161 845 1354 885; x_wconf 83' lang='lat' dir='ltr'>Pisoneu</span> <span class='ocrx_word' id='word_1_98' title='bbox 1387 842 1583 883; x_wconf 89' lang='lat' dir='ltr'>Praetore</span> <span class='ocrx_word' id='word_1_99' title='bbox 1622 838 1708 880; x_wconf 90' lang='lat' dir='ltr'>Ur-</span> 
     </span>
    </p>
   </div>
   <div class='ocr_carea' id='block_1_7' title="bbox 866 965 982 977">
    <p class='ocr_par' dir='ltr' id='par_1_8' title="bbox 866 965 982 977">
     <span class='ocr_line' id='line_1_14' title="bbox 866 965 982 977; baseline -0.009 0"><span class='ocrx_word' id='word_1_100' title='bbox 866 965 982 977; x_wconf 54' lang='lat' dir='ltr'>‘eme</span> 
     </span>
    </p>
   </div>
   <div class='ocr_carea' id='block_1_8' title="bbox 984 965 1102 976">
    <p class='ocr_par' dir='ltr' id='par_1_9' title="bbox 984 965 1102 976">
     <span class='ocr_line' id='line_1_15' title="bbox 984 965 1102 976; baseline -0.008 0"><span class='ocrx_word' id='word_1_101' title='bbox 984 965 1102 976; x_wconf 56' lang='lat' dir='ltr'>eeeeee</span> 
     </span>
    </p>
   </div>
   <div class='ocr_carea' id='block_1_9' title="bbox 301 1027 1706 1073">
    <p class='ocr_par' dir='ltr' id='par_1_10' title="bbox 301 1027 1706 1073">
     <span class='ocr_line' id='line_1_16' title="bbox 301 1027 1706 1073; baseline -0.005 -6"><span class='ocrx_word' id='word_1_102' title='bbox 301 1040 321 1067; x_wconf 82' lang='lat'>9</span> <span class='ocrx_word' id='word_1_103' title='bbox 335 1037 397 1067; x_wconf 84' lang='lat' dir='ltr'>Ed.</span> <span class='ocrx_word' id='word_1_104' title='bbox 411 1036 502 1067; x_wconf 79' lang='lat' dir='ltr'>Scal.</span> <span class='ocrx_word' id='word_1_105' title='bbox 519 1037 590 1066; x_wconf 81' lang='lat' dir='ltr'>dum</span> <span class='ocrx_word' id='word_1_106' title='bbox 611 1039 729 1066; x_wconf 77' lang='lat' dir='ltr'>cantat.</span> <span class='ocrx_word' id='word_1_107' title='bbox 764 1033 841 1065; x_wconf 90' lang='lat' dir='ltr'>Vid.</span> <span class='ocrx_word' id='word_1_108' title='bbox 859 1032 1005 1065; x_wconf 87' lang='lat' dir='ltr'>inf.-10</span> <span class='ocrx_word' id='word_1_109' title='bbox 1022 1032 1105 1065; x_wconf 89' lang='lat' dir='ltr'>Ant.</span> <span class='ocrx_word' id='word_1_110' title='bbox 1127 1032 1214 1073; x_wconf 84' lang='lat' dir='ltr'>Aug.</span> <span class='ocrx_word' id='word_1_111' title='bbox 1242 1030 1410 1071; x_wconf 85' lang='lat' dir='ltr'>probante</span> <span class='ocrx_word' id='word_1_112' title='bbox 1438 1029 1523 1060; x_wconf 84' lang='lat' dir='ltr'>Dae.</span> <span class='ocrx_word' id='word_1_113' title='bbox 1545 1027 1706 1060; x_wconf 87' lang='lat' dir='ltr'>emendat</span> 
     </span>
    </p>
   </div>
   <div class='ocr_carea' id='block_1_10' title="bbox 259 1078 692 1121">
    <p class='ocr_par' dir='ltr' id='par_1_11' title="bbox 259 1078 692 1121">
     <span class='ocr_line' id='line_1_17' title="bbox 259 1078 692 1121; baseline -0.005 -9"><span class='ocrx_word' id='word_1_114' title='bbox 259 1081 300 1112; x_wconf 91' lang='lat' dir='ltr'>P.</span> <span class='ocrx_word' id='word_1_115' title='bbox 317 1079 456 1121; x_wconf 80' lang='lat' dir='ltr'>Sulpicio</span> <span class='ocrx_word' id='word_1_116' title='bbox 476 1080 549 1111; x_wconf 84' lang='lat' dir='ltr'>CN.</span> <span class='ocrx_word' id='word_1_117' title='bbox 567 1078 692 1110; x_wconf 78' lang='lat' dir='ltr'>Fulvio.</span> 
     </span>
    </p>
   </div>
   <div class='ocr_carea' id='block_1_11' title="bbox 902 1173 1047 1206">
    <p class='ocr_par' dir='ltr' id='par_1_12' title="bbox 902 1173 1047 1206">
     <span class='ocr_line' id='line_1_18' title="bbox 902 1173 1047 1206; baseline -0.014 0"><span class='ocrx_word' id='word_1_118' title='bbox 902 1173 1047 1206; x_wconf 79' lang='lat' dir='ltr'>NOTAE</span> 
     </span>
    </p>
   </div>
   <div class='ocr_carea' id='block_1_12' title="bbox 258 1251 957 2760">
    <p class='ocr_par' dir='ltr' id='par_1_13' title="bbox 258 1251 957 2051">
     <span class='ocr_line' id='line_1_19' title="bbox 301 1251 954 1293; baseline -0.005 -10"><span class='ocrx_word' id='word_1_119' title='bbox 301 1258 312 1272; x_wconf 70' lang='lat'>⁵</span> <span class='ocrx_word' id='word_1_120' title='bbox 336 1252 429 1283; x_wconf 73' lang='lat' dir='ltr'>Salva</span> <span class='ocrx_word' id='word_1_121' title='bbox 446 1252 509 1293; x_wconf 80' lang='lat' dir='ltr'>res]</span> <span class='ocrx_word' id='word_1_122' title='bbox 535 1251 627 1282; x_wconf 73' lang='lat' dir='ltr'>Salva</span> <span class='ocrx_word' id='word_1_123' title='bbox 642 1262 691 1283; x_wconf 82' lang='lat' dir='ltr'>res</span> <span class='ocrx_word' id='word_1_124' title='bbox 706 1256 762 1291; x_wconf 84' lang='lat' dir='ltr'>est,</span> <span class='ocrx_word' id='word_1_125' title='bbox 778 1261 843 1282; x_wconf 81' lang='lat' dir='ltr'>cum</span> <span class='ocrx_word' id='word_1_126' title='bbox 861 1252 954 1281; x_wconf 75' lang='lat' dir='ltr'>saltat</span> 
     </span>
     <span class='ocr_line' id='line_1_20' title="bbox 258 1301 954 1342; baseline -0.004 -8"><span class='ocrx_word' id='word_1_127' title='bbox 258 1313 363 1342; x_wconf 67' lang='lat' dir='ltr'>senex,</span> <span class='ocrx_word' id='word_1_128' title='bbox 379 1302 591 1333; x_wconf 88' lang='lat' dir='ltr'>scribendum</span> <span class='ocrx_word' id='word_1_129' title='bbox 618 1307 682 1340; x_wconf 84' lang='lat' dir='ltr'>est,</span> <span class='ocrx_word' id='word_1_130' title='bbox 698 1311 738 1331; x_wconf 84' lang='lat' dir='ltr'>ex</span> <span class='ocrx_word' id='word_1_131' title='bbox 756 1301 874 1332; x_wconf 88' lang='lat' dir='ltr'>Servio</span> <span class='ocrx_word' id='word_1_132' title='bbox 899 1309 954 1331; x_wconf 89' lang='lat'>111.</span> 
     </span>
     <span class='ocr_line' id='line_1_21' title="bbox 259 1353 955 1387; baseline -0.006 0"><span class='ocrx_word' id='word_1_133' title='bbox 259 1361 295 1387; x_wconf 89' lang='lat' dir='ltr'>et</span> <span class='ocrx_word' id='word_1_134' title='bbox 311 1364 392 1386; x_wconf 81' lang='lat' dir='ltr'>vni.</span> <span class='ocrx_word' id='word_1_135' title='bbox 411 1355 483 1385; x_wconf 82' lang='lat' dir='ltr'>AEn.</span> <span class='ocrx_word' id='word_1_136' title='bbox 531 1354 579 1384; x_wconf 93' lang='lat' dir='ltr'>De</span> <span class='ocrx_word' id='word_1_137' title='bbox 608 1354 705 1384; x_wconf 86' lang='lat' dir='ltr'>initio</span> <span class='ocrx_word' id='word_1_138' title='bbox 732 1354 885 1384; x_wconf 88' lang='lat' dir='ltr'>ludorum</span> <span class='ocrx_word' id='word_1_139' title='bbox 912 1353 955 1383; x_wconf 80' lang='lat' dir='ltr'>A·</span> 
     </span>
     <span class='ocr_line' id='line_1_22' title="bbox 260 1403 955 1445; baseline -0.003 -9"><span class='ocrx_word' id='word_1_140' title='bbox 260 1405 471 1445; x_wconf 87' lang='lat' dir='ltr'>pollinarium</span> <span class='ocrx_word' id='word_1_141' title='bbox 501 1403 567 1444; x_wconf 81' lang='lat' dir='ltr'>Ap.</span> <span class='ocrx_word' id='word_1_142' title='bbox 592 1404 747 1444; x_wconf 83' lang='lat' dir='ltr'>Claudio,</span> <span class='ocrx_word' id='word_1_143' title='bbox 778 1404 818 1436; x_wconf 86' lang='lat' dir='ltr'>Q.</span> <span class='ocrx_word' id='word_1_144' title='bbox 837 1404 955 1435; x_wconf 85' lang='lat' dir='ltr'>Fulvio</span> 
     </span>
     <span class='ocr_line' id='line_1_23' title="bbox 259 1454 955 1487; baseline -0.004 -1"><span class='ocrx_word' id='word_1_145' title='bbox 259 1457 382 1487; x_wconf 83' lang='lat' dir='ltr'>Flacco</span> <span class='ocrx_word' id='word_1_146' title='bbox 398 1458 428 1486; x_wconf 85' lang='lat'>3.</span> <span class='ocrx_word' id='word_1_147' title='bbox 455 1454 532 1486; x_wconf 88' lang='lat' dir='ltr'>cos.</span> <span class='ocrx_word' id='word_1_148' title='bbox 549 1455 621 1486; x_wconf 90' lang='lat' dir='ltr'>Liv.</span> <span class='ocrx_word' id='word_1_149' title='bbox 636 1455 695 1484; x_wconf 88' lang='lat' dir='ltr'>lib.</span> <span class='ocrx_word' id='word_1_150' title='bbox 713 1464 797 1485; x_wconf 84' lang='lat' dir='ltr'>xxv.</span> <span class='ocrx_word' id='word_1_151' title='bbox 822 1459 857 1484; x_wconf 90' lang='lat' dir='ltr'>et</span> <span class='ocrx_word' id='word_1_152' title='bbox 880 1454 955 1484; x_wconf 84' lang='lat' dir='ltr'>Ma·</span> 
     </span>
     <span class='ocr_line' id='line_1_24' title="bbox 262 1505 956 1544; baseline -0.003 -7"><span class='ocrx_word' id='word_1_153' title='bbox 262 1506 354 1537; x_wconf 90' lang='lat' dir='ltr'>crob.</span> <span class='ocrx_word' id='word_1_154' title='bbox 371 1505 432 1536; x_wconf 89' lang='lat' dir='ltr'>lib.</span> <span class='ocrx_word' id='word_1_155' title='bbox 451 1515 474 1536; x_wconf 86' lang='lat'>1.</span> <span class='ocrx_word' id='word_1_156' title='bbox 492 1506 626 1536; x_wconf 86' lang='lat' dir='ltr'>Saturn.</span> <span class='ocrx_word' id='word_1_157' title='bbox 644 1515 717 1536; x_wconf 79' lang='lat' dir='ltr'>cuni</span> <span class='ocrx_word' id='word_1_158' title='bbox 735 1506 902 1544; x_wconf 84' lang='lat' dir='ltr'>Capitone</span> <span class='ocrx_word' id='word_1_159' title='bbox 921 1510 956 1535; x_wconf 84' lang='lat' dir='ltr'>et</span> 
     </span>
     <span class='ocr_line' id='line_1_25' title="bbox 258 1554 955 1587; baseline -0.003 -1"><span class='ocrx_word' id='word_1_160' title='bbox 258 1556 378 1586; x_wconf 84' lang='lat' dir='ltr'>Verrio</span> <span class='ocrx_word' id='word_1_161' title='bbox 401 1557 629 1586; x_wconf 83' lang='lat' dir='ltr'>consentiunt.</span> <span class='ocrx_word' id='word_1_162' title='bbox 675 1555 775 1587; x_wconf 83' lang='lat' dir='ltr'>Quod</span> <span class='ocrx_word' id='word_1_163' title='bbox 802 1564 883 1585; x_wconf 88' lang='lat' dir='ltr'>vero</span> <span class='ocrx_word' id='word_1_164' title='bbox 908 1554 955 1584; x_wconf 91' lang='lat' dir='ltr'>di-</span> 
     </span>
     <span class='ocr_line' id='line_1_26' title="bbox 258 1605 956 1646; baseline -0.001 -10"><span class='ocrx_word' id='word_1_165' title='bbox 258 1607 347 1637; x_wconf 87' lang='lat' dir='ltr'>citnr</span> <span class='ocrx_word' id='word_1_166' title='bbox 371 1605 495 1636; x_wconf 84' lang='lat' dir='ltr'>factum</span> <span class='ocrx_word' id='word_1_167' title='bbox 516 1607 553 1637; x_wconf 84' lang='lat' dir='ltr'>C.</span> <span class='ocrx_word' id='word_1_168' title='bbox 571 1606 718 1646; x_wconf 81' lang='lat' dir='ltr'>Sulpicio,</span> <span class='ocrx_word' id='word_1_169' title='bbox 736 1612 768 1636; x_wconf 88' lang='lat' dir='ltr'>et</span> <span class='ocrx_word' id='word_1_170' title='bbox 790 1607 826 1638; x_wconf 91' lang='lat' dir='ltr'>C.</span> <span class='ocrx_word' id='word_1_171' title='bbox 846 1606 956 1636; x_wconf 81' lang='lat' dir='ltr'>Fulvio</span> 
     </span>
     <span class='ocr_line' id='line_1_27' title="bbox 262 1657 955 1697; baseline -0.001 -10"><span class='ocrx_word' id='word_1_172' title='bbox 262 1658 332 1689; x_wconf 91' lang='lat' dir='ltr'>Cos.</span> <span class='ocrx_word' id='word_1_173' title='bbox 356 1666 430 1688; x_wconf 88' lang='lat' dir='ltr'>curn</span> <span class='ocrx_word' id='word_1_174' title='bbox 447 1657 479 1687; x_wconf 90' lang='lat' dir='ltr'>hi</span> <span class='ocrx_word' id='word_1_175' title='bbox 501 1657 654 1687; x_wconf 82' lang='lat' dir='ltr'>consules</span> <span class='ocrx_word' id='word_1_176' title='bbox 679 1666 841 1697; x_wconf 78' lang='lat' dir='ltr'>nusquam</span> <span class='ocrx_word' id='word_1_177' title='bbox 859 1666 955 1696; x_wconf 86' lang='lat' dir='ltr'>repe-</span> 
     </span>
     <span class='ocr_line' id='line_1_28' title="bbox 260 1706 956 1747; baseline -0.001 -9"><span class='ocrx_word' id='word_1_178' title='bbox 260 1708 403 1747; x_wconf 80' lang='lat' dir='ltr'>riantur,</span> <span class='ocrx_word' id='word_1_179' title='bbox 429 1706 676 1738; x_wconf 83' lang='lat' dir='ltr'>emendandum</span> <span class='ocrx_word' id='word_1_180' title='bbox 700 1713 762 1742; x_wconf 85' lang='lat' dir='ltr'>est,</span> <span class='ocrx_word' id='word_1_181' title='bbox 779 1712 815 1738; x_wconf 92' lang='lat' dir='ltr'>ut</span> <span class='ocrx_word' id='word_1_182' title='bbox 841 1707 956 1737; x_wconf 89' lang='lat' dir='ltr'>existi-</span> 
     </span>
     <span class='ocr_line' id='line_1_29' title="bbox 259 1757 955 1798; baseline -0.003 -9"><span class='ocrx_word' id='word_1_183' title='bbox 259 1769 325 1797; x_wconf 90' lang='lat' dir='ltr'>mo,</span> <span class='ocrx_word' id='word_1_184' title='bbox 341 1759 377 1790; x_wconf 82' lang='lat' dir='ltr'>P.</span> <span class='ocrx_word' id='word_1_185' title='bbox 396 1758 544 1797; x_wconf 78' lang='lat' dir='ltr'>Sulpicio,</span> <span class='ocrx_word' id='word_1_186' title='bbox 565 1758 638 1788; x_wconf 85' lang='lat' dir='ltr'>CN.</span> <span class='ocrx_word' id='word_1_187' title='bbox 659 1758 778 1795; x_wconf 75' lang='lat' dir='ltr'>Fulvio,</span> <span class='ocrx_word' id='word_1_188' title='bbox 800 1757 855 1798; x_wconf 86' lang='lat' dir='ltr'>qui</span> <span class='ocrx_word' id='word_1_189' title='bbox 871 1757 955 1787; x_wconf 89' lang='lat' dir='ltr'>Con-</span> 
     </span>
     <span class='ocr_line' id='line_1_30' title="bbox 260 1807 957 1849; baseline -0.001 -10"><span class='ocrx_word' id='word_1_190' title='bbox 260 1809 348 1839; x_wconf 86' lang='lat' dir='ltr'>sules</span> <span class='ocrx_word' id='word_1_191' title='bbox 364 1809 504 1849; x_wconf 83' lang='lat' dir='ltr'>proximi</span> <span class='ocrx_word' id='word_1_192' title='bbox 515 1807 842 1848; x_wconf 79' lang='lat' dir='ltr'>fueruntpostsupra</span> <span class='ocrx_word' id='word_1_193' title='bbox 854 1808 957 1848; x_wconf 88' lang='lat' dir='ltr'>scrip-</span> 
     </span>
     <span class='ocr_line' id='line_1_31' title="bbox 259 1860 956 1900; baseline -0.001 -9"><span class='ocrx_word' id='word_1_194' title='bbox 259 1866 332 1899; x_wconf 81' lang='lat' dir='ltr'>tos;</span> <span class='ocrx_word' id='word_1_195' title='bbox 356 1866 391 1890; x_wconf 89' lang='lat' dir='ltr'>et</span> <span class='ocrx_word' id='word_1_196' title='bbox 410 1860 526 1891; x_wconf 87' lang='lat' dir='ltr'>iisdem</span> <span class='ocrx_word' id='word_1_197' title='bbox 544 1860 740 1891; x_wconf 80' lang='lat' dir='ltr'>Consulibus</span> <span class='ocrx_word' id='word_1_198' title='bbox 755 1860 956 1900; x_wconf 78' lang='lat' dir='ltr'>Calpurnius</span> 
     </span>
     <span class='ocr_line' id='line_1_32' title="bbox 261 1909 955 1951; baseline -0.004 -9"><span class='ocrx_word' id='word_1_199' title='bbox 261 1912 342 1942; x_wconf 87' lang='lat' dir='ltr'>Piso</span> <span class='ocrx_word' id='word_1_200' title='bbox 369 1916 494 1951; x_wconf 77' lang='lat' dir='ltr'>praetor</span> <span class='ocrx_word' id='word_1_201' title='bbox 517 1910 676 1940; x_wconf 76' lang='lat' dir='ltr'>Urbanus</span> <span class='ocrx_word' id='word_1_202' title='bbox 694 1909 771 1947; x_wconf 82' lang='lat' dir='ltr'>fuit,</span> <span class='ocrx_word' id='word_1_203' title='bbox 787 1920 884 1951; x_wconf 84' lang='lat' dir='ltr'>quem</span> <span class='ocrx_word' id='word_1_204' title='bbox 904 1910 955 1940; x_wconf 93' lang='lat' dir='ltr'>Li-</span> 
     </span>
     <span class='ocr_line' id='line_1_33' title="bbox 260 1961 957 2000; baseline 0 -9"><span class='ocrx_word' id='word_1_205' title='bbox 260 1961 333 1991; x_wconf 86' lang='lat' dir='ltr'>vius</span> <span class='ocrx_word' id='word_1_206' title='bbox 345 1962 460 1992; x_wconf 85' lang='lat' dir='ltr'>Caium</span> <span class='ocrx_word' id='word_1_207' title='bbox 480 1961 848 2000; x_wconf 81' lang='lat' dir='ltr'>praenomiue,Vcrrius</span> <span class='ocrx_word' id='word_1_208' title='bbox 865 1961 957 1991; x_wconf 78' lang='lat' dir='ltr'>Mar-</span> 
     </span>
     <span class='ocr_line' id='line_1_34' title="bbox 260 2011 709 2051; baseline -0.009 -9"><span class='ocrx_word' id='word_1_209' title='bbox 260 2021 336 2042; x_wconf 89' lang='lat' dir='ltr'>cum</span> <span class='ocrx_word' id='word_1_210' title='bbox 354 2011 517 2051; x_wconf 87' lang='lat' dir='ltr'>appellat.</span> <span class='ocrx_word' id='word_1_211' title='bbox 533 2011 709 2049; x_wconf 75' lang='lat' dir='ltr'>Ant.A11g.</span> 
     </span>
    </p>

    <p class='ocr_par' dir='ltr' id='par_1_14' title="bbox 258 2061 957 2760">
     <span class='ocr_line' id='line_1_35' title="bbox 303 2061 955 2101; baseline 0.002 -8"><span class='ocrx_word' id='word_1_212' title='bbox 303 2063 399 2093; x_wconf 76' lang='lat' dir='ltr'>Salva</span> <span class='ocrx_word' id='word_1_213' title='bbox 413 2061 477 2101; x_wconf 83' lang='lat' dir='ltr'>res]</span> <span class='ocrx_word' id='word_1_214' title='bbox 500 2061 676 2091; x_wconf 79' lang='lat' dir='ltr'>Piaculum</span> <span class='ocrx_word' id='word_1_215' title='bbox 695 2063 782 2092; x_wconf 80' lang='lat' dir='ltr'>euim</span> <span class='ocrx_word' id='word_1_216' title='bbox 800 2068 873 2094; x_wconf 84' lang='lat' dir='ltr'>crat</span> <span class='ocrx_word' id='word_1_217' title='bbox 890 2072 955 2094; x_wconf 88' lang='lat' dir='ltr'>non</span> 
     </span>
     <span class='ocr_line' id='line_1_36' title="bbox 261 2111 956 2152; baseline 0 -9"><span class='ocrx_word' id='word_1_218' title='bbox 261 2113 368 2143; x_wconf 88' lang='lat' dir='ltr'>solum</span> <span class='ocrx_word' id='word_1_219' title='bbox 384 2112 410 2141; x_wconf 89' lang='lat' dir='ltr'>si</span> <span class='ocrx_word' id='word_1_220' title='bbox 436 2111 563 2150; x_wconf 84' lang='lat' dir='ltr'>incepti</span> <span class='ocrx_word' id='word_1_221' title='bbox 588 2111 656 2141; x_wconf 86' lang='lat' dir='ltr'>ludi</span> <span class='ocrx_word' id='word_1_222' title='bbox 683 2111 823 2152; x_wconf 85' lang='lat' dir='ltr'>alicujus</span> <span class='ocrx_word' id='word_1_223' title='bbox 839 2113 884 2143; x_wconf 85' lang='lat' dir='ltr'>rei</span> <span class='ocrx_word' id='word_1_224' title='bbox 909 2114 956 2143; x_wconf 87' lang='lat' dir='ltr'>in-</span> 
     </span>
     <span class='ocr_line' id='line_1_37' title="bbox 261 2162 956 2201; baseline 0.001 -8"><span class='ocrx_word' id='word_1_225' title='bbox 261 2168 418 2193; x_wconf 84' lang='lat' dir='ltr'>terventu</span> <span class='ocrx_word' id='word_1_226' title='bbox 435 2162 751 2201; x_wconf 81' lang='lat' dir='ltr'>interpellarentur:</span> <span class='ocrx_word' id='word_1_227' title='bbox 778 2163 836 2193; x_wconf 88' lang='lat' dir='ltr'>sed</span> <span class='ocrx_word' id='word_1_228' title='bbox 855 2164 956 2194; x_wconf 88' lang='lat' dir='ltr'>etiam</span> 
     </span>
     <span class='ocr_line' id='line_1_38' title="bbox 259 2211 955 2244; baseline 0 -1"><span class='ocrx_word' id='word_1_229' title='bbox 259 2212 285 2243; x_wconf 86' lang='lat' dir='ltr'>si</span> <span class='ocrx_word' id='word_1_230' title='bbox 308 2212 420 2242; x_wconf 82' lang='lat' dir='ltr'>subito</span> <span class='ocrx_word' id='word_1_231' title='bbox 446 2211 556 2241; x_wconf 86' lang='lat' dir='ltr'>ludius</span> <span class='ocrx_word' id='word_1_232' title='bbox 580 2212 800 2243; x_wconf 79' lang='lat' dir='ltr'>constitisset.</span> <span class='ocrx_word' id='word_1_233' title='bbox 846 2213 955 2244; x_wconf 82' lang='lat' dir='ltr'>Arno-</span> 
     </span>
     <span class='ocr_line' id='line_1_39' title="bbox 259 2262 956 2295; baseline 0 -1"><span class='ocrx_word' id='word_1_234' title='bbox 259 2264 355 2295; x_wconf 89' lang='lat' dir='ltr'>bius:</span> <span class='ocrx_word' id='word_1_235' title='bbox 381 2264 390 2280; x_wconf 88' lang='lat'><em>‘</em></span> <span class='ocrx_word' id='word_1_236' title='bbox 406 2262 624 2294; x_wconf 79' lang='lat' dir='ltr'>Commissum</span> <span class='ocrx_word' id='word_1_237' title='bbox 646 2263 761 2293; x_wconf 79' lang='lat' dir='ltr'>statim</span> <span class='ocrx_word' id='word_1_238' title='bbox 786 2273 900 2294; x_wconf 83' lang='lat' dir='ltr'>omnes</span> <span class='ocrx_word' id='word_1_239' title='bbox 924 2264 956 2294; x_wconf 89' lang='lat' dir='ltr'>in</span> 
     </span>
     <span class='ocr_line' id='line_1_40' title="bbox 261 2313 957 2354; baseline -0.001 -8"><span class='ocrx_word' id='word_1_240' title='bbox 261 2314 441 2354; x_wconf 79' lang='lat' dir='ltr'>religiones</span> <span class='ocrx_word' id='word_1_241' title='bbox 465 2313 619 2343; x_wconf 79' lang='lat' dir='ltr'>clamatis</span> <span class='ocrx_word' id='word_1_242' title='bbox 643 2324 768 2353; x_wconf 83' lang='lat' dir='ltr'>sacras,</span> <span class='ocrx_word' id='word_1_243' title='bbox 793 2316 818 2345; x_wconf 90' lang='lat' dir='ltr'>si</span> <span class='ocrx_word' id='word_1_244' title='bbox 848 2315 957 2345; x_wconf 89' lang='lat' dir='ltr'>ludius</span> 
     </span>
     <span class='ocr_line' id='line_1_41' title="bbox 262 2364 954 2404; baseline 0 -8"><span class='ocrx_word' id='word_1_245' title='bbox 262 2365 429 2401; x_wconf 76' lang='lat' dir='ltr'>constitit,</span> <span class='ocrx_word' id='word_1_246' title='bbox 457 2364 482 2394; x_wconf 91' lang='lat' dir='ltr'>si</span> <span class='ocrx_word' id='word_1_247' title='bbox 515 2364 639 2394; x_wconf 88' lang='lat' dir='ltr'>tibicen</span> <span class='ocrx_word' id='word_1_248' title='bbox 674 2370 815 2404; x_wconf 83' lang='lat' dir='ltr'>repente</span> <span class='ocrx_word' id='word_1_249' title='bbox 847 2366 954 2396; x_wconf 88' lang='lat' dir='ltr'>conti—</span> 
     </span>
     <span class='ocr_line' id='line_1_42' title="bbox 261 2414 955 2454; baseline 0.001 -8"><span class='ocrx_word' id='word_1_250' title='bbox 261 2414 357 2447; x_wconf 88' lang='lat' dir='ltr'>cuit.’</span> <span class='ocrx_word' id='word_1_251' title='bbox 403 2415 456 2445; x_wconf 90' lang='lat' dir='ltr'>De</span> <span class='ocrx_word' id='word_1_252' title='bbox 488 2414 650 2444; x_wconf 82' lang='lat' dir='ltr'>Parasitis</span> <span class='ocrx_word' id='word_1_253' title='bbox 679 2414 842 2454; x_wconf 83' lang='lat' dir='ltr'>Apollinis</span> <span class='ocrx_word' id='word_1_254' title='bbox 869 2416 955 2447; x_wconf 89' lang='lat' dir='ltr'>dixi-</span> 
     </span>
     <span class='ocr_line' id='line_1_43' title="bbox 261 2464 956 2497; baseline 0 0"><span class='ocrx_word' id='word_1_255' title='bbox 261 2476 335 2497; x_wconf 89' lang='lat' dir='ltr'>mus</span> <span class='ocrx_word' id='word_1_256' title='bbox 358 2466 391 2496; x_wconf 88' lang='lat' dir='ltr'>iu</span> <span class='ocrx_word' id='word_1_257' title='bbox 408 2464 609 2495; x_wconf 84' lang='lat' dir='ltr'>Ausonianis</span> <span class='ocrx_word' id='word_1_258' title='bbox 635 2465 845 2496; x_wconf 79' lang='lat' dir='ltr'>lectionibus.</span> <span class='ocrx_word' id='word_1_259' title='bbox 889 2467 956 2497; x_wconf 82' lang='lat' dir='ltr'>Ve-</span> 
     </span>
     <span class='ocr_line' id='line_1_44' title="bbox 262 2514 955 2555; baseline 0 -8"><span class='ocrx_word' id='word_1_260' title='bbox 262 2526 335 2547; x_wconf 85' lang='lat' dir='ltr'>rum</span> <span class='ocrx_word' id='word_1_261' title='bbox 359 2520 412 2547; x_wconf 86' lang='lat' dir='ltr'>est</span> <span class='ocrx_word' id='word_1_262' title='bbox 433 2521 557 2554; x_wconf 84' lang='lat' dir='ltr'>autem,</span> <span class='ocrx_word' id='word_1_263' title='bbox 572 2514 659 2555; x_wconf 88' lang='lat' dir='ltr'>quod</span> <span class='ocrx_word' id='word_1_264' title='bbox 685 2516 738 2546; x_wconf 80' lang='lat' dir='ltr'>liic</span> <span class='ocrx_word' id='word_1_265' title='bbox 763 2516 901 2555; x_wconf 86' lang='lat' dir='ltr'>dicitur,</span> <span class='ocrx_word' id='word_1_266' title='bbox 922 2517 955 2547; x_wconf 91' lang='lat' dir='ltr'>in</span> 
     </span>
     <span class='ocr_line' id='line_1_45' title="bbox 260 2566 954 2608; baseline -0.001 -9"><span class='ocrx_word' id='word_1_267' title='bbox 260 2567 370 2599; x_wconf 87' lang='lat' dir='ltr'>mimis</span> <span class='ocrx_word' id='word_1_268' title='bbox 390 2566 463 2598; x_wconf 88' lang='lat' dir='ltr'>fere</span> <span class='ocrx_word' id='word_1_269' title='bbox 486 2566 708 2597; x_wconf 87' lang='lat' dir='ltr'>secundarum</span> <span class='ocrx_word' id='word_1_270' title='bbox 732 2567 878 2606; x_wconf 80' lang='lat' dir='ltr'>partium</span> <span class='ocrx_word' id='word_1_271' title='bbox 897 2577 954 2608; x_wconf 91' lang='lat' dir='ltr'>pa-</span> 
     </span>
     <span class='ocr_line' id='line_1_46' title="bbox 261 2617 953 2649; baseline -0.003 0"><span class='ocrx_word' id='word_1_272' title='bbox 261 2619 379 2649; x_wconf 86' lang='lat' dir='ltr'>rasitos</span> <span class='ocrx_word' id='word_1_273' title='bbox 395 2626 479 2649; x_wconf 87' lang='lat' dir='ltr'>esse.</span> <span class='ocrx_word' id='word_1_274' title='bbox 523 2617 652 2647; x_wconf 86' lang='lat' dir='ltr'>Seneca</span> <span class='ocrx_word' id='word_1_275' title='bbox 673 2617 714 2647; x_wconf 85' lang='lat' dir='ltr'>de</span> <span class='ocrx_word' id='word_1_276' title='bbox 730 2617 777 2647; x_wconf 89' lang='lat' dir='ltr'>ira</span> <span class='ocrx_word' id='word_1_277' title='bbox 794 2617 880 2648; x_wconf 90' lang='lat' dir='ltr'>libro</span> <span class='ocrx_word' id='word_1_278' title='bbox 898 2628 953 2649; x_wconf 88' lang='grc' dir='ltr'><strong>ιιι.</strong></span> 
     </span>
     <span class='ocr_line' id='line_1_47' title="bbox 258 2666 954 2700; baseline 0 0"><span class='ocrx_word' id='word_1_279' title='bbox 258 2669 268 2687; x_wconf 88' lang='lat'>‘</span> <span class='ocrx_word' id='word_1_280' title='bbox 292 2669 431 2700; x_wconf 87' lang='lat' dir='ltr'>Caelium</span> <span class='ocrx_word' id='word_1_281' title='bbox 455 2672 622 2698; x_wconf 85' lang='lat' dir='ltr'>oratorem</span> <span class='ocrx_word' id='word_1_282' title='bbox 646 2666 751 2699; x_wconf 81' lang='lat' dir='ltr'>fuisse</span> <span class='ocrx_word' id='word_1_283' title='bbox 770 2668 954 2700; x_wconf 86' lang='lat' dir='ltr'>iracundis-</span> 
     </span>
     <span class='ocr_line' id='line_1_48' title="bbox 263 2719 953 2760; baseline 0 -10"><span class='ocrx_word' id='word_1_284' title='bbox 263 2720 381 2751; x_wconf 82' lang='lat' dir='ltr'>simum</span> <span class='ocrx_word' id='word_1_285' title='bbox 407 2722 561 2751; x_wconf 86' lang='lat' dir='ltr'>constat:</span> <span class='ocrx_word' id='word_1_286' title='bbox 588 2727 663 2750; x_wconf 87' lang='lat' dir='ltr'>cum</span> <span class='ocrx_word' id='word_1_287' title='bbox 688 2728 765 2760; x_wconf 87' lang='lat' dir='ltr'>quo,</span> <span class='ocrx_word' id='word_1_288' title='bbox 787 2723 822 2750; x_wconf 86' lang='lat' dir='ltr'>ut</span> <span class='ocrx_word' id='word_1_289' title='bbox 848 2719 953 2756; x_wconf 85' lang='lat' dir='ltr'>aiunt,</span> 
     </span>
    </p>
   </div>
   <div class='ocr_carea' id='block_1_13' title="bbox 1005 1245 1708 2759">
    <p class='ocr_par' dir='ltr' id='par_1_15' title="bbox 1005 1245 1708 2042">
     <span class='ocr_line' id='line_1_49' title="bbox 1006 1245 1704 1287; baseline -0.006 -7"><span class='ocrx_word' id='word_1_290' title='bbox 1006 1248 1161 1280; x_wconf 82' lang='lat' dir='ltr'>caenabat</span> <span class='ocrx_word' id='word_1_291' title='bbox 1178 1248 1210 1279; x_wconf 94' lang='lat' dir='ltr'>in</span> <span class='ocrx_word' id='word_1_292' title='bbox 1227 1247 1385 1280; x_wconf 87' lang='lat' dir='ltr'>cubiculo</span> <span class='ocrx_word' id='word_1_293' title='bbox 1413 1247 1512 1279; x_wconf 83' lang='lat' dir='ltr'>lectae</span> <span class='ocrx_word' id='word_1_294' title='bbox 1531 1245 1704 1287; x_wconf 85' lang='lat' dir='ltr'>patientiae</span> 
     </span>
     <span class='ocr_line' id='line_1_50' title="bbox 1006 1298 1706 1341; baseline -0.006 -11"><span class='ocrx_word' id='word_1_295' title='bbox 1006 1300 1124 1341; x_wconf 86' lang='lat' dir='ltr'>cliens,</span> <span class='ocrx_word' id='word_1_296' title='bbox 1140 1299 1199 1330; x_wconf 89' lang='lat' dir='ltr'>sed</span> <span class='ocrx_word' id='word_1_297' title='bbox 1217 1298 1354 1330; x_wconf 87' lang='lat' dir='ltr'>difficile</span> <span class='ocrx_word' id='word_1_298' title='bbox 1372 1303 1446 1329; x_wconf 88' lang='lat' dir='ltr'>erat</span> <span class='ocrx_word' id='word_1_299' title='bbox 1463 1298 1511 1328; x_wconf 92' lang='lat' dir='ltr'>illi</span> <span class='ocrx_word' id='word_1_300' title='bbox 1535 1298 1566 1328; x_wconf 89' lang='lat' dir='ltr'>iu</span> <span class='ocrx_word' id='word_1_301' title='bbox 1585 1306 1706 1337; x_wconf 85' lang='lat' dir='ltr'>crapu-</span> 
     </span>
     <span class='ocr_line' id='line_1_51' title="bbox 1005 1348 1706 1390; baseline -0.007 -9"><span class='ocrx_word' id='word_1_302' title='bbox 1005 1352 1070 1382; x_wconf 89' lang='lat' dir='ltr'>lam</span> <span class='ocrx_word' id='word_1_303' title='bbox 1103 1350 1259 1390; x_wconf 85' lang='lat' dir='ltr'>conjecto</span> <span class='ocrx_word' id='word_1_304' title='bbox 1290 1349 1396 1379; x_wconf 85' lang='lat' dir='ltr'>rixam</span> <span class='ocrx_word' id='word_1_305' title='bbox 1428 1348 1513 1388; x_wconf 89' lang='lat' dir='ltr'>ejus,</span> <span class='ocrx_word' id='word_1_306' title='bbox 1537 1357 1611 1378; x_wconf 86' lang='lat' dir='ltr'>cum</span> <span class='ocrx_word' id='word_1_307' title='bbox 1640 1356 1706 1387; x_wconf 84' lang='lat' dir='ltr'>quo</span> 
     </span>
     <span class='ocr_line' id='line_1_52' title="bbox 1006 1397 1707 1440; baseline -0.006 -8"><span class='ocrx_word' id='word_1_308' title='bbox 1006 1399 1331 1440; x_wconf 80' lang='lat' dir='ltr'>edebat,.effugere.</span> <span class='ocrx_word' id='word_1_309' title='bbox 1377 1399 1553 1440; x_wconf 86' lang='lat' dir='ltr'>Optimum</span> <span class='ocrx_word' id='word_1_310' title='bbox 1576 1397 1707 1438; x_wconf 80' lang='lat' dir='ltr'>judica-</span> 
     </span>
     <span class='ocr_line' id='line_1_53' title="bbox 1007 1450 1706 1493; baseline -0.006 -11"><span class='ocrx_word' id='word_1_311' title='bbox 1007 1453 1055 1483; x_wconf 90' lang='lat' dir='ltr'>vit</span> <span class='ocrx_word' id='word_1_312' title='bbox 1072 1452 1228 1493; x_wconf 87' lang='lat' dir='ltr'>quicquid</span> <span class='ocrx_word' id='word_1_313' title='bbox 1247 1451 1390 1481; x_wconf 85' lang='lat' dir='ltr'>dixisset</span> <span class='ocrx_word' id='word_1_314' title='bbox 1411 1450 1518 1491; x_wconf 87' lang='lat' dir='ltr'>sequi,</span> <span class='ocrx_word' id='word_1_315' title='bbox 1535 1454 1568 1480; x_wconf 89' lang='lat' dir='ltr'>et</span> <span class='ocrx_word' id='word_1_316' title='bbox 1586 1458 1706 1480; x_wconf 87' lang='lat' dir='ltr'>secun-</span> 
     </span>
     <span class='ocr_line' id='line_1_54' title="bbox 1007 1501 1706 1543; baseline -0.004 -10"><span class='ocrx_word' id='word_1_317' title='bbox 1007 1504 1065 1534; x_wconf 89' lang='lat' dir='ltr'>das</span> <span class='ocrx_word' id='word_1_318' title='bbox 1081 1512 1192 1543; x_wconf 81' lang='lat' dir='ltr'>agere.</span> <span class='ocrx_word' id='word_1_319' title='bbox 1238 1502 1315 1533; x_wconf 86' lang='lat' dir='ltr'>Non</span> <span class='ocrx_word' id='word_1_320' title='bbox 1342 1501 1420 1532; x_wconf 91' lang='lat' dir='ltr'>tulit</span> <span class='ocrx_word' id='word_1_321' title='bbox 1444 1501 1569 1531; x_wconf 75' lang='lat' dir='ltr'>Caettus</span> <span class='ocrx_word' id='word_1_322' title='bbox 1592 1509 1706 1530; x_wconf 85' lang='lat' dir='ltr'>assen-</span> 
     </span>
     <span class='ocr_line' id='line_1_55' title="bbox 1006 1550 1706 1594; baseline -0.007 -9"><span class='ocrx_word' id='word_1_323' title='bbox 1006 1555 1160 1594; x_wconf 88' lang='lat' dir='ltr'>tientem,</span> <span class='ocrx_word' id='word_1_324' title='bbox 1177 1553 1234 1584; x_wconf 84' lang='lat' dir='ltr'>sed</span> <span class='ocrx_word' id='word_1_325' title='bbox 1252 1553 1474 1583; x_wconf 83' lang='lat' dir='ltr'>exclamavit:</span> <span class='ocrx_word' id='word_1_326' title='bbox 1500 1551 1568 1582; x_wconf 89' lang='lat' dir='ltr'>Dic</span> <span class='ocrx_word' id='word_1_327' title='bbox 1582 1550 1706 1591; x_wconf 87' lang='lat' dir='ltr'>aliquid</span> 
     </span>
     <span class='ocr_line' id='line_1_56' title="bbox 1007 1602 1708 1640; baseline -0.007 -4"><span class='ocrx_word' id='word_1_328' title='bbox 1007 1610 1139 1640; x_wconf 88' lang='lat' dir='ltr'>contra,</span> <span class='ocrx_word' id='word_1_329' title='bbox 1156 1610 1193 1636; x_wconf 89' lang='lat' dir='ltr'>ut</span> <span class='ocrx_word' id='word_1_330' title='bbox 1211 1603 1277 1634; x_wconf 87' lang='lat' dir='ltr'>duo</span> <span class='ocrx_word' id='word_1_331' title='bbox 1300 1602 1425 1634; x_wconf 86' lang='lat' dir='ltr'>simus.’</span> <span class='ocrx_word' id='word_1_332' title='bbox 1472 1602 1538 1633; x_wconf 87' lang='lat' dir='ltr'>Hic</span> <span class='ocrx_word' id='word_1_333' title='bbox 1561 1602 1708 1632; x_wconf 77' lang='lat' dir='ltr'>secundas</span> 
     </span>
     <span class='ocr_line' id='line_1_57' title="bbox 1006 1654 1706 1699; baseline -0.007 -10"><span class='ocrx_word' id='word_1_334' title='bbox 1006 1668 1109 1698; x_wconf 80' lang='lat' dir='ltr'>agere,</span> <span class='ocrx_word' id='word_1_335' title='bbox 1124 1659 1222 1699; x_wconf 89' lang='lat' dir='ltr'>plane</span> <span class='ocrx_word' id='word_1_336' title='bbox 1240 1662 1305 1696; x_wconf 84' lang='lat' dir='ltr'>est,</span> <span class='ocrx_word' id='word_1_337' title='bbox 1319 1656 1496 1695; x_wconf 79' lang='lat' dir='ltr'>assentari,</span> <span class='ocrx_word' id='word_1_338' title='bbox 1513 1654 1706 1695; x_wconf 78' lang='lat' dir='ltr'>supparasi-</span> 
     </span>
     <span class='ocr_line' id='line_1_58' title="bbox 1007 1706 1708 1749; baseline -0.004 -10"><span class='ocrx_word' id='word_1_339' title='bbox 1007 1709 1081 1748; x_wconf 81' lang='lat' dir='ltr'>tari,</span> <span class='ocrx_word' id='word_1_340' title='bbox 1093 1708 1304 1749; x_wconf 84' lang='lat' dir='ltr'>atque‚quod</span> <span class='ocrx_word' id='word_1_341' title='bbox 1319 1708 1372 1738; x_wconf 92' lang='lat' dir='ltr'>ille</span> <span class='ocrx_word' id='word_1_342' title='bbox 1388 1706 1708 1747; x_wconf 75' lang='lat' dir='ltr'>profitetur‚Az·unt?</span> 
     </span>
     <span class='ocr_line' id='line_1_59' title="bbox 1006 1756 1706 1799; baseline -0.006 -9"><span class='ocrx_word' id='word_1_343' title='bbox 1006 1760 1066 1791; x_wconf 70' lang='lat'><strong><em>(11⁸0.</em></strong></span> <span class='ocrx_word' id='word_1_344' title='bbox 1095 1762 1232 1798; x_wconf 67' lang='lat' dir='ltr'>negant?</span> <span class='ocrx_word' id='word_1_345' title='bbox 1254 1769 1342 1798; x_wconf 76' lang='lat' dir='ltr'>negO.</span> <span class='ocrx_word' id='word_1_346' title='bbox 1389 1759 1508 1799; x_wconf 83' lang='lat' dir='ltr'>Neque</span> <span class='ocrx_word' id='word_1_347' title='bbox 1539 1756 1628 1787; x_wconf 80' lang='lat' dir='ltr'>aliud</span> <span class='ocrx_word' id='word_1_348' title='bbox 1658 1756 1706 1786; x_wconf 93' lang='lat' dir='ltr'>in-</span> 
     </span>
     <span class='ocr_line' id='line_1_60' title="bbox 1008 1807 1706 1846; baseline -0.007 -5"><span class='ocrx_word' id='word_1_349' title='bbox 1008 1809 1142 1841; x_wconf 83' lang='lat' dir='ltr'>tellexit</span> <span class='ocrx_word' id='word_1_350' title='bbox 1159 1809 1347 1840; x_wconf 88' lang='lat' dir='ltr'>Horatius:</span> <span class='ocrx_word' id='word_1_351' title='bbox 1374 1813 1382 1825; x_wconf 81' lang='lat'><strong><em>¹</em></strong></span> <span class='ocrx_word' id='word_1_352' title='bbox 1400 1812 1457 1838; x_wconf 90' lang='lat' dir='ltr'>aut</span> <span class='ocrx_word' id='word_1_353' title='bbox 1479 1807 1611 1837; x_wconf 87' lang='lat' dir='ltr'>mimum</span> <span class='ocrx_word' id='word_1_354' title='bbox 1631 1815 1706 1846; x_wconf 83' lang='lat' dir='ltr'>par-</span> 
     </span>
     <span class='ocr_line' id='line_1_61' title="bbox 1009 1857 1706 1891; baseline -0.009 0"><span class='ocrx_word' id='word_1_355' title='bbox 1009 1866 1058 1891; x_wconf 81' lang='lat' dir='ltr'>tes</span> <span class='ocrx_word' id='word_1_356' title='bbox 1077 1866 1224 1891; x_wconf 80' lang='lat' dir='ltr'>tractare</span> <span class='ocrx_word' id='word_1_357' title='bbox 1241 1858 1431 1890; x_wconf 81' lang='lat' dir='ltr'>secundas.&#39;</span> <span class='ocrx_word' id='word_1_358' title='bbox 1461 1858 1605 1889; x_wconf 87' lang='lat' dir='ltr'>Clamosi</span> <span class='ocrx_word' id='word_1_359' title='bbox 1618 1857 1706 1887; x_wconf 80' lang='lat' dir='ltr'>onim</span> 
     </span>
     <span class='ocr_line' id='line_1_62' title="bbox 1007 1907 1703 1942; baseline -0.007 -1"><span class='ocrx_word' id='word_1_360' title='bbox 1007 1912 1216 1942; x_wconf 87' lang='lat' dir='ltr'>inducuntur</span> <span class='ocrx_word' id='word_1_361' title='bbox 1253 1909 1410 1940; x_wconf 83' lang='lat' dir='ltr'>Parasiti.</span> <span class='ocrx_word' id='word_1_362' title='bbox 1475 1907 1703 1939; x_wconf 84' lang='lat' dir='ltr'>Glossarium:</span> 
     </span>
     <span class='ocr_line' id='line_1_63' title="bbox 1007 1956 1708 1999; baseline -0.006 -9"><span class='ocrx_word' id='word_1_363' title='bbox 1007 1962 1016 1978; x_wconf 93' lang='lat'>‘</span> <span class='ocrx_word' id='word_1_364' title='bbox 1035 1960 1278 1999; x_wconf 82' lang='lat' dir='ltr'>Secundarius,</span> <span class='ocrx_word' id='word_1_365' title='bbox 1321 1958 1484 1998; x_wconf 72' lang='lat' dir='ltr'>Subdiga,</span> <span class='ocrx_word' id='word_1_366' title='bbox 1522 1956 1708 1998; x_wconf 82' lang='grc' dir='ltr'><strong>ὑποκριτής.’</strong></span> 
     </span>
     <span class='ocr_line' id='line_1_64' title="bbox 1006 2010 1171 2042; baseline -0.012 0"><span class='ocrx_word' id='word_1_367' title='bbox 1006 2013 1076 2042; x_wconf 80' lang='lat' dir='ltr'>Jos.</span> <span class='ocrx_word' id='word_1_368' title='bbox 1091 2010 1171 2041; x_wconf 81' lang='lat' dir='ltr'>Scal.</span> 
     </span>
    </p>

    <p class='ocr_par' dir='ltr' id='par_1_16' title="bbox 1007 2058 1705 2649">
     <span class='ocr_line' id='line_1_65' title="bbox 1051 2058 1705 2100; baseline -0.005 -9"><span class='ocrx_word' id='word_1_369' title='bbox 1051 2062 1145 2092; x_wconf 74' lang='lat' dir='ltr'>Sulca</span> <span class='ocrx_word' id='word_1_370' title='bbox 1161 2070 1211 2091; x_wconf 83' lang='lat' dir='ltr'>res</span> <span class='ocrx_word' id='word_1_371' title='bbox 1224 2059 1285 2100; x_wconf 81' lang='lat' dir='ltr'>est]</span> <span class='ocrx_word' id='word_1_372' title='bbox 1310 2059 1418 2090; x_wconf 81' lang='lat' dir='ltr'>Paulo</span> <span class='ocrx_word' id='word_1_373' title='bbox 1429 2059 1527 2090; x_wconf 86' lang='lat' dir='ltr'>aliter</span> <span class='ocrx_word' id='word_1_374' title='bbox 1543 2058 1637 2089; x_wconf 91' lang='lat' dir='ltr'>Serv.</span> <span class='ocrx_word' id='word_1_375' title='bbox 1650 2067 1705 2089; x_wconf 88' lang='grc' dir='ltr'><strong>ιιι.</strong></span> 
     </span>
     <span class='ocr_line' id='line_1_66' title="bbox 1007 2109 1705 2151; baseline -0.006 -9"><span class='ocrx_word' id='word_1_376' title='bbox 1007 2112 1080 2143; x_wconf 82' lang='lat' dir='ltr'>AEu.</span> <span class='ocrx_word' id='word_1_377' title='bbox 1104 2116 1111 2128; x_wconf 89' lang='lat'><em>‘</em></span> <span class='ocrx_word' id='word_1_378' title='bbox 1129 2110 1238 2149; x_wconf 89' lang='lat' dir='ltr'>Cum,&#39;</span> <span class='ocrx_word' id='word_1_379' title='bbox 1265 2111 1388 2151; x_wconf 83' lang='lat' dir='ltr'>inquit,</span> <span class='ocrx_word' id='word_1_380' title='bbox 1415 2109 1611 2140; x_wconf 87' lang='lat' dir='ltr'>‘iracundia</span> <span class='ocrx_word' id='word_1_381' title='bbox 1639 2118 1705 2139; x_wconf 89' lang='lat' dir='ltr'>ma-</span> 
     </span>
     <span class='ocr_line' id='line_1_67' title="bbox 1008 2159 1703 2197; baseline -0.004 -5"><span class='ocrx_word' id='word_1_382' title='bbox 1008 2162 1067 2193; x_wconf 88' lang='lat' dir='ltr'>tris</span> <span class='ocrx_word' id='word_1_383' title='bbox 1085 2162 1194 2192; x_wconf 89' lang='lat' dir='ltr'>Deum</span> <span class='ocrx_word' id='word_1_384' title='bbox 1208 2161 1349 2190; x_wconf 87' lang='lat' dir='ltr'>Romani</span> <span class='ocrx_word' id='word_1_385' title='bbox 1364 2159 1613 2197; x_wconf 87' lang='lat' dir='ltr'>laborarent,et</span> <span class='ocrx_word' id='word_1_386' title='bbox 1630 2168 1703 2189; x_wconf 83' lang='lat' dir='ltr'>earn</span> 
     </span>
     <span class='ocr_line' id='line_1_68' title="bbox 1007 2209 1704 2251; baseline -0.007 -8"><span class='ocrx_word' id='word_1_387' title='bbox 1007 2222 1069 2243; x_wconf 88' lang='lat' dir='ltr'>nec</span> <span class='ocrx_word' id='word_1_388' title='bbox 1086 2210 1275 2251; x_wconf 77' lang='lat' dir='ltr'>sacrificiis,</span> <span class='ocrx_word' id='word_1_389' title='bbox 1292 2219 1354 2240; x_wconf 88' lang='lat' dir='ltr'>nec</span> <span class='ocrx_word' id='word_1_390' title='bbox 1370 2209 1457 2240; x_wconf 90' lang='lat' dir='ltr'>ludis</span> <span class='ocrx_word' id='word_1_391' title='bbox 1477 2209 1611 2249; x_wconf 87' lang='lat' dir='ltr'>placare</span> <span class='ocrx_word' id='word_1_392' title='bbox 1631 2218 1704 2249; x_wconf 84' lang='lat' dir='ltr'>pos-</span> 
     </span>
     <span class='ocr_line' id='line_1_69' title="bbox 1007 2259 1704 2303; baseline -0.007 -9"><span class='ocrx_word' id='word_1_393' title='bbox 1007 2268 1094 2302; x_wconf 86' lang='lat' dir='ltr'>sent,</span> <span class='ocrx_word' id='word_1_394' title='bbox 1110 2262 1244 2303; x_wconf 87' lang='lat' dir='ltr'>quidam</span> <span class='ocrx_word' id='word_1_395' title='bbox 1257 2271 1360 2292; x_wconf 81' lang='lat' dir='ltr'>senex</span> <span class='ocrx_word' id='word_1_396' title='bbox 1378 2261 1513 2291; x_wconf 87' lang='lat' dir='ltr'>statutis</span> <span class='ocrx_word' id='word_1_397' title='bbox 1530 2259 1617 2289; x_wconf 89' lang='lat' dir='ltr'>ludis</span> <span class='ocrx_word' id='word_1_398' title='bbox 1631 2259 1704 2290; x_wconf 89' lang='lat' dir='ltr'>Cir-</span> 
     </span>
     <span class='ocr_line' id='line_1_70' title="bbox 1007 2309 1705 2351; baseline -0.003 -7"><span class='ocrx_word' id='word_1_399' title='bbox 1007 2313 1163 2344; x_wconf 80' lang='lat' dir='ltr'>censibus</span> <span class='ocrx_word' id='word_1_400' title='bbox 1180 2311 1327 2349; x_wconf 85' lang='lat' dir='ltr'>saltavit,</span> <span class='ocrx_word' id='word_1_401' title='bbox 1344 2320 1418 2351; x_wconf 86' lang='lat' dir='ltr'>quae</span> <span class='ocrx_word' id='word_1_402' title='bbox 1437 2311 1507 2340; x_wconf 89' lang='lat' dir='ltr'>sola</span> <span class='ocrx_word' id='word_1_403' title='bbox 1523 2309 1586 2341; x_wconf 85' lang='lat' dir='ltr'>fuit</span> <span class='ocrx_word' id='word_1_404' title='bbox 1602 2320 1705 2342; x_wconf 87' lang='lat' dir='ltr'>causa</span> 
     </span>
     <span class='ocr_line' id='line_1_71' title="bbox 1007 2361 1703 2403; baseline -0.003 -10"><span class='ocrx_word' id='word_1_405' title='bbox 1007 2362 1224 2403; x_wconf 80' lang='lat' dir='ltr'>placationis:</span> <span class='ocrx_word' id='word_1_406' title='bbox 1250 2361 1340 2391; x_wconf 84' lang='lat' dir='ltr'>unde</span> <span class='ocrx_word' id='word_1_407' title='bbox 1367 2366 1400 2391; x_wconf 88' lang='lat' dir='ltr'>et</span> <span class='ocrx_word' id='word_1_408' title='bbox 1425 2365 1538 2391; x_wconf 84' lang='lat' dir='ltr'>natum</span> <span class='ocrx_word' id='word_1_409' title='bbox 1567 2371 1703 2401; x_wconf 86' lang='lat' dir='ltr'>prover-</span> 
     </span>
     <span class='ocr_line' id='line_1_72' title="bbox 1008 2411 1702 2453; baseline -0.001 -9"><span class='ocrx_word' id='word_1_410' title='bbox 1008 2414 1096 2445; x_wconf 85' lang='lat' dir='ltr'>bium</span> <span class='ocrx_word' id='word_1_411' title='bbox 1115 2418 1180 2453; x_wconf 89' lang='lat' dir='ltr'>est,</span> <span class='ocrx_word' id='word_1_412' title='bbox 1197 2412 1318 2442; x_wconf 88' lang='lat' dir='ltr'>Omnia</span> <span class='ocrx_word' id='word_1_413' title='bbox 1333 2411 1502 2449; x_wconf 84' lang='lat' dir='ltr'>secunda;</span> <span class='ocrx_word' id='word_1_414' title='bbox 1527 2412 1627 2443; x_wconf 88' lang='lat' dir='ltr'>saltat</span> <span class='ocrx_word' id='word_1_415' title='bbox 1651 2422 1702 2443; x_wconf 81' lang='lat' dir='ltr'>se-</span> 
     </span>
     <span class='ocr_line' id='line_1_73' title="bbox 1008 2463 1703 2496; baseline -0.003 0"><span class='ocrx_word' id='word_1_416' title='bbox 1008 2475 1086 2496; x_wconf 84' lang='lat' dir='ltr'>nex.</span> <span class='ocrx_word' id='word_1_417' title='bbox 1131 2463 1292 2496; x_wconf 82' lang='lat' dir='ltr'>Quamvis</span> <span class='ocrx_word' id='word_1_418' title='bbox 1309 2463 1380 2494; x_wconf 79' lang='lat' dir='ltr'>liaec</span> <span class='ocrx_word' id='word_1_419' title='bbox 1398 2463 1464 2493; x_wconf 90' lang='lat' dir='ltr'>alio</span> <span class='ocrx_word' id='word_1_420' title='bbox 1477 2472 1518 2493; x_wconf 85' lang='lat' dir='ltr'>ex</span> <span class='ocrx_word' id='word_1_421' title='bbox 1535 2463 1651 2494; x_wconf 85' lang='lat' dir='ltr'>ordine</span> <span class='ocrx_word' id='word_1_422' title='bbox 1668 2471 1703 2494; x_wconf 85' lang='lat' dir='ltr'>et</span> 
     </span>
     <span class='ocr_line' id='line_1_74' title="bbox 1009 2515 1702 2548; baseline -0.003 0"><span class='ocrx_word' id='word_1_423' title='bbox 1009 2517 1073 2548; x_wconf 89' lang='lat' dir='ltr'>alia</span> <span class='ocrx_word' id='word_1_424' title='bbox 1087 2526 1129 2547; x_wconf 83' lang='lat' dir='ltr'>ex</span> <span class='ocrx_word' id='word_1_425' title='bbox 1139 2525 1238 2547; x_wconf 84' lang='lat' dir='ltr'>cansa</span> <span class='ocrx_word' id='word_1_426' title='bbox 1250 2519 1406 2546; x_wconf 89' lang='lat' dir='ltr'>narretur</span> <span class='ocrx_word' id='word_1_427' title='bbox 1419 2515 1580 2546; x_wconf 65' lang='lat' dir='ltr'>historia!</span> <span class='ocrx_word' id='word_1_428' title='bbox 1603 2515 1702 2546; x_wconf 85' lang='lat' dir='ltr'>Unde</span> 
     </span>
     <span class='ocr_line' id='line_1_75' title="bbox 1007 2566 1701 2609; baseline -0.003 -10"><span class='ocrx_word' id='word_1_429' title='bbox 1007 2572 1102 2609; x_wconf 86' lang='lat' dir='ltr'>patet</span> <span class='ocrx_word' id='word_1_430' title='bbox 1112 2567 1266 2598; x_wconf 88' lang='lat' dir='ltr'>Servium</span> <span class='ocrx_word' id='word_1_431' title='bbox 1283 2575 1345 2596; x_wconf 92' lang='lat' dir='ltr'>non</span> <span class='ocrx_word' id='word_1_432' title='bbox 1362 2566 1533 2607; x_wconf 85' lang='lat' dir='ltr'>ignorasse</span> <span class='ocrx_word' id='word_1_433' title='bbox 1547 2566 1637 2607; x_wconf 87' lang='lat' dir='ltr'>quod</span> <span class='ocrx_word' id='word_1_434' title='bbox 1649 2566 1701 2597; x_wconf 82' lang='lat' dir='ltr'>hic</span> 
     </span>
     <span class='ocr_line' id='line_1_76' title="bbox 1009 2617 1382 2649; baseline -0.005 0"><span class='ocrx_word' id='word_1_435' title='bbox 1009 2623 1126 2649; x_wconf 84' lang='lat' dir='ltr'>narrat</span> <span class='ocrx_word' id='word_1_436' title='bbox 1141 2618 1274 2648; x_wconf 86' lang='lat' dir='ltr'>Festus.</span> <span class='ocrx_word' id='word_1_437' title='bbox 1299 2617 1382 2648; x_wconf 78' lang='lat' dir='ltr'>Dae.</span> 
     </span>
    </p>

    <p class='ocr_par' dir='ltr' id='par_1_17' title="bbox 1010 2665 1702 2759">
     <span class='ocr_line' id='line_1_77' title="bbox 1052 2665 1702 2707; baseline -0.005 -8"><span class='ocrx_word' id='word_1_438' title='bbox 1052 2670 1060 2688; x_wconf 73' lang='lat'><strong>²</strong></span> <span class='ocrx_word' id='word_1_439' title='bbox 1084 2669 1174 2704; x_wconf 81' lang='lat' dir='ltr'>Quod</span> <span class='ocrx_word' id='word_1_440' title='bbox 1191 2668 1227 2699; x_wconf 85' lang='lat' dir='ltr'>C.</span> <span class='ocrx_word' id='word_1_441' title='bbox 1244 2666 1399 2707; x_wconf 74' lang='grc' dir='ltr'>8ιι1]ηἰ’ὶο,’</span> <span class='ocrx_word' id='word_1_442' title='bbox 1412 2669 1449 2698; x_wconf 80' lang='lat' dir='ltr'>C.</span> <span class='ocrx_word' id='word_1_443' title='bbox 1470 2667 1575 2698; x_wconf 74' lang='lat' dir='ltr'><em>Fulvio</em></span> <span class='ocrx_word' id='word_1_444' title='bbox 1593 2665 1702 2705; x_wconf 64' lang='lat' dir='ltr'>Cous]</span> 
     </span>
     <span class='ocr_line' id='line_1_78' title="bbox 1010 2717 1702 2759; baseline -0.009 -7"><span class='ocrx_word' id='word_1_445' title='bbox 1010 2721 1092 2752; x_wconf 87' lang='lat' dir='ltr'>Cum</span> <span class='ocrx_word' id='word_1_446' title='bbox 1104 2720 1137 2751; x_wconf 82' lang='lat' dir='ltr'>lii</span> <span class='ocrx_word' id='word_1_447' title='bbox 1149 2719 1301 2752; x_wconf 84' lang='lat' dir='ltr'>consules</span> <span class='ocrx_word' id='word_1_448' title='bbox 1312 2727 1472 2759; x_wconf 86' lang='lat' dir='ltr'>nusquam</span> <span class='ocrx_word' id='word_1_449' title='bbox 1487 2717 1702 2758; x_wconf 85' lang='lat' dir='ltr'>reperiantur</span> 
     </span>
    </p>
   </div>
  </div>
 </body>
</html>
