1876 3025
276 115 389 157 1228

277 220 320 251 tis
335 219 496 261 adscripti
512 225 628 252 eraut:
643 219 818 251 fodiebant
838 230 972 252 arenam

279 276 314 302 et
331 271 475 302 ruebant
489 272 566 312 pala
581 272 634 302 vel
651 276 755 311 rutro,
767 272 855 313 quod
868 282 973 312 genus

279 322 532 355 exercitationis
561 322 675 364 attigit
697 322 896 354 Theocritus
920 323 976 354 Ei-

803 455 960 503 LIB.

324 559 416 590 PAG.
431 563 504 591 800.
530 561 781 603 Sacramentum]
817 563 895 595 Jam
912 573 976 594 non

282 610 459 642 admodum
480 612 658 644 obscurum
685 623 758 645 esse
785 620 879 655 puto,
897 615 976 656 qnid

282 662 347 693 sibi
376 663 518 694 voluerit
540 663 735 696 tribuniciae
765 665 866 706 liujus
891 666 978 706 legis

283 717 412 751 auctor,
443 723 543 754 quam
574 713 673 745 facile
703 715 783 746 milii
809 717 979 756 persuasit

283 763 393 794 Lucas
429 764 617 801 Fruterius,
651 765 785 806 ingenio
815 767 978 807 singulari

282 814 446 854 praeditus
463 815 670 856 adolescens,
685 817 726 848 ad
742 817 830 848 hunc
844 818 979 850 modum

283 865 527 897 restituendum
544 876 617 898 esse
632 878 640 898 :
662 868 841 909 Quicunque
854 869 981 909 posthac

280 917 515 956 praetorsactus
530 919 602 957 erit,
619 919 671 959 qui
687 919 769 950 inter
781 920 918 958 cirisjus
932 922 979 952 di-

282 971 340 1004 cet,
357 971 420 998 tres
430 969 514 1000 viros
527 970 675 1010 capitales
687 973 830 1011 populum
847 976 957 1011 rogato
969 984 979 1003 .-

283 1018 368 1058 iique
383 1022 447 1050 tres
461 1020 523 1051 viri
545 1021 693 1061 capitales
715 1022 884 1063 quicunque
899 1034 917 1053 a
931 1034 978 1063 po-

283 1070 354 1109 pulo
377 1070 459 1107 facti
484 1076 574 1103 erunt
603 1073 806 1105 Sacramenta
831 1074 980 1114 exigunlo

275 1119 498 1162 J'udicantoque
511 1124 672 1163 eodemque
680 1123 753 1162 jure
765 1128 868 1160 sunm,
881 1125 927 1155 uli
942 1135 982 1156 ex

283 1171 403 1210 legibus
414 1173 584 1213 plebeisque
600 1174 689 1204 scitis
703 1175 839 1214 exigere,
856 1175 981 1214 judica-

284 1231 329 1261 re,
356 1232 479 1263 esseque
503 1228 632 1264 oportet.
660 1225 846 1256 Raevardus
863 1227 982 1257 Vario-

285 1282 356 1303 rum
376 1274 435 1304 lib.
452 1283 492 1305 11.
509 1284 585 1314 cap.
603 1278 654 1306 18.
672 1285 769 1316 quem
788 1276 875 1308 vide.

328 1324 577 1366 Sacramentum]
635 1327 826 1367 Quicumque
869 1331 984 1367 praetor

285 1379 353 1414 post
377 1376 432 1406 Ιιοι·
453 1376 563 1414 sactus
578 1378 651 1409 erit.
697 1379 751 1409 Ita
779 1380 980 1419 legendum:

288 1435 367 1465 nou,
403 1428 553 1466 posthac:
604 1429 693 1459 enim
733 1430 843 1461 locum
875 1430 983 1469 ignari

286 1475 502 1517 antiquitatis
541 1479 772 1511 immutarunt.
823 1480 985 1520 Gifanius,

286 1527 295 1543 ‘
309 1533 385 1567 post
403 1528 489 1559 hoc.'

330 1577 580 1620 Sacramentum]
599 1580 854 1612 Sacramentum
867 1582 913 1613 sic
926 1592 984 1613 ex-

287 1628 433 1668 plicatur
459 1640 478 1661 a
501 1631 616 1669 Festo,
636 1637 673 1662 ut
698 1642 772 1673 quae
797 1632 885 1673 apud
910 1643 985 1664 eum

288 1680 492 1711 conturbata
533 1687 622 1717 suut,
653 1682 801 1721 digeram
821 1693 828 1712 2
873 1683 986 1715 Sacra-

287 1733 423 1760 mentum
437 1740 480 1761 oes
493 1731 666 1773 significat,
687 1733 766 1772 quod
781 1742 876 1772 poenae
891 1733 987 1764 nomi·

288 1790 325 1809 ne
335 1781 491 1821 penditur,
504 1782 571 1812 sive
585 1793 618 1813 eo
633 1784 712 1823 quod
727 1784 795 1823 quis
811 1783 987 1823 interroga-

289 1833 354 1868 tur,
369 1831 432 1862 sire
446 1833 656 1864 contenditur.
702 1834 741 1864 Id
759 1834 790 1864 in
811 1834 883 1865 aliis
900 1835 988 1866 rebus

289 1882 514 1922 quinquaginta
535 1885 650 1914 assium
676 1888 734 1921 est,
750 1885 782 1915 in
805 1885 876 1915 aliis
900 1886 987 1925 quin-

286 1935 461 1972 gentorum,
484 1934 567 1965 inter
580 1945 644 1971 eos,
664 1935 843 1975 quijudieio
860 1936 941 1967 inter
955 1946 987 1967 se

289 1985 523 2015 contenderent.-
550 1995 609 2024 qua
624 1986 660 2016 de
675 1996 709 2016 re
725 1987 791 2023 Iege
808 1985 846 2016 L.
863 1987 990 2026 Papirii

295 2032 405 2062 Tribu.
431 2033 519 2064 Pleb.
545 2036 696 2066 sancitum
720 2040 765 2066 est
789 2036 838 2066 his
868 2036 990 2067 verbis.-

294 2082 483 2124 Quicumque
505 2089 619 2124 prcetor
640 2090 709 2125 post
731 2087 785 2117 hoc
801 2087 909 2124 sactus
929 2088 989 2118 erit

291 2133 346 2172 qui
359 2133 441 2164 inter
457 2136 538 2166 cives
551 2135 607 2173 jus
621 2136 714 2175 (licet,
733 2137 891 2168 Trcsviros
905 2138 989 2177 capi·

292 2184 368 2214 tales
393 2188 524 2222 rogato:
556 2186 639 2226 iique
663 2187 791 2217 tresviri
811 2188 989 2227 quicumque

293 2237 383 2264 erunt
400 2234 551 2273 exiguum
566 2241 770 2272 sacramenta,
789 2248 828 2269 ex
845 2238 991 2277 judican-

293 2284 403 2324 doque,
418 2286 522 2316 eodem
529 2285 603 2324 jure
619 2290 722 2326 sunto,
738 2291 772 2318 ut
795 2298 869 2328 quos
891 2298 931 2318 ex
950 2289 990 2320 le-

291 2334 382 2373 gibus
394 2335 565 2376 plcbeisque
585 2337 674 2367 scitis
695 2339 819 2377 exigere
831 2339 990 2377 judicare—

294 2395 351 2424 que
367 2389 498 2426 oportet.
536 2387 730 2418 Sacramenta·
746 2393 847 2419 autem
859 2389 991 2426 nomine,

293 2435 328 2465 ia
342 2446 385 2466 oes
400 2436 463 2466 dici
477 2440 620 2477 caeptum,
636 2440 713 2478 quod
729 2442 760 2469 et
774 2443 900 2479 propter
915 2450 993 2471 σενα-

294 2486 336 2516 rii
352 2487 486 2526 inopiam
500 2491 530 2518 et
544 2498 700 2519 sacrorum
711 2490 902 2528 publicorum
915 2492 993 2521 mul-

295 2538 460 2568 titudinem
475 2539 709 2569 consumebatur
719 2541 751 2569 in
766 2540 856 2570 rebus
867 2541 993 2572 divinis.

295 2592 478 2628 uteumque
510 2590 603 2629 potui
632 2590 716 2620 hanc
749 2601 766 2620 e
794 2590 994 2632 fragmentis

296 2639 417 2669 laceris
435 2645 469 2670 et
493 2639 647 2680 disjectis
672 2641 824 2682 Pompeii
848 2643 993 2683 scriptu-

298 2699 367 2721 ram
404 2691 475 2721 erui
492 2701 500 2722 :
549 2700 649 2732 quam
688 2701 879 2732 germanam
920 2703 993 2725 esse

739 127 880 157 NOTAE
915 126 1176 157 VARIORUM
1216 128 1266 158 lN

1026 221 1095 252 dill.
1125 230 1175 252 tv.
1199 221 1246 253 sic
1275 222 1427 253 scribens
1444 233 1452 254 ε
1491 223 1614 263 Κῷχετ’
1641 224 1723 264 ἔχων

1027 271 1188 303 σκαπάναυ
1203 284 1239 303 τε
1255 272 1306 304 καὶ
1322 272 1417 304 eirca-1⁹4
1431 273 1558 305 τουτόθε
1570 276 1664 313 μᾶλα.

1017 455 1193 504 XVII.

1030 568 1194 604 praestare
1232 573 1300 594 nou
1339 563 1456 595 ausim.
1504 561 1635 595 Turneb.
1671 561 1726 593 lib.

1029 624 1133 646 xxix.
1148 626 1212 657 cap.
1227 619 1282 647 36.

1072 666 1165 697 PAG.
1196 669 1270 697 854.
1307 664 1437 707 Serilla]
1483 666 1601 698 Serilz’a
1628 670 1726 696 vetus

1031 715 1132 757 poeta
1148 717 1315 748 Pacuvius
1332 717 1658 757 nuncupavstfanes,
1673 726 1729 746 ve-

1030 768 1208 809 riloquium
1224 773 1259 799 et
1277 768 1487 800 notationem
1514 768 1608 799 verbi
1632 776 1729 798 secu-

1031 825 1085 850 tus
1111 819 1249 851 Graeei:
1284 829 1361 850 nam
1384 818 1508 860 σπάρτα
1533 819 1653 850 Graece
1679 817 1730 848 di-

1031 874 1155 900 cuntur
1185 879 1205 900 a
1235 869 1395 909 serendo,
1425 870 1514 901 unde
1546 874 1582 900 et
1611 868 1730 907 servilia,

1031 919 1120 960 quod
1137 919 1278 951 cannabi
1296 919 1429 961 linoque
1445 919 1568 951 fierent
1584 931 1591 951 :
1617 930 1730 961 quam-

1032 970 1082 1001 vis
1099 970 1142 1002 de
1164 970 1309 1011 sparteis
1331 970 1412 1001 illud
1438 971 1593 1002 dixerat:
1631 970 1641 986 ⁴
1656 970 1730 1001 Nec

1031 1021 1097 1051 ulla
1110 1021 1250 1052 subscus
1265 1020 1401 1052 cohibet
1417 1030 1614 1061 compagem
1631 1020 1731 1057 alvei,

1031 1072 1099 1103 Sed
1125 1078 1200 1103 suta
1228 1072 1296 1103 lino
1322 1076 1358 1103 et
1381 1073 1528 1113 sparteis
1551 1071 1731 1104 sen-ilibus!

1034 1126 1122 1156 Idem
1137 1125 1190 1156 lib.
1208 1133 1302 1156 xvn.
1316 1134 1382 1166 cap.
1399 1128 1430 1157 ⁷.

1077 1177 1171 1208 Pae.
1189 1179 1262 1207 865.
1295 1175 1401 1216 Sifus]
1430 1176 1537 1207 Donec
1562 1185 1629 1207 eam
1650 1175 1733 1206 inter

1033 1237 1087 1258 se.-
1111 1226 1291 1268 legendum
1309 1232 1385 1266 est3
1418 1227 1561 1258 donicum
1582 1226 1665 1257 inter
1688 1236 1735 1265 se,

1035 1287 1109 1318 quae
1139 1287 1203 1308 vox
1230 1277 1429 1318 plerumque
1453 1282 1506 1308 est
1532 1277 1736 1317 depravata,

1035 1328 1067 1358 in
1083 1327 1231 1368 denique:
1256 1327 1314 1358 sed
1333 1327 1375 1358 de
1392 1337 1432 1358 eo
1442 1326 1634 1367 fragmento
1653 1328 1735 1358 alias

1039 1379 1154 1409 latius.
1173 1377 1334 1415 Gifanius,
1357 1379 1366 1395 ‘
1383 1378 1575 1409 Donicum.’

1077 1428 1171 1459 PAG.
1188 1431 1263 1459 878.
1288 1427 1501 1468 Solitaurilia]
1543 1427 1661 1458 Taurus
1681 1426 1735 1458 hic

1037 1489 1114 1519 pars
1137 1485 1190 1510 est
1217 1479 1394 1510 obscoena:
1434 1478 1524 1510 unde
1553 1478 1737 1510 ‘lastauri.'

1040 1531 1170 1562 Turneb.
1186 1531 1240 1561 lib.
1260 1540 1352 1561 xvn.
1367 1541 1435 1571 cap.
1452 1533 1485 1562 7.

1080 1581 1171 1611 PAG.
1189 1583 1264 1611 880.
1302 1581 1403 1621 Solia]
1427 1581 1622 1621 Legendum
1641 1586 1736 1622 puto,

1036 1630 1128 1671 solia,
1157 1637 1204 1670 ut,
1231 1630 1405 1666 ‘incillae‚‘
1432 1631 1644 1670 ‘remiilum‚’
1667 1633 1736 1662 ‘ra-

1038 1680 1152 1716 villae,’
1170 1688 1205 1712 et
1220 1683 1229 1698 ‘
1244 1681 1420 1721 caesullae,’
1437 1681 1494 1713 ubi
1518 1682 1659 1713 alterum
1677 1683 1688 1712 I
1704 1682 1737 1712 in

1038 1732 1048 1762 i
1064 1733 1258 1763 imitandum
1274 1738 1340 1773 est,
1361 1743 1436 1764 meo
1450 1733 1583 1774 quidem
1595 1734 1742 1774 judicio.

1043 1783 1205 1821 Gisanius,
1221 1784 1229 1799 ‘
1244 1784 1396 1815 Solium.'

1081 1834 1173 1864 PAG.
1191 1836 1265 1865 886.
1300 1834 1372 1875 Sos]
1401 1835 1467 1866 Dea
1485 1835 1646 1866 Deorum:
1677 1835 1740 1866 Le-

1039 1893 1092 1923 ge,
1130 1884 1197 1915 Dia
1225 1885 1376 1915 Dearum.
1430 1886 1540 1917 ‘Dius
1567 1895 1629 1926 pro
1656 1887 1733 1917 Deo

1039 1943 1099 1964 seu
1131 1934 1217 1965 Divo
1249 1936 1420 1974 ponebant
1449 1936 1616 1967 Veteres:
1656 1937 1733 1967 hinc

1040 1984 1137 2015 Dium
1161 1978 1279 2016 scribit
1296 1987 1416 2017 Festus
1433 1986 1567 2018 heroem
1586 1987 1667 2027 dici,
1684 1988 1738 2018 cui

1041 2035 1084 2065 sit
1109 2044 1213 2075 genus
1238 2035 1279 2066 ab
1306 2036 1392 2068 Jove
1418 2047 1560 2077 summo,
1584 2038 1648 2069 hoc
1676 2043 1741 2076 est,

1040 2085 1099 2116 ἀπὸ
1121 2087 1177 2116 τοῦ
1200 2085 1283 2126 Διός.
1307 2088 1432 2118 ibidem
1454 2088 1655 2128 legendum:
1680 2090 1740 2119 cir-

1040 2147 1109 2167 cum
1123 2147 1228 2177 sosque
1242 2137 1340 2168 suut.’
1365 2137 1474 2176 Idem,
1488 2142 1497 2156 ⁴
1513 2138 1620 2169 Dius?

1083 2186 1155 2226 Sos]
1180 2188 1246 2218 Dia
1271 2189 1426 2219 Dcarum:
1462 2194 1498 2219 ut
1521 2189 1563 2220 ab
1592 2190 1741 2221 Homero

1043 2238 1092 2268 δῖα
1106 2240 1273 2276 γυναικῶν,
1290 2239 1336 2269 sic
1354 2239 1394 2269 ab
1413 2240 1519 2269 Ennio
1543 2239 1670 2271 dictum
1689 2247 1742 2271 est

1046 2290 1118 2329 ejus
1147 2289 1361 2320 imitatione:
1401 2290 1552 2321 Constitit
1585 2292 1656 2321 iude
1685 2291 1743 2322 loci

1044 2344 1170 2380 propter
1190 2350 1238 2370 sos
1259 2340 1325 2372 Dia
1341 2340 1492 2371 Dearum.
1515 2341 1665 2373 Turneb.
1684 2342 1743 2372 lib.

1047 2400 1138 2422 xvii.
1156 2401 1186 2422 c.
1203 2393 1233 2421 7.

1088 2443 1179 2474 Pto.
1205 2445 1277 2473 891.
1310 2441 1442 2483 Spetile]
1478 2442 1593 2473 Sumen
1618 2452 1741 2474 sueres.-

1044 2492 1224 2532 legendum
1242 2492 1413 2523 arbitror:
1435 2502 1539 2523 sumen
1553 2493 1673 2525 saeris.-
1705 2499 1744 2525 ut

1043 2542 1134 2583 apud
1162 2543 1349 2574 Varronem
1376 2543 1409 2574 in
1436 2543 1598 2574 obsoletis
1627 2543 1743 2574 scribi-

1046 2597 1100 2624 tur
1124 2594 1395 2635 exemplaribus:
1429 2598 1567 2635 ‘perna,
1592 2604 1610 2624 a
1635 2594 1740 2634 pede:

1045 2645 1151 2675 suci-is
1177 2655 1195 2676 a
1220 2645 1353 2676 nomine
1381 2644 1481 2686 ejus.‘
1514 2645 1563 2677 111.
1586 2646 1640 2677 lib.
1664 2654 1740 2677 xiv.

1046 2705 1111 2734 cup.
1129 2697 1156 2725 l.
