1876 3025
266 148 350 190 888

325 259 482 308 gantur
503 256 637 298 dicta.
684 255 869 296 Lucilius
891 254 1113 295 satirarum
1137 255 1152 294 l
1196 286 1205 295 .

717 159 865 190 SEXTI
900 158 1101 189 POMPEI!
1137 159 1273 190 FESTI

1581 289 1589 297 .
1622 264 1712 299 turn

328 336 473 376 spara,
495 328 587 364 tum
609 324 835 372 murices,¹0
849 329 1074 376 portantur
1089 321 1254 377 tragula
1277 329 1457 376 porro.¹¹

272 391 603 445 Spatiatorem,u
624 395 869 431 erratorem.
929 390 1043 431 Cato
1069 391 1113 430 in
1142 389 1239 430 M.¹²
1263 390 1466 441 Coelium,
1500 392 1537 432 si
1562 405 1610 432 se
1634 406 1711 445 ap-

328 460 611 513 pellavisset:
660 460 713 500 In
734 459 953 500 coloniam
975 472 1042 498 me
1070 458 1268 499 hercules
1292 460 1480 500 scribere
1506 461 1654 511 nolim,
1679 462 1717 501 si

329 528 548 569 Triumvir
564 534 592 557 ¹³
617 528 713 577 sim,
735 527 1034 580 spatiatorem,
1058 534 1191 578 atque
1213 525 1547 567 Fescenninum.

273 595 567 649 Spatiatorem
590 608 669 649 pro
691 598 923 636 erratorem
939 593 1050 634 Cato
1071 594 1230 646 posuit.

276 661 455 716 Speciem
472 669 486 684 Χ
503 676 634 717 quam
656 676 736 704 nos
758 662 962 712 dicimus,
982 661 1068 708 εἶδος
1092 661 1227 701 Graece'
1248 661 1465 701 dixerunt:

1543 595 1719 647 [PAUL.

1551 663 1719 715 [Fus'r.

334 729 496 771 Platon
519 731 696 784 quidem
717 730 876 780 ideam,
899 730 1012 770 nobis
1030 730 1173 783 species
1189 744 1267 783 pro
1287 729 1424 770 eadem
1438 732 1624 784 ponitur.

885 860 998 871 aeaeaeaeaeae

321 948 359 974 10
384 945 435 975 Id.
453 945 535 976 ibid.
552 946 775 977 ramittam—ll
805 945 887 976 Ead.
905 946 957 977 ed.
970 956 1063 985 porra

1002 860 1119 871 ‘‘‘‘‘‘

1083 969 1090 976 .
1111 968 1118 976 .
1134 969 1142 977 .
1160 948 1313 987 tiatorem,
1335 952 1517 980 erratorem.
1557 949 1647 989 Cato,
1661 950 1701 988 &c
1715 971 1722 978 .

275 991 359 1019 —12
384 988 463 1019 Yet.
480 989 555 1019 cod.
582 988 735 1019 ,Au—13
762 989 825 1019 Ed.
842 989 932 1020 scal.
952 989 1174 1021 Τι’ῐιωητίιῚιη-ι.

933 1131 1074 1163 NOTAE

319 1204 434 1245 Spara]
459 1203 559 1245 Apud
585 1206 694 1237 Lucil.
738 1205 806 1236 Sed
833 1215 892 1246 pro
908 1216 973 1237 muz

276 1255 355 1285 ricus
377 1254 629 1286 rescribendum
654 1256 804 1286 rumices:
839 1267 914 1287 nain
940 1261 974 1287 et

278 1315 380 1345 supra
397 1306 428 1335 in
445 1306 453 1321 ‘
470 1305 600 1337 rumex’
624 1307 711 1336 liuuc
727 1307 844 1337 Lucilii
863 1308 973 1338 locum

279 1356 393 1386 laudat
412 1357 546 1388 Festus,
591 1357 676 1387 Inde
689 1357 742 1388 liic
761 1363 857 1388 natus
870 1367 975 1397 error,

279 1411 452 1445 postrema
466 1407 598 1438 scilicet
614 1407 713 1437 litera
730 1408 821 1438 vocis
838 1412 904 1438 tum
921 1418 976 1447 ge-

280 1458 409 1488 minata
439 1467 499 1498 pro
525 1461 589 1488 tum
615 1458 747 1488 rumices
774 1457 890 1489 effecit
915 1462 979 1488 tum

279 1508 423 1540 murices.
471 1510 522 1540 De
560 1519 661 1549 sparo
691 1510 738 1540 sic
767 1510 905 1540 Servius
936 1510 978 1541 P.

282 1560 451 1591 Danielis:
476 1561 628 1600 ‘Sparus
660 1565 713 1592 est
741 1561 902 1592 rusticum
931 1566 980 1591 te-

282 1611 348 1639 lum
367 1611 398 1640 in
418 1610 551 1641 modum
570 1610 648 1651 pedi
671 1621 863 1643 recurvum.
909 1612 979 1642 Sal-

284 1661 423 1692 iustius:
444 1661 569 1700 sparos
590 1666 648 1692 aut
663 1662 810 1701 lanceas,
826 1662 881 1692 alii
897 1672 980 1702 prae-

284 1717 401 1742 acutas
417 1711 517 1742 sudes
536 1717 686 1752 portare.
718 1713 826 1743 Varro
841 1713 887 1743 ait
906 1723 981 1753 spa-

285 1771 354 1791 rum
385 1763 487 1793 telum
512 1763 651 1801 missile,
675 1773 693 1794 a
715 1762 864 1803 piscibus
881 1763 983 1794 ducta

285 1812 518 1852 similitudine,
536 1813 591 1853 qui
609 1814 699 1853 spari
715 1819 890 1845 vocantur.
915 1813 982 1845 Alii

285 1874 402 1903 sparus
420 1875 437 1895 a
454 1864 646 1905 spargendo
659 1865 725 1896 dici
745 1866 890 1905 putant.⁷
922 1866 983 1897 Isi-

286 1915 358 1944 dor.
378 1915 436 1946 lib.
456 1924 523 1947 Χιι.
546 1920 553 1932 ¹
572 1916 659 1946 Nam
678 1926 796 1956 sparus
811 1921 861 1947 est
880 1916 984 1947 telum

286 1967 446 1996 rusticum
460 1967 583 1997 missile
595 1976 614 1996 a
626 1967 819 2007 spargendo
832 1966 985 1998 dictum.’

265 2023 268 2028 '
289 2016 370 2045 Duc.

330 2071 343 2085 ¹¹
368 2064 594 2106 spatiatorem]
620 2065 814 2096 Macrobius
840 2066 899 2097 lib.
928 2076 985 2099 111.

283 2116 292 2131 ⁴
305 2115 360 2146 Sic
379 2116 532 2146 nimirum
549 2116 597 2146 M.
614 2116 699 2147 Cato
713 2124 903 2148 senatorem
921 2127 986 2148 non

287 2166 469 2205 ignobilem
497 2167 671 2198 Caecilium
699 2167 922 2207 spatiatorem
952 2173 988 2199 et

290 2217 512 2248 Fescennium
531 2222 641 2258 vocat,
655 2227 798 2258 eumque
812 2219 988 2249 staticulos

288 2268 370 2297 dare
397 2268 446 2298 his
474 2267 586 2299 verbis
616 2268 684 2299 ait:
728 2268 914 2300 Descendit
946 2269 988 2300 de

290 2319 464 2349 cauterio:
491 2318 568 2349 inde
597 2318 772 2349 staticulos
797 2319 893 2356 dare,
911 2320 989 2351 ridi-

292 2368 595 2399 culariafundere.’
618 2369 687 2400 Jos.
705 2368 788 2400 Scul.

334 2418 560 2457 Sputiutorcm]
576 2419 643 2449 Per
655 2420 854 2459 spatiatorem
866 2424 900 2451 et
913 2420 943 2451 F
943 2431 988 2451 es-

291 2468 464 2508 connium,
488 2468 630 2499 Coelium
660 2469 873 2510 intelligebat
890 2471 989 2502 Cato.

294 2519 451 2549 Macrob.
469 2518 526 2550 lib.
544 2527 598 2549 111.
616 2528 692 2559 cap.
717 2522 768 2551 14.
792 2521 868 2551 ‘Sic
893 2522 989 2552 nimi-

294 2579 365 2599 rum
384 2570 433 2600 M.
450 2563 535 2600 Cato
553 2568 752 2601 Senatorem
771 2581 835 2602 uon
860 2572 990 2612 ignobi-

292 2619 356 2649 lem
375 2618 515 2650 Coelium
540 2618 767 2659 Spatiatorem
792 2628 827 2651 et
845 2623 988 2653 Fescen-

298 2670 408 2699 ninnm
432 2674 541 2708 vocat,
556 2679 699 2711 eumque
717 2671 892 2703 staticulos
910 2673 991 2704 dare

297 2721 345 2750 liis
365 2720 474 2752 verbis
492 2722 562 2752 ait:
588 2721 774 2753 Descendit
802 2723 843 2754 de
866 2724 991 2755 Cante-

1029 1206 1100 1238 rio:
1125 1206 1203 1238 inde
1220 1207 1395 1239 staticulos
1414 1207 1508 1246 dare,
1526 1208 1631 1239 verba
1651 1208 1726 1240 fnu-

1029 1256 1135 1288 dere.'
1163 1258 1308 1290 Quidam
1325 1258 1381 1289 lib.
1398 1258 1523 1289 liabent
1544 1260 1726 1296 C‹ecile‘11›n;

1030 1307 1088 1338 sed
1112 1313 1288 1348 corrupte.
1332 1309 1489 1340 Staticuli
1521 1314 1598 1341 suut
1625 1311 1726 1341 salta-

1031 1358 1141 1387 tiones
1156 1359 1306 1388 statariae
1322 1358 1477 1399 quaedaxn
1503 1369 1567 1391 non
1587 1360 1728 1399 perinde

1030 1407 1210 1438 motoriae:
1236 1408 1351 1449 quales
1380 1414 1477 1440 erant
1505 1410 1537 1441 in
1570 1420 1609 1441 eo
1636 1411 1730 1441 chori

1031 1467 1169 1497 genere,
1196 1458 1283 1498 quod
1308 1457 1459 1497 στάσιμον
1486 1470 1503 1490 a
1522 1460 1654 1492 Graecis
1672 1471 1727 1492 vo-

1031 1512 1151 1538 catur:
1179 1508 1231 1539 vel
1259 1509 1409 1540 staticuli
1428 1520 1446 1540 a
1465 1516 1562 1550 parte
1580 1511 1732 1542 saltatio-

1032 1558 1083 1588 nis
1100 1557 1272 1596 dicuntur,
1290 1559 1321 1589 in
1346 1570 1411 1600 qua
1438 1565 1560 1596 statur,
1577 1571 1652 1592 nani
1670 1562 1731 1593 eti-

1033 1617 1086 1638 am
1113 1618 1131 1638 a
1159 1609 1349 1640 saltationis
1375 1611 1507 1649 spatiis,
1535 1615 1572 1642 ut
1598 1612 1732 1652 qnidam

1033 1663 1189 1696 censent,
1220 1659 1442 1698 spatiatorem
1477 1662 1610 1692 vocavit
1642 1661 1730 1692 idem

1035 1707 1119 1740 Cato
1138 1708 1291 1740 Coelium.
1326 1708 1391 1739 Sed
1407 1709 1510 1741 satius
1530 1710 1573 1741 sit
1591 1719 1666 1741 eum
1683 1720 1733 1742 er-

1034 1765 1180 1789 ratorem
1201 1759 1403 1800 intelligere,
1421 1770 1520 1800 quem
1539 1760 1682 1791 eundem
1700 1766 1734 1792 et

1035 1809 1281 1841 Fescenninum
1304 1820 1322 1840 a
1341 1811 1492 1842 versibus
1515 1812 1733 1843 Fescenninis

1034 1860 1202 1891 obscoenae
1214 1861 1358 1892 lasciviae
1371 1862 1568 1901 appellavit.
1585 1863 1731 1894 Turneb.

1036 1911 1092 1942 lib.
1106 1920 1196 1942 xvn.
1210 1921 1283 1951 cap.
1303 1915 1354 1943 10.
1381 1912 1461 1943 Duc.

1078 1966 1092 1980 ’¹'
1107 1962 1260 2001 Speciem]
1276 1962 1385 1993 Cicer.
1403 1964 1435 1993 in
1454 1963 1604 1994 Oratore
1622 1963 1663 1994 ad
1683 1964 1731 1995 M.

1037 2011 1181 2041 Brutum
1198 2014 1323 2042 sect.3.
1346 2014 1354 2028 ‘
1372 2013 1441 2043 Has
1471 2023 1579 2043 rerum
1608 2012 1733 2045 forinas

1037 2062 1186 2102 appellat
1205 2061 1320 2100 ideas;
1346 2063 1402 2093 ille
1427 2073 1492 2093 nou
1519 2064 1735 2104 intelligendi

1038 2112 1156 2151 solum,
1173 2112 1231 2142 sed
1248 2112 1351 2142 etiam
1367 2112 1503 2144 dicendi
1522 2114 1736 2153 gravissimus

1038 2171 1155 2196 auctor
1191 2170 1226 2197 et
1255 2165 1434 2206 Magister,
1461 2166 1587 2197 Plato:
1612 2176 1736 2208 easque

1039 2217 1130 2258 gigni
1149 2222 1265 2258 negat,
1293 2222 1327 2248 et
1352 2218 1399 2248 ait
1425 2227 1559 2257 semper
1582 2228 1671 2256 esse,
1693 2228 1732 2250 ac

1040 2268 1171 2299 ratione
1209 2273 1244 2298 et
1274 2267 1503 2307 intelligentia
1542 2268 1708 2299 contineri
1727 2279 1734 2300 :

1040 2324 1157 2349 cetera
1183 2318 1288 2357 nasci,
1313 2318 1483 2356 occidere,
1514 2316 1631 2354 fluere,
1656 2319 1736 2354 labi,

1042 2378 1106 2400 nec
1123 2369 1248 2399 diutius
1265 2378 1337 2398 esse
1356 2378 1420 2399 uno
1437 2374 1472 2398 et
1490 2369 1606 2399 eodem
1623 2369 1738 2401 statu!

1044 2420 1089 2450 Et
1121 2420 1180 2451 lib.
1209 2429 1232 2450 1.
1257 2419 1422 2450 Academ.
1456 2425 1576 2460 qnaest.
1601 2426 1685 2452 sect.
1707 2424 1738 2453 8.

1043 2471 1053 2487 ‘
1069 2470 1221 2500 Mentem
1240 2469 1396 2500 volebant
1423 2479 1531 2501 rerum
1557 2480 1628 2501 esse
1648 2471 1739 2512 judi-

1045 2530 1138 2551 cem:
1165 2520 1266 2550 solam
1293 2520 1477 2551 censebant
1497 2520 1664 2560 idoneam,
1685 2521 1738 2553 cui

1045 2570 1345 2611 crederetui-,quia
1356 2571 1427 2601 sola
1437 2571 1738 2613 cerneretid‚quod

1046 2631 1180 2663 semper
1199 2626 1290 2652 esset
1314 2621 1470 2662 simplex,
1488 2628 1522 2652 et
1540 2622 1739 2660 uniusmodi,

1047 2679 1081 2704 et
1095 2673 1173 2712 tale,
1189 2672 1287 2713 quale
1303 2677 1406 2703 esset.
1452 2671 1549 2702 Hanc
1567 2672 1613 2702 illi
1630 2671 1739 2702 ideam

1048 2722 1277 2765 appellabant,
1290 2721 1360 2761 jam
1379 2731 1396 2751 a
1412 2721 1555 2752 Platone
1573 2721 1619 2752 ita
1636 2721 1738 2752 nonii-
