1876 3025
289 157 374 200 9912

731 167 885 199 'SEXTI
920 167 1124 197 POMPEII
1158 168 1296 199 FESTI

298 261 473 304 Tuscos³
493 263 669 317 quidam
691 262 833 304 dictos
855 262 975 303 aiunt
1005 275 1032 303 a
1051 261 1200 303 Tusco
1232 277 1322 318 rege
1347 260 1543 304 Herculis
1574 261 1739 315 [ΡΕΞΤ9

348 332 442 372 filio
460 345 470 373 z
493 331 584 381 alii,
599 331 716 385 quod
732 332 860 370 unice
873 329 1083 371 studiosi8
1106 330 1168 371 ita
1184 330 1488 384 sacr-fficiorum‚
1508 344 1564 371 ex
1579 330 1741 372 Graeco

353 400 473 440 Velut
495 398 650 439 θυσκόοι.

718 397 831 437 Unde
858 395 1074 437 Tusculum
1096 399 1152 438 ab
1173 398 1323 439 eadem
1343 412 1480 440 causa
1502 398 1739 439 sacrificio-

351 480 459 517 rum,
478 466 546 508 vel
566 464 674 521 quod
691 465 848 506 aditum
861 464 878 488 ¹³
899 465 1121 507 difficilem
1141 467 1315 516 habeat,
1337 467 1380 507 id
1397 471 1476 516 est,
1497 464 1686 506 δύσκολον.

294 534 490 575 Tuscum
511 535 658 575 vicum
673 539 687 556 ⁰
707 533 828 574 ceteri
848 533 1014 588 quidum
1035 548 1167 574 omnes
1187 534 1411 588 scriptores
1431 535 1598 575 dictum
1621 534 1744 574 aiunt

353 603 409 643 ab
430 616 488 650 eo,
510 601 617 656 quod
643 600 823 641 Porsena
845 616 939 657 rege
960 603 1253 643 descendente
1267 609 1284 634 9
1305 603 1359 643 ab
1381 601 1600 643 obsidione
1617 607 1652 625 ¹0
1679 615 1744 640 re-

352 670 570 710 manseriut
594 670 767 719 Romae,
798 671 986 723 locoque
1017 671 1085 711 his
1118 671 1239 720 dato,
1262 670 1320 710 ibi
1352 669 1626 709 habitaverint
1655 666 1745 708 Vei-

352 744 472 779 entes
493 738 646 779 fratres
665 737 829 788 Coeles,
847 742 890 779 et
909 738 1122 785 Vibenna‚
1142 737 1248 778 unde
1266 743 1356 792 post
1375 736 1490 791 ejecti
1511 734 1620 791 quod
1633 736 1745 776 Tar-

352 805 548 858 quinium
580 805 767 846 Romam
802 819 948 846 secum
970 805 1154 846 maxime
1184 804 1372 847 reducere
1406 804 1618 858 cupierint.

1680 802 1745 843 M.

353 871 497 913 Varro
522 873 638 926 quod
661 886 718 913 ex
741 872 881 914 Coelio
901 873 945 914 in
967 888 1054 913 eum
1077 873 1203 914 locum
1223 873 1381 915 deducti
1405 875 1507 914 siut.

901 964 917 976 ὀ
922 965 957 976 oe
961 965 1112 977 muno
1116 965 1136 977 o

339 1012 357 1039 8
382 1009 444 1040 Ed.
461 1010 549 1041 scal.
562 1010 647 1040 unici
661 1010 852 1041 staulisz'.—9
874 1011 936 1041 Vir
953 1010 1044 1042 doct.
1069 1011 1101 1041 iu
1127 1021 1232 1052 marg.
1250 1010 1401 1052 ejusdem
1418 1009 1469 1039 ed.
1486 1007 1626 1047 conjicit
1650 1006 1747 1037 ‹lisce-

295 1052 484 1084 ‹Jeme—10
510 1059 517 1071 ‘
535 1053 571 1084 L.
596 1063 638 1084 m.
668 1054 769 1084 habet
797 1053 967 1084 obsessione
993 1064 1054 1094 pro
1082 1054 1247 1089 obsidione,
1273 1060 1307 1085 et
1323 1054 1369 1084 ita
1386 1052 1522 1083 videtur
1537 1051 1639 1081 fuisse
1658 1048 1748 1089 apud

298 1095 434 1126 Festum
454 1096 485 1127 in
501 1095 714 1136 fragmento)
739 1096 832 1127 Fulv.
855 1096 964 1127 Ursin.

953 1172 1092 1203 NOTAE

339 1236 352 1250 ³¹
373 1230 498 1271 Tuscos]
520 1231 625 1271 Lege,
646 1230 713 1262 Alii
729 1232 807 1271 quod
831 1231 920 1262 unice
933 1236 1000 1262 slu-

295 1281 374 1311 diost
389 1281 453 1311 sint
468 1282 700 1322 sacrificiorum.
748 1281 899 1312 Priorem
924 1291 997 1311 sen-

296 1332 452 1370 tentiam,
482 1332 570 1372 qnod
609 1332 700 1362 Tusci
735 1342 755 1362 a
787 1332 896 1369 Tusco,
926 1333 997 1362 sive

297 1381 436 1416 Tusculo,
454 1382 607 1412 Herculis
624 1382 705 1421 filio,
721 1388 859 1413 secutus
876 1382 998 1413 Strabo

297 1437 331 1461 et
349 1432 417 1462 alii.
462 1432 708 1470 posteriorem,
725 1441 847 1472 nempe
870 1432 958 1473 qnod
980 1443 998 1463 a

297 1482 514 1513 sacrificandi
546 1483 621 1518 ritu,
648 1484 739 1514 inter
761 1484 843 1514 alios
867 1484 998 1515 Plinius

297 1533 357 1563 lib.
370 1542 424 1563 ιιι.
441 1543 517 1574 cap.
529 1538 559 1564 5.
576 1533 585 1549 ‘
598 1534 746 1565 Umbros
760 1534 838 1565 inde
852 1544 999 1575 exegere

297 1583 484 1624 antiquitus
508 1584 656 1624 Pelasgi,
677 1585 736 1615 lios
761 1584 859 1624 Lydi,
883 1595 901 1615 a
917 1596 1000 1626 qno-

297 1642 369 1663 rum
388 1643 466 1673 rege
482 1635 658 1675 Tyrrheni,
681 1645 759 1665 mox
782 1645 800 1666 a
822 1635 1000 1677 sacrificio,

296 1685 364 1714 ritu
382 1685 496 1719 lingua
512 1685 711 1716 Graecorum
735 1691 813 1717 sunt
831 1687 1000 1725 cognomi-

295 1733 392 1765 nati.'
438 1735 482 1766 Et
499 1735 656 1766 Servius:
683 1736 693 1752 ‘
710 1736 810 1766 'rusci
835 1745 854 1765 a
875 1735 999 1767 sacrifi-

298 1784 396 1814 candi
419 1783 613 1825 frequentia
636 1784 719 1816 dicti
746 1791 839 1823 sunt,
865 1786 920 1816 ὑπὸ
943 1787 1000 1817 τοῦ

296 1832 398 1865 evim!
455 1836 541 1867 Nam
567 1835 627 1866 θύω
655 1841 707 1866 est
738 1836 903 1868 sacrifico.
957 1838 1001 1868 Et

297 1885 512 1916 Eustatliium
532 1886 612 1916 nihil
633 1896 756 1925 moror,
772 1887 828 1926 qui
850 1887 890 1917 ad
919 1888 1000 1918 Dio-

296 1936 426 1975 nysium
439 1937 613 1976 Perieget.
626 1938 756 1968 notavit
766 1938 893 1969 Tuscos
905 1938 1000 1969 Trus-

295 1996 347 2016 cos
362 1987 463 2016 etiam
481 1986 603 2018 dictos.
628 1988 724 2018 Idem.

339 2035 353 2055 ¹¹
382 2036 439 2066 Veh
472 2038 551 2076 quod
588 2038 723 2078 uelitum]
762 2038 922 2078 Ineptum
965 2045 1000 2070 et

299 2085 415 2116 Stoico
446 2087 581 2123 dignum
615 2088 702 2126 quod
735 2088 794 2125 ait,
819 2089 1000 2118 Tusculum

297 2135 425 2166 dictum
438 2136 525 2176 qnod
541 2136 663 2166 habeat
675 2137 801 2167 aditum
815 2136 1000 2177 difficilem,

298 2186 331 2217 id
350 2192 413 2224 est,
430 2185 602 2217 δύσκολονε
622 2195 731 2227 neque
749 2187 836 2217 enim
848 2186 1000 2219 δύσκολος

297 2247 444 2278 nuquam
472 2237 536 2268 hoc
562 2247 663 2268 sensu
694 2238 806 2278 potuit
835 2239 1000 2279 usurpari.

298 2288 396 2318 Idem.

341 2343 353 2358 ⁰
381 2339 513 2368 Tuscum
534 2337 648 2377 vicum]
672 2338 780 2369 Varro
801 2338 860 2369 lib.
879 2348 929 2371 tv.
957 2340 998 2371 de

302 2387 398 2427 Ling.
433 2389 509 2419 Lat.
541 2389 588 2418 ait
621 2388 763 2418 Coelium
803 2393 951 2419 montem
980 2399 999 2420 a

299 2438 393 2469 Coele
431 2438 585 2468 Vibenno
621 2438 733 2468 Tusco
772 2437 910 2473 (lictum,
943 2439 999 2479 qui

297 2488 442 2519 Romulo
468 2489 593 2519 auxilio
617 2487 679 2518 snit
701 2492 818 2518 contra
839 2488 1000 2519 Sabinum

299 2539 442 2579 Regem.
496 2538 554 2579 Hi,
581 2538 731 2579 quicum
758 2547 799 2568 eo
823 2543 1001 2577 venerunt,

302 2595 380 2629 post
397 2589 470 2629 ejus
486 2588 629 2622 obitum,
645 2588 734 2628 quod
758 2588 856 2618 nimis
873 2589 1002 2619 munita

298 2640 373 2670 loca
395 2645 510 2670 tenere
535 2639 744 2678 dicerentur,
763 2639 903 2670 deducti
925 2648 1000 2670 esse

299 2690 458 2720 dicuntur
486 2690 518 2720 in
547 2690 696 2729 planum,
721 2694 756 2719 et
781 2689 823 2719 ab
850 2689 898 2720 eis
925 2699 999 2720 esse

301 2740 431 2772 dictum
459 2740 566 2771 vicum
589 2739 736 2771 Tuscum
759 2739 847 2771 idem
870 2739 1001 2773 scribit.

1050 1232 1162 1263 Livius
1177 1238 1212 1263 et
1223 1231 1405 1270 Dionysius
1424 1228 1581 1258 videntur
1596 1226 1627 1257 id
1642 1226 1749 1267 sequi.

1049 1282 1136 1322 quod
1169 1292 1186 1313 a
1218 1282 1322 1312 Panlo
1353 1279 1384 1310 in
1412 1280 1559 1318 epitome
1585 1277 1748 1317 scriptum

1049 1339 1114 1363 est.
1161 1333 1281 1363 Festus
1307 1337 1419 1362 antem
1453 1330 1485 1360 id
1514 1329 1620 1369 ipsum
1652 1327 1750 1357 initio

1049 1382 1156 1420 dicit3
1180 1381 1329 1422 duosque
1356 1379 1480 1410 fratres
1508 1378 1657 1408 nominat
1674 1377 1751 1407 (ἐω-

1049 1433 1114 1464 lem
1147 1438 1182 1463 et
1207 1432 1432 1463 Vibenninm:
1467 1434 1585 1470 postea
1622 1426 1750 1468 opinio-

1050 1492 1126 1513 nem
1153 1481 1317 1513 Varronis
1345 1480 1462 1521 paucis
1489 1478 1640 1518 attingit.
1671 1477 1752 1509 Ant.

1051 1534 1136 1572 Aug.

1096 1583 1243 1623 Tuscum]
1266 1582 1416 1613 Tuscum
1441 1581 1550 1611 vicum
1574 1581 1752 1610 coluerunt

1050 1634 1176 1665 Tusci:
1203 1644 1221 1664 a
1240 1633 1360 1675 quibus
1380 1641 1456 1663 eum
1482 1631 1665 1669 scriptores
1683 1629 1753 1660 dic·

1053 1689 1122 1715 tum
1147 1685 1256 1724 aiunt,
1276 1683 1318 1713 ab
1343 1693 1383 1713 eo
1410 1681 1497 1721 quod
1527 1681 1573 1721 hi,
1601 1681 1754 1711 Porsena

1052 1734 1252 1765 discedente
1269 1734 1311 1764 al)
1325 1733 1515 1770 obsidione,
1528 1731 1754 1762 remanseriut

1053 1786 1179 1821 Romae,
1196 1786 1339 1825 locoque
1356 1785 1404 1814 liis
1422 1784 1514 1818 dato,
1537 1782 1630 1812 novis
1653 1781 1752 1812 rebus

1052 1836 1230 1867 studentes
1255 1835 1378 1866 fratres
1407 1834 1518 1865 Coeles
1542 1838 1577 1863 et
1601 1832 1756 1862 vibenna

1052 1887 1216 1918 reducere
1231 1886 1451 1928 Tarquinium
1477 1885 1614 1915 Romam
1639 1891 1755 1913 secum

1051 1937 1312 1968 maturaverint.
1369 1936 1418 1966 Μ.
1445 1935 1566 1973 Varro,
1589 1931 1679 1973 quod
1711 1941 1754 1961 ex

1053 1988 1145 2018 Coele
1158 1983 1265 2018 'I'nsco
1281 1986 1347 2017 orti
1365 1986 1444 2016 siut.
1487 1984 1605 2015 Habes
1621 1981 1755 2012 omnino

1052 2038 1140 2077 quod
1166 2038 1285 2068 Festus
1309 2036 1352 2066 de
1379 2036 1490 2066 Tusco
1510 2033 1584 2063 vico
1607 2031 1757 2071 scripsit.

1051 2088 1120 2117 Jos.
1138 2087 1221 2117 Scul.

1098 2130 1249 2176 Tuscum]
1270 2135 1358 2165 Vide
1375 2134 1506 2165 Livium
1527 2132 1586 2163 lib.
1605 2141 1644 2163 11.
1667 2136 1753 2162 sect.

1054 2189 1104 2218 14.
1141 2187 1250 2217 Locus
1267 2187 1316 2217 M.
1330 2186 1502 2224 Varronis,
1515 2193 1613 2223 quem
1631 2182 1753 2212 Festus

1052 2238 1228 2278 intelligit,
1253 2242 1305 2267 est
1330 2236 1387 2266 lib.
1416 2244 1464 2265 iv.
1495 2234 1537 2264 de
1562 2233 1598 2263 L.
1625 2233 1661 2263 L.
1687 2231 1696 2247 ‘
1714 2231 1753 2262 ln

1051 2288 1239 2319 Suburanae
1259 2287 1405 2327 regionis
1419 2291 1516 2325 parte
1534 2283 1692 2324 princeps
1705 2286 1756 2312 est

1055 2339 1180 2369 Coelius
1201 2347 1307 2372 mous,
1330 2347 1348 2367 a
1370 2337 1476 2367 Coelio
1499 2335 1657 2365 Vibennio
1673 2333 1756 2364 Tus-

1054 2398 1106 2425 CO,
1133 2388 1218 2418 duce
1245 2387 1360 2425 nobili,
1388 2386 1444 2426 qni
1471 2394 1545 2415 cum
1570 2394 1631 2414 sua
1656 2392 1755 2412 maun

1055 2437 1181 2468 dicitnr
1201 2438 1344 2468 Romulo
1368 2437 1501 2466 venisse
1529 2434 1654 2465 anxilio
1677 2442 1755 2462 con-

1057 2494 1109 2518 tra
1133 2488 1294 2518 Sabinum
1323 2496 1447 2525 regem.
1494 2486 1538 2516 Hi
1563 2490 1638 2524 post
1659 2483 1756 2514 Coelii

1054 2538 1197 2577 obitum,
1225 2537 1312 2578 quod
1337 2537 1434 2567 nimis
1460 2535 1587 2566 munita
1608 2535 1682 2564 loca
1707 2539 1756 2563 te-

1055 2588 1200 2628 nerent‚'
1226 2588 1384 2626 (Coelium
1418 2592 1565 2616 montem
1594 2582 1754 2623 scilicet.)

1055 2639 1193 2679 ‘neque
1221 2637 1293 2667 siue
1324 2635 1515 2675 suspicione
1547 2639 1672 2671 esseut,
1696 2633 1756 2663 de-

1055 2689 1148 2720 ducti
1178 2687 1334 2718 dicuntur
1366 2686 1400 2716 iu
1424 2686 1571 2725 planum.
1626 2683 1679 2715 Ab
1706 2682 1756 2713 eis

1054 2739 1166 2771 dictus
1183 2738 1276 2770 vicus
1291 2735 1441 2768 Tuscus-¹
1465 2736 1547 2767 Dac-
