1876 3025
304 177 366 206 DE
400 174 670 206 VERBORUM

706 174 1110 205 SIGNIFICATIONE
1145 175 1238 204 LlB.
1274 174 1379 204 le.

1492 166 1575 206 657

130 272 310 313 Prolato
327 284 414 312 aere
436 269 554 324 apud
576 268 767 310 Ennium
789 268 1009 321 significat
1029 272 1155 309 scuto
1180 272 1279 310 ante
1300 283 1346 310 se
1395 268 1574 322 [PAUL.

188 342 436 393 protentam

133 407 456 448 Proletariums
476 405 622 458 capite
655 417 834 446 censum
865 405 1043 453 dictum,
1077 403 1196 457 quod
1229 417 1284 444 ex
1317 403 1384 443 his
1416 403 1575 444 civitas

188 478 372 523 constet,
392 473 519 526 quasi
542 474 690 526 proles
712 474 931 526 progenie.

133 541 419 593 Prologium,S
460 540 736 594 principium,
776 541 1070 594 proloquium.

991 472 1113 513 Idem
1135 475 1180 512 et
1196 471 1492 524 proletanei.20

1148 539 1373 580 Pacuvius
1396 552 1405 580 :
1458 537 1578 588 Quid

188 609 289 649 est?
322 621 421 648 nam
443 622 513 649 me
534 609 799 649 examinasti
822 608 1025 661 prologio
1049 612 1140 648 tuo.

133 676 366 729 Prolugere
384 676 394 697 ⁶
409 677 627 725 dicuntur,
644 676 720 728 qui
743 675 877 716 solito
900 676 1067 716 diutius
1088 675 1250 728 lugent.

134 743 436 793 Promellere,¹¹
459 743 585 784 litem
606 756 872 796 promovere.

740 873 911 884 Oeten-eoo
918 872 971 883 too

178 963 218 994 19
241 960 327 992 Vide
346 962 554 993 Notas.—20
578 961 655 993 Vet.
670 961 727 992 lib.
744 961 823 993 Item
839 965 867 993 et
882 962 1077 1001 prolectontz.

786 1070 928 1102 NOTAE

134 1154 192 1175 nes
209 1154 250 1175 ex
267 1145 398 1176 Graecis
415 1145 588 1177 transtulit
604 1145 741 1180 Ennius,
760 1145 830 1184 plu·

136 1197 234 1227 rimas
261 1196 451 1236 Euripidis:
480 1197 655 1228 nonnullas
682 1195 829 1227 Aristar-

136 1245 213 1276 chi?
233 1247 302 1277 Jos.
319 1246 403 1277 scat.

178 1296 305 1326 Prozato
320 1296 396 1336 cere]
420 1297 508 1335 AEre,
532 1296 567 1326 id
588 1300 651 1336 est,
678 1296 826 1336 Clypeo:

134 1345 212 1386 quia
225 1356 267 1376 ex
283 1356 350 1376 aere
366 1346 504 1377 fiebant.
548 1347 644 1386 Virg.
659 1356 682 1377 1.
697 1346 829 1377 AEneid.

136 1401 144 1413 ‘
160 1396 236 1427 AEre
253 1407 335 1427 cavo
352 1398 510 1438 clypeum
527 1398 639 1437 magni
658 1402 832 1438 gestamen

137 1446 306 1478 Abantis.’
350 1449 491 1486 Prolata,
516 1448 547 1478 id
575 1453 640 1487 est,
663 1452 833 1488 protenso,

135 1498 306 1538 projecto.
350 1498 406 1529 Sic
436 1498 525 1538 apud
553 1498 706 1529 Macrob.
734 1499 743 1514 ‘
757 1507 833 1538 pro-

130 1547 227 1587 jecta
255 1548 376 1588 scuta,'
399 1553 570 1589 protensa,
588 1549 730 1589 prolata,
757 1548 833 1578 icti-

138 1597 198 1627 bus
228 1597 373 1638 objecta.
418 1598 570 1629 Achilles
595 1604 707 1629 autem
740 1597 832 1628 Aris-

137 1648 245 1678 tarchi
261 1648 373 1679 dictus
391 1648 432 1679 ad
450 1647 676 1679 differentiam
693 1648 834 1678 Achillis

137 1699 300 1739 AEschyli‚
315 1704 352 1730 ut
369 1700 496 1740 optime
512 1700 675 1739 Scaliger.
701 1699 781 1729 Dac.

198 1748 282 1779 Post
315 1749 458 1784 Prolato,
504 1759 569 1780 non
607 1749 745 1779 dubium
781 1753 835 1779 est

138 1797 219 1838 quin
233 1799 317 1837 haec,
333 1809 408 1838 quae
425 1798 615 1838 subjiciam,
634 1797 687 1828 hic
704 1797 836 1827 deside-

139 1853 278 1879 rentur:
305 1849 419 1879 Purret
445 1849 605 1879 dicendum
630 1847 835 1878 existimant:

139 1908 229 1938 quam
258 1900 506 1930 consuetudinem
528 1898 662 1929 ostendit
682 1897 836 1937 formula,

139 1958 206 1988 quoe
233 1953 292 1987 est,
319 1958 469 1980 PARRET.
516 1948 566 1982 Ab
584 1959 617 1979 eo
642 1949 747 1979 Parra
769 1948 836 1978 avis

139 1998 276 2030 sinistra.
303 2000 330 2029 Ε
334 2003 344 2028 l
359 2001 423 2038 ejus
437 1999 628 2040 sig-ufficone
643 2000 758 2029 eadem.
783 1999 835 2029 De

142 2049 246 2080 verbo
273 2050 388 2080 Parret
413 2050 546 2090 gemino
566 2058 602 2078 ‘rr
623 2049 698 2080 vide
723 2059 834 2089 supra.

140 2098 279 2131 I'arram
298 2101 343 2131 ait
359 2100 497 2140 dictam,
515 2100 592 2140 quia
609 2104 757 2140 parreat‚
773 2099 836 2129 hoc

141 2155 205 2191 est,
225 2154 401 2191 appareat,
425 2155 460 2181 et
482 2159 555 2180 sese
580 2149 721 2189 objiciat
744 2148 836 2179 obvi-

141 2210 192 2230 am
207 2199 509 2240 praetereuntibus:
525 2198 768 2238 inauspicatam
782 2208 838 2228 au-

142 2256 209 2281 tem
226 2249 337 2285 fuisse,
354 2256 388 2282 et
402 2249 517 2281 ἐνόδιοι]
532 2249 708 2281 adversum
727 2248 839 2289 auspi-

143 2302 229 2332 cium
256 2301 371 2332 facere
393 2302 537 2340 solitam,
555 2301 607 2331 vel
625 2310 709 2331 unus
728 2300 838 2331 Hora-

143 2352 207 2382 tius
225 2353 320 2382 testis
343 2351 537 2383 suffecerit:
554 2352 563 2368 ‘
578 2351 704 2391 Iinpios
728 2360 838 2390 parrae

144 2401 324 2432 recinentis
343 2410 440 2432 omen
459 2400 596 2432 Ducat.'
618 2401 685 2431 Jos.
703 2399 785 2431 Scal.

186 2454 196 2469 ¹·
220 2451 443 2490 Proletarium]
468 2450 640 2481 Proletarii
656 2455 689 2481 et
703 2451 837 2490 proleta-

144 2500 206 2534 τιεί,
223 2505 259 2530 ut
275 2505 283 2518 ‘
295 2503 434 2532 extrarii
446 2500 454 2513 '
477 2506 512 2532 et
527 2502 536 2518 ‘
552 2500 731 2532 extranei.'
755 2501 837 2531 Pro-

144 2550 249 2580 [θίαν-ἤ
265 2556 375 2581 autem
392 2551 474 2582 dicti
491 2552 524 2581 in
550 2552 650 2591 plebe
672 2552 767 2582 Rom.
789 2556 838 2581 te-

145 2599 310 2637 nuissimi,
322 2601 456 2640 quinon
470 2601 612 2641 amplius
629 2611 727 2642 qnam
743 2601 838 2641 quin-

146 2651 296 2690 gentium
313 2650 388 2680 aeris
413 2651 446 2680 in
472 2660 607 2682 censum
625 2650 838 2690 deferebant,

148 2706 181 2731 et
202 2700 297 2741 prole
323 2704 452 2730 tantuin
472 2700 636 2740 juvabant
660 2700 840 2742 rempubli-

231 2752 347 2792 Delpli.
360 2756 391 2784 et
412 2753 485 2784 Var.
501 2754 585 2784 Clas.

764 2754 872 2793 Pomp.
893 2753 979 2784 Fest.

885 1155 971 1176 cam.
1017 1144 1084 1177 Sed
1117 1145 1241 1176 diversi
1277 1148 1387 1175 tamen
1419 1154 1437 1174 a
1468 1144 1582 1184 capite

885 1196 1006 1235 censis,
1022 1196 1078 1236 qui
1097 1195 1190 1225 nullo
1214 1199 1272 1226 aut
1298 1204 1461 1235 perquam
1478 1204 1583 1234 parvo

885 1256 951 1277 mre
968 1246 1201 1285 censebantur,
1225 1245 1282 1276 sed
1300 1245 1412 1285 capite
1431 1249 1583 1275 tantum:

885 1298 974 1328 uude
991 1302 1026 1328 et
1043 1297 1174 1337 ‘capite
1187 1295 1303 1328 censi.'
1349 1295 1495 1336 Utrique
1513 1296 1586 1335 qui-

885 1347 961 1377 dem
979 1348 1011 1377 in
1030 1357 1127 1377 unam
1142 1351 1176 1377 et
1193 1347 1290 1377 imam
1308 1346 1448 1376 classem
1466 1355 1485 1376 a
1506 1346 1585 1375 Tul-

884 1400 929 1430 lio
942 1409 1020 1439 rege
1033 1399 1193 1439 conjecti,
1207 1398 1344 1438 majoris
1359 1403 1471 1428 tamen
1483 1398 1586 1427 liono-

885 1449 930 1480 ris
958 1454 1053 1480 erant
1077 1454 1112 1479 et
1136 1458 1170 1479 re
1195 1454 1230 1479 et
1255 1448 1388 1478 nomine
1408 1448 1586 1488 proletarii,

887 1510 984 1540 quam
1002 1500 1114 1539 capite
1132 1500 1238 1536 censi,
1255 1508 1395 1539 quorum
1413 1504 1585 1529 extremus

886 1561 1007 1582 census
1024 1549 1088 1581 fuit
1104 1560 1194 1581 asses
1207 1550 1353 1580 trecenti
1368 1549 1588 1589 septuaginta.

886 1601 1046 1641 quinque.
1093 1600 1180 1630 Vide
1206 1599 1354 1630 Gellium
1378 1599 1436 1629 lib.
1461 1607 1539 1628 Χνι.
1556 1607 1586 1630 c.

888 1654 939 1682 10.
964 1651 1046 1681 Duc.

929 1706 940 1720 ⁵
964 1701 1161 1740 Prologium]
1203 1699 1375 1738 Προλόγος,
1408 1698 1588 1738 προλόγων,

887 1751 1059 1790 prologus,
1078 1750 1276 1789 prologium.
1323 1749 1370 1778 Ut
1394 1747 1505 1786 ἔξοδος,
1523 1746 1588 1785 ἐξό-

887 1801 962 1838 διον,
986 1799 1134 1834 Exodus,
1161 1799 1330 1829 exodium.
1375 1798 1462 1829 Vide
1483 1798 1491 1814 ‘
1507 1807 1587 1828 exo-

888 1849 1004 1880 dium.’
1050 1851 1204 1888 Prologus
1220 1854 1331 1880 autem
1349 1848 1486 1888 proprie
1500 1857 1587 1887 prae-

887 1899 972 1930 satio
987 1900 1142 1940 quaedam
1160 1898 1299 1936 fabulae,
1316 1898 1347 1928 in
1362 1907 1427 1938 qua
1441 1897 1493 1927 vel
1509 1896 1588 1936 poi}-

890 1955 924 1980 ta
945 1954 1141 1988 excusatur,
1166 1949 1217 1979 vel
1240 1947 1353 1979 fabula
1375 1946 1589 1978 commenda-

889 2003 969 2030 tur:
995 2000 1175 2038 Prologz'um
1200 2008 1278 2029 vero
1305 2008 1381 2029 cum
1412 2005 1590 2037 argumena·

890 2054 959 2080 tum
977 2048 1102 2079 fabulae
1120 2053 1253 2079 tantum
1271 2047 1486 2078 describitur.
1517 2048 1566 2076 Id.

930 2100 940 2119 ῑ
965 2097 1151 2138 Prolugere]
1187 2099 1262 2133 Pro,
1288 2098 1320 2128 id
1345 2101 1409 2137 est,
1425 2106 1537 2137 porro,
1556 2097 1588 2126 in

888 2149 1035 2188 longum.
1071 2148 1201 2178 'l‘ainen
1219 2147 1317 2187 liujus
1335 2146 1590 2187 significationis

889 2200 1046 2238 exempla
1063 2198 1232 2228 desidero.
1258 2198 1356 2228 Idem.

932 2254 945 2268 u
970 2247 1173 2287 Promellere]
1212 2248 1354 2288 Mellere,
1379 2257 1436 2277 seu
1468 2246 1589 2284 melers),

891 2299 1063 2339 antiquum
1094 2298 1230 2328 verbum
1258 2307 1275 2327 a
1301 2298 1425 2328 Graeco
1451 2295 1589 2333 μέλλειν.

890 2350 994 2389 Cujus
1007 2349 1148 2388 vestigia
1160 2354 1341 2388 supersunt
1359 2349 1390 2378 in
1405 2357 1486 2378 voce
1503 2351 1510 2364 ‘
1526 2348 1590 2378 Re-

890 2397 1092 2438 mengum!
1114 2398 1184 2428 JOS.
1201 2397 1281 2428 Scal.

934 2448 1137 2488 Promellere]
1162 2449 1232 2479 Pro
1241 2449 1351 2478 lituum
1362 2457 1498 2487 provere,
1513 2447 1590 2487 lego

891 2499 977 2530 litem
991 2508 1174 2539 promovere.
1200 2499 1336 2528 Provere
1352 2497 1590 2537 compendiose

893 2559 953 2590 pro
967 2558 1151 2589 promovere.
1197 2548 1385 2578 Promellere
1404 2552 1516 2577 autem
1540 2550 1591 2576 est

893 2599 1149 2640 procrastinare,
1164 2599 1364 2638 producere,
1379 2607 1396 2627 a
1408 2597 1506 2630 mello,
1521 2606 1590 2626 mo-

894 2660 960 2689 ror,
974 2649 1061 2690 quod
1087 2659 1105 2678 a
1130 2649 1254 2680 Graeco
1276 2647 1395 2685 μέλλω.
1442 2645 1525 2676 Inde
1542 2656 1589 2677 re-

892 2701 1025 2739 mouere,
1036 2700 1103 2731 sive
1116 2699 1258 2730 remelere
1271 2698 1368 2728 unico
1381 2698 1403 2735 I,
1420 2696 1591 2735 remorari,

1432 2752 1450 2779 2
1475 2749 1505 2778 T
