1876 3025
271 173 333 203 DE
367 171 639 202 VERBORUM

674 167 1085 201 SIGNIFICATIONE
1122 167 1213 196 Llss.
1247 167 1396 198 XVlll.

1476 159 1559 199 957

109 272 291 319 Tamne,
326 274 571 324 eousque‚¹¹¹
608 269 657 308 ut
681 266 825 308 AElius
848 263 957 305 Stilo
980 267 1024 305 et
1046 263 1225 317 Opilius
1262 261 1470 303 Aurelius
1499 264 1565 303 in-

166 343 484 393 terpretantur:
516 337 666 390 itaque
688 333 923 376 Afranius:
952 332 1122 373 Tamne
1146 331 1295 372 arcula
1323 335 1403 372 tua
1433 331 1563 384 plena

167 412 234 449 est
254 406 537 448 aranearum?
552 410 566 426 ¹¹

111 476 294 526 Tamne,
316 487 526 528 eousque.
556 471 795 513 Afranius:
827 469 995 510 Tamne
1018 469 1164 509 arcula
1177 471 1254 509 tua
1275 468 1367 521 ple·
1390 466 1568 521 [ΡΑυιΗ

168 557 227 585 na
243 547 309 585 est
330 542 617 584 aranearum?

113 611 346 662 Tandem‚⁰
386 624 485 652 cum
527 608 746 663 significet
781 606 1034 661 aliquando,
1064 605 1279 647 interdum
1321 607 1469 645 tamen
1513 616 1572 644 ex

171 692 452 734 supervacuo
488 678 689 732 ponitur:
719 680 770 717 ut
802 674 918 729 apud
940 673 1194 715 Terentium
1216 672 1260 712 in
1284 671 1572 720 Phormione,

174 761 274 789 curn
298 748 383 789 ait:
420 747 550 788 Itane
584 746 758 787 tandem
793 757 972 785 uxorem
1006 742 1135 783 duxit
1162 739 1361 793 Antipho
1398 738 1571 792 injussu

174 817 304 857 meo?
336 828 422 856 non
439 815 552 855 enim
573 813 646 854 hic
668 817 845 865 tempus
863 811 999 851 ullum
1024 807 1257 862 significat.
1301 805 1540 848 AtvCicero
1559 811 1575 834 ¹²

174 885 306 926 etiam
348 882 549 937 duplicat
588 880 866 934 temporalem
904 877 1289 932 significationem,
1338 887 1439 916 cum
1478 873 1571 915 ait:

173 952 370 993 Tandem
393 949 643 1003 aliquando.

116 1016 345 1074 Tapp'eteq
368 1031 425 1059 ex
447 1017 608 1060 Graeco
633 1014 814 1069 sumpsit
838 1018 1036 1068 tappetae.
1098 1011 1265 1052 Ennius
1286 1024 1389 1052 cum
1408 1010 1576 1062 [FEST.

175 1089 266 1129 ait:
288 1086 513 1140 Tappetem
535 1084 656 1125 etiam
676 1082 781 1124 derit
808 1081 1024 1136 Turpilius
1041 1081 1084 1121 in
1109 1080 1352 1121 Demetrio.

1415 1078 1478 1119 Le

347 1186 357 1195 .
418 1159 618 1208 tappetem
639 1157 828 1192 veterem
849 1151 914 1192 sic
932 1155 1108 1203 tappete
1130 1154 1271 1188 neutro
1290 1160 1448 1202 genere.

121 1223 317 1277 Tapulla
332 1228 362 1247 ¹¹
387 1222 509 1263 dicta
530 1225 599 1263 est
618 1221 690 1262 lex
706 1219 910 1274 quaedam
932 1219 985 1259 de
1007 1216 1242 1259 conviviis.

1407 1214 1586 1268 [PAum

736 1340 954 1352 Oteeaeoaeeae‘e

167 1436 206 1465 11
232 1431 299 1464 Alii
316 1433 434 1472 legunt
452 1431 604 1471 Tappula,
621 1434 657 1461 et
675 1439 752 1461 mox
772 1429 954 1470 Tappulam.

782 1548 810 1577 N
820 1545 926 1576 OTAE

169 1629 191 1644 ¹¹¹
217 1624 343 1660 Tamne,
374 1624 519 1666 eousque]
560 1624 654 1656 Niliil
687 1622 831 1663 impedit

128 1675 206 1716 quin
225 1679 385 1707 tantumne
398 1675 647 1717 interpreteris.
678 1675 777 1705 Idem.

172 1730 187 1745 ⁰
209 1725 327 1760 Arcultz
354 1730 408 1757 tua
434 1727 526 1766 plena
553 1729 599 1756 est
626 1724 830 1763 aranearum]

129 1776 184 1807 Sic
201 1776 356 1807 Catullus
381 1776 422 1806 ad
442 1776 619 1807 Fabullum
636 1785 643 1805 ι
667 1775 676 1791 ‘
690 1784 765 1804 nam
784 1774 832 1803 tui

132 1826 259 1857 Catulli
284 1826 412 1857 Plenus
441 1826 593 1857 sacculus
617 1829 672 1856 est
695 1833 834 1855 aranea-

132 1875 231 1907 rum.’
260 1876 314 1907 Ita
330 1876 557 1917 loquebantur
578 1874 703 1914 Latini,
719 1879 757 1904 ut
775 1874 835 1904 ali-

132 1926 212 1966 quid
240 1935 381 1957 vacuum
406 1930 442 1957 et
467 1925 640 1956 desertum
669 1923 836 1964 significa-

136 1981 223 2006 rent.
246 1975 345 2006 Idem.

175 2030 188 2045 0
212 2024 362 2064 Tandem]
400 2025 519 2056 Cicero
550 2024 647 2055 initio
675 2027 764 2054 orat.
797 2032 837 2053 11.

134 2078 167 2108 in
186 2077 324 2109 Catilin.
349 2076 520 2107 ‘Tandem
540 2073 725 2116 aliquando
754 2073 838 2105 Qni-

135 2126 241 2167 rites‚'
254 2129 319 2158 &m
344 2127 422 2158 Ant.
437 2127 521 2166 Aug.

179 2177 331 2218 Tandem]
357 2178 464 2209 Locus
479 2176 630 2208 Terentii
644 2180 695 2206 est
712 2185 754 2206 ex
769 2179 837 2207 act.

136 2237 176 2259 11.
200 2238 247 2259 sc.
264 2231 296 2259 1.
331 2228 398 2258 Ubi
423 2228 554 2258 Donat.
581 2226 756 2257 ‘Tandem
785 2225 838 2256 hic

137 2279 312 2319 impletiva
346 2278 572 2318 conjunctio:
616 2282 653 2307 ut
692 2276 838 2308 Cicero:

138 2330 323 2370 Quousque
341 2329 477 2360 tandem
495 2329 652 2368 abutere,
679 2327 841 2366 Catilina,

140 2381 306 2420 patientia
319 2387 435 2410 nostra
453 2379 475 2409 θ’
504 2379 582 2410 Dae.

182 2435 198 2456 P
221 2431 266 2462 At
285 2430 408 2470 Cicero]
440 2431 544 2461 Initio
569 2430 728 2461 secnndae
753 2428 841 2460 Cati-

141 2481 289 2512 linariae:
315 2481 484 2512 ‘Tandem
513 2480 705 2521 aliquando,
729 2479 842 2512 Quiri-

143 2531 219 2572 tes,'
236 2534 299 2562 ἃς.
339 2531 470 2561 Nouius
489 2531 537 2561 ait
553 2530 606 2560 liic
624 2531 750 2560 tandem
767 2538 842 2559 esse

144 2593 205 2623 pro
238 2583 306 2621 vix,
341 2581 401 2612 sed
427 2580 505 2611 mihi
533 2581 628 2611 Festi
655 2579 842 2611 auctoritas

146 2635 271 2676 potior.
296 2633 394 2663 Idem.

186 2691 199 2711 «ι
229 2683 356 2723 Tupete]
395 2683 527 2721 Tappete
545 2680 760 2712 scribendum
779 2687 844 2718 est,

146 2741 180 2766 et
195 2736 338 2767 fortasse
358 2735 483 2774 Tapae,
499 2734 586 2774 quod
606 2739 639 2764 et
658 2732 845 2770 masculini,

882 1627 915 1651 et
948 1621 1059 1651 neutri
1086 1620 1219 1660 generis
1248 1627 1322 1649 esse
1350 1616 1439 1657 apud
1471 1615 1590 1656 poetas

885 1672 1015 1704 Nonius
1032 1671 1193 1702 ostendit.
1218 1670 1295 1700 Ant.
1316 1668 1403 1706 Aug.

930 1721 1059 1762 Tapete]
1083 1720 1428 1758 Ostendebat,put‹›‚
1448 1716 1592 1746 Ennium

884 1772 1011 1803 dixisse
1040 1773 1170 1811 Ταρσέως
1197 1770 1397 1807 masculino,
1416 1772 1451 1798 et
1474 1767 1598 1806 Turpi-

886 1824 965 1854 lium
986 1823 1017 1852 in
1037 1822 1294 1861 Demetri0‚qui
1313 1819 1399 1850 dixit
1417 1822 1425 1835 ‘
1440 1817 1593 1857 glabrum

887 1871 1027 1913 tapete.'
1068 1872 1210 1903 Nonius.
1238 1869 1475 1902 Glossarium:
1510 1867 1598 1897 ‘Ta-

887 1924 998 1964 pidus,
1018 1921 1110 1953 τάπις
1133 1920 1233 1962 ψιλή.’
1267 1922 1360 1961 Lege
1383 1915 1600 1958 Tnpetusflwi-

886 1986 950 2013 πις,
976 1973 1064 2014 ψιλή.
1082 1974 1182 2004 etiam
1202 1972 1315 2004 Latini
1332 1976 1467 2001 veteres
1486 1969 1597 1999 Psilas

889 2026 1062 2055 dixerunt.
1110 2023 1285 2054 Lucilius:
1318 2021 1327 2039 ‘
1348 2021 1464 2054 Psilae,
1496 2024 1599 2059 atque

890 2075 1097 2115 ampliitapae
1131 2074 1258 2108 molleS,
1290 2081 1367 2103 cum
1408 2068 1603 2111 ingentibu’

891 2125 1004 2157 villis?
1028 2126 1097 2156 dos.
1115 2125 1200 2155 Saul.

936 2176 1090 2216 Tappete]
1119 2175 1203 2205 ΗΜ
1222 2179 1387 2213 corrupta
1405 2176 1496 2202 sunt.
1537 2170 1600 2200 Le=

892 2237 954 2267 go:
984 2227 1119 2267 Tuppete
1134 2235 1173 2256 ex
1191 2226 1303 2256 Grceco
1319 2223 1428 2254 sumsit
1446 2224 1601 2261 tappetem

892 2276 1016 2307 Ennius
1042 2287 1108 2307 cum
1133 2277 1180 2305 uit
1195 2295 1413 2306 ..........
1434 2272 1600 2311 Tappetem

892 2327 985 2357 etiam
996 2326 1080 2357 dixit
1094 2325 1253 2365 Turpilius
1264 2325 1296 2354 z'n
1308 2322 1471 2354 Demetrio
1486 2322 1513 2351 le
1527 2343 1534 2351 .
1547 2344 1555 2351 .
1571 2345 1577 2351 .
1594 2344 1601 2349 „

895 2377 1062 2416 Tappetem
1087 2379 1234 2406 veterem.
1280 2374 1335 2404 Sic
1351 2375 1476 2412 tappete
1492 2374 1601 2401 neutro

890 2436 1016 2465 genere.
1062 2426 1172 2465 Tapes
1190 2435 1209 2455 a
1227 2425 1352 2456 Graeco
1369 2422 1481 2459 τάπης,
1499 2426 1532 2452 et
1550 2432 1601 2451 os-

895 2477 1006 2508 tendit
1034 2477 1154 2507 Festus
1182 2476 1328 2506 Veteres
1353 2476 1485 2513 tapetem
1502 2476 1537 2501 et
1555 2474 1603 2500 tu=

893 2531 963 2568 pete
981 2527 1118 2557 dixisse.
1168 2526 1332 2567 Tappetem
1359 2534 1401 2554 ex
1430 2522 1539 2553 Ennio
1568 2525 1603 2550 et

893 2577 1050 2617 Turpilio
1079 2575 1239 2607 adducit:
1275 2574 1333 2605 sed
1362 2576 1484 2612 tappete
1500 2570 1601 2601 etiam

897 2632 1020 2658 neutro
1045 2636 1171 2667 genere
1195 2624 1377 2664 Turpilius,
1403 2631 1476 2652 cum
1503 2620 1601 2652 dixit,

896 2680 904 2694 ‘
937 2677 1089 2717 glabrum
1122 2675 1264 2716 tapete!
1311 2672 1410 2713 Apud
1445 2671 1603 2702 Nonium

902 2729 1032 2767 Ταρσέω-
1050 2728 1152 2758 etiam
1176 2726 1347 2757 dicebaut.
1388 2722 1498 2755 Gloss.
1528 2727 1535 2738 ⁶
1556 2727 1602 2751 ta-
