1876 3025
439 138 587 169 SEXTI
624 138 825 168 POMPEI}
863 138 1001 167 FESTI
1038 137 1130 167 [ΑΒ.

133 233 222 265 vivio
240 232 358 273 dignus
375 237 449 263 est:
474 233 533 263 sed
551 241 616 273 quo
633 241 693 271 pro
711 231 833 271 pedica

134 284 280 316 ferarum
294 289 488 322 venatores,
510 289 567 314 aut
584 284 704 323 laqueo
721 283 832 313 avium

132 344 294 375 aucupes,
320 338 378 365 aut
396 333 560 374 compede
584 333 830 364 Grammatico-

134 396 205 417 rum
223 391 377 416 auctores
394 385 442 416 uti
463 385 614 425 possint:
647 383 694 413 sic
718 388 830 414 autem

132 437 380 469 emendandum
399 446 474 466 reor
492 447 499 466 :
525 435 573 466 Ab
589 435 643 465 hoc
660 435 831 474 Depulsmn

130 500 261 521 mamma
288 490 558 530 poedagogandum
588 487 698 528 accipit
732 488 830 527 Repo-

130 540 218 570 tiulis
235 540 322 570 liber.
370 539 419 569 Ac
437 538 624 578 repotialem,
641 536 756 574 credo,
775 547 830 568 vo·

131 594 188 621 cat
205 590 261 630 qui
283 589 323 620 ad
350 589 481 629 repotia
505 589 674 619 ventitare
691 588 830 626 soleret,

131 640 239 671 autin
258 640 397 681 repotiis
419 639 503 670 liber
527 639 636 670 sactus
654 644 753 670 esset.
781 639 828 670 ld.

131 690 206 721 ibid.

174 741 264 772 PAG.
280 744 353 773 755.
383 742 552 772 Resecrare
567 751 628 782 res,
644 740 711 782 ἔξω]
737 741 829 771 Rese-

129 801 228 828 crare,
245 794 359 822 soh-ere
375 793 534 831 religione,
551 796 584 823 ut
607 803 675 823 cum
691 802 761 822 reus
773 802 828 832 po-

126 843 232 882 pulum
248 843 383 873 comitiis
402 846 543 874 orat-erat
562 853 617 882 per
632 843 728 880 Deos,
745 846 780 872 ut
795 853 828 873 eo

127 894 261 933 periculo
277 894 471 931 liberaretur,
479 893 611 932 „iubebat
626 893 828 931 magistratus

128 954 196 975 eum
216 953 390 975 resecrare:
427 944 458 975 id
483 949 547 982 est,
567 944 726 984 populum
751 943 826 973 reli-

128 995 227 1036 gione
247 996 377 1026 solvere
394 1005 401 1025 ε
428 994 558 1025 scilicet
580 999 615 1025 ut
632 994 678 1024 ita
695 994 826 1023 demum

128 1045 273 1086 populus
290 1045 451 1084 religione
473 1049 658 1083 teneretur,
675 1044 700 1073 si
725 1044 751 1073 is
770 1044 826 1084 qui

129 1105 189 1136 per
212 1096 302 1127 Deos
329 1100 485 1126 oraverat
510 1094 623 1126 insons
651 1095 826 1125 innocens-

128 1155 194 1187 que
211 1152 311 1178 esset.
356 1146 411 1177 Ita
430 1147 568 1176 Festum
585 1145 729 1176 sensisse
746 1145 826 1175 Far-

128 1197 258 1227 nesiani
275 1197 681 1236 librivestigiaindicaut.
708 1195 824 1226 Pitlioe-

128 1257 163 1277 us
180 1247 347 1278 Adversar.
364 1247 418 1278 lib.
435 1256 459 1278 1.
476 1258 543 1287 cop.
562 1250 612 1277 10.

172 1297 262 1329 PAG.
290 1301 364 1328 760.
404 1298 531 1338 Restat]
577 1298 717 1337 Impetus
745 1297 826 1328 haud

127 1348 218 1388 longe
248 1349 357 1380 mediis
379 1348 558 1388 regionibus
583 1352 694 1387 restat,
721 1350 824 1379 credo

130 1409 193 1429 non
211 1400 295 1430 male
313 1401 435 1430 lectum
454 1400 505 1430 iri.
532 1399 664 1430 Turneb.
675 1400 727 1431 tib.
743 1408 824 1430 xiii.

126 1460 192 1491 cap.
209 1453 262 1482 25.

171 1501 264 1532 PAG.
280 1503 355 1532 763.
377 1500 478 1540 Reus]
511 1501 582 1531 Lex
598 1509 665 1531 xii.
683 1501 750 1532 tab.
767 1511 824 1532 ex-

127 1555 207 1589 stat,
230 1561 331 1592 quam
358 1552 405 1582 sic
433 1551 497 1590 legi
526 1551 652 1581 debere
680 1561 824 1582 censeo:

126 1607 178 1633 est
195 1602 282 1632 enim
300 1601 390 1632 foede
413 1600 666 1632 contaminata:
699 1611 769 1631 nam
793 1601 826 1631 in

124 1654 257 1684 secunda
284 1652 386 1683 tabula
415 1653 548 1682 secunda
583 1653 649 1691 lege
677 1653 826 1692 scriptum

125 1707 188 1735 est.-
214 1704 287 1744 quid
302 1704 409 1734 horum
424 1713 529 1734 verum
541 1702 611 1739 suit
625 1703 730 1742 judici
743 1702 824 1733 arbi-

126 1757 210 1785 trove
226 1763 324 1795 reove,
337 1763 369 1785 eo
383 1754 432 1784 dic
448 1753 589 1791 defensus
606 1757 690 1783 esto.-
716 1753 780 1791 vel,
798 1754 826 1784 si

125 1805 200 1844 quid
229 1805 336 1835 horum
369 1814 470 1835 unum.
523 1804 599 1834 Scio
637 1803 825 1834 hominibus

125 1856 277 1896 eleganti
303 1854 459 1886 doctrina
483 1854 672 1894 perpolitis,
703 1854 731 1884 si
753 1855 826 1894 quid

126 1907 233 1937 horum
248 1907 359 1937 vitium
368 1905 435 1944 fuit
449 1905 553 1944 judici
568 1905 723 1935 arbitrove
738 1914 826 1936 reove

125 1958 193 1989 dies
215 1957 351 1998 diffusus
377 1961 452 1997 esto,
481 1955 662 1997 legendum
695 1956 826 1986 videri:

125 2008 183 2039 sed
203 2008 350 2039 nondum
368 2009 413 2039 illi
432 2008 513 2038 satis
530 2016 583 2038 me
600 2012 756 2037 movent:
775 2016 825 2037 ar-

126 2059 235 2090 bitror
250 2059 336 2090 enim
355 2069 429 2090 cum
445 2058 477 2088 in
503 2059 748 2098 possessionem
766 2058 824 2089 bo-

126 2119 243 2140 norum
261 2110 348 2140 mitti
374 2110 512 2146 soleret,
539 2109 565 2139 si
587 2110 660 2149 quis
679 2109 823 2140 vadimo-

125 2161 215 2191 nium
230 2170 293 2191 non
307 2160 459 2199 obiisset,
474 2168 535 2190 nec
549 2159 709 2190 defensus
723 2164 824 2197 esset,

126 2211 235 2252 legem
252 2210 383 2241 cavisse
400 2211 487 2240 enini
510 2209 687 2240 defensum
707 2211 823 2246 videri,

126 2261 154 2291 si
192 2260 274 2301 quid
313 2269 440 2298 eorum,
484 2270 559 2300 quae
597 2267 825 2299 enumerarat,

128 2320 228 2341 unum
244 2309 495 2349 fuissetjudici‚
513 2308 697 2349 arbitrove,
711 2320 823 2341 reove.

126 2362 176 2391 Id.
195 2361 272 2391 ibid.

168 2410 270 2450 Reus]
308 2411 358 2442 De
383 2410 416 2440 vi
441 2409 570 2445 accitur,
591 2411 628 2441 de
653 2411 703 2441 via
729 2411 825 2450 citur,

125 2461 306 2503 legendum
324 2466 388 2498 est,
404 2460 507 2501 quod,
519 2465 556 2491 ut
572 2461 704 2501 opinor,
721 2461 823 2500 valet,

128 2516 357 2543 accusatorem
383 2520 494 2541 rerum
520 2511 615 2542 citari
643 2512 684 2542 de
708 2512 773 2547 via,
790 2517 825 2542 et

127 2563 176 2593 rei
191 2562 324 2592 nomine
341 2561 528 2592 contineri:
562 2563 642 2602 scio,
664 2564 700 2593 de
722 2564 754 2593 vi
773 2573 824 2594 ac-

124 2613 209 2644 citur
224 2610 386 2652 hodieque
415 2611 448 2641 in
473 2611 637 2652 Pompeio
654 2612 740 2652 legi:
765 2613 825 2644 sed

127 2664 214 2694 male
249 2662 434 2702 conjuncta
457 2662 516 2702 jus
543 2667 598 2694 est
623 2662 825 2695 distrahere.

130 2714 180 2747 ld.
196 2713 248 2745 lib.
264 2721 313 2744 Vl.
329 2721 394 2752 cap.
411 2714 461 2744 18.

1471 126 1582 169 1227

930 232 1020 261 PAG.
1045 234 1120 262 765.
1163 229 1304 270 Rhonde]
1346 230 1413 265 Quo
1439 232 1584 262 nomina:

884 282 971 322 lego,
985 283 1187 321 cognomina.-
1220 291 1294 311 nam
1313 280 1441 321 reliqua
1458 280 1582 311 felicis-

884 332 965 362 sime
983 332 1196 363 doctissimus
1217 331 1394 362 Turnebus
1412 329 1584 362 emendat.

887 383 1040 413 canterus
1051 383 1105 413 lib.
1124 392 1174 414 vr.
1192 393 1261 423 cap.
1277 385 1306 413 6.

927 433 1069 473 ΕΙιοηάε]
1091 433 1257 464 Scribitur
1269 442 1311 463 ex
1327 431 1456 463 Lucilio
1472 433 1582 464 naenia

884 492 981 522 paene
999 483 1142 523 magica,
1161 483 1290 514 Rhonde
1305 482 1499 522 sicadionque
1515 492 1582 513 cvm

881 534 963 565 discit
980 534 1129 574 Lucilius,
1145 544 1202 574 quo
1225 533 1349 564 nomina
1370 533 1507 573 riparum
1529 543 1582 572 po-

882 586 958 622 suit,
973 588 1036 614 tam
1052 583 1199 620 infestum
1214 583 1274 614 sibi
1290 593 1398 624 corpus
1421 586 1450 613 et
1466 583 1584 613 valetu-

881 635 981 665 dinem
1005 634 1261 674 rderens,‹1uam
1286 635 1333 664 illi
1361 636 1461 664 essent
1486 635 1583 664 saluti

880 687 1105 726 navigantium.
1145 687 1216 726 Ego
1234 696 1309 718 curn
1328 685 1430 716 Icadii
1444 685 1582 716 latronis

882 739 1087 768 mentionem
1128 737 1216 777 apud
1269 737 1468 767 Ciceronem
1506 745 1580 766 esse

880 790 994 827 sciam,
1013 793 1047 818 et
1065 789 1095 817 in
1113 787 1229 818 horum
1245 786 1424 817 verborum
1440 786 1581 817 latebris

881 841 1083 871 delitescere
1102 840 1244 878 videam,
1261 849 1326 869 non
1350 838 1516 870 dubitabo
1535 840 1580 869 le—

880 901 958 931 gere
974 902 981 920 z
1021 890 1152 920 Rliovde
1184 890 1371 929 Icadionque
1400 898 1468 919 cum
1497 889 1580 919 dixit

879 941 1027 975 Lucilius,
1045 940 1167 970 nomina
1180 940 1355 979 piratarum
1368 940 1481 980 posuit.
1497 940 1579 970 Tur-

879 992 954 1022 neb.
974 991 1029 1021 lib.
1049 1000 1127 1021 xni.
1145 1001 1219 1030 cap.
1235 994 1288 1021 25.

923 1043 1014 1072 mo.
1026 1045 1099 1072 770.
1115 1041 1228 1081 Rivus]
1246 1042 1307 1081 Spe
1317 1041 1488 1072 consiliove.
1512 1041 1580 1072 Hic

878 1094 1012 1134 quidam
1026 1103 1087 1123 cere
1097 1094 1262 1123 consiliove
1276 1093 1472 1124 emendant.
1507 1093 1580 1132 Ego

876 1144 1056 1183 legendum
1071 1144 1287 1182 crediderim,
1309 1153 1399 1183 specu
1425 1144 1579 1175 inciliove.

878 1195 930 1225 ld.
949 1194 1003 1225 lib.
1024 1204 1055 1221 *u
1090 1204 1119 1224 c.
1137 1197 1188 1224 16.

921 1245 1011 1275 PAG.
1027 1247 1102 1275 771.
1128 1244 1252 1285 Rodiis]
1288 1243 1394 1274 Modo
1412 1248 1449 1274 ut
1466 1244 1579 1285 adJec-

877 1295 923 1326 tio
942 1300 1006 1334 est,
1022 1301 1068 1333 ut,
1080 1295 1088 1311 ‘
1105 1295 1188 1325 alius
1211 1304 1332 1325 saxum
1349 1294 1491 1330 roduin,’
1511 1304 1580 1325 mo-

876 1347 917 1376 do
934 1345 1200 1383 substantivum,
1214 1351 1263 1385 ut,
1285 1347 1294 1362 ⁴
1309 1350 1341 1376 et
1361 1344 1463 1375 rudus
1481 1346 1511 1375 in
1531 1355 1581 1376 ar·

875 1398 1066 1428 cliitectura
1080 1408 1087 1427 :
1100 1397 1107 1409 '
1131 1403 1165 1428 et
1184 1407 1258 1428 cum
1277 1397 1411 1434 molem,
1429 1397 1579 1437 glebam,

876 1457 1018 1478 massam
1036 1447 1225 1488 significat:
1260 1451 1311 1487 ut,
1334 1447 1432 1477 ‘liinc
1459 1456 1579 1487 rapere

876 1499 1028 1530 manibus
1045 1499 1146 1529 rodus
1163 1508 1299 1529 saxeum
1312 1498 1441 1537 grande
1455 1503 1489 1529 et
1502 1508 1579 1538 gra·

876 1559 916 1580 ve
931 1549 952 1579 :’
984 1555 1019 1580 et
1036 1549 1126 1589 apud
1146 1548 1306 1580 Lucilium
1324 1549 1356 1579 in
1381 1549 1503 1580 bolidis
1519 1549 1578 1580 de·

877 1600 1076 1641 scriptione,
1101 1610 1166 1641 qua
1190 1600 1312 1631 vadum
1342 1601 1442 1631 maris
1465 1605 1578 1632 tenta-

878 1657 953 1682 tur:
989 1651 1101 1681 ‘Hinc
1123 1650 1336 1690 catapiraten
1355 1660 1439 1691 puer
1455 1651 1577 1682 eodem

876 1701 1010 1733 deferet
1036 1705 1189 1740 unctum,
1223 1701 1356 1731 plumbi
1392 1702 1577 1742 pauxillum

877 1754 977 1785 rodus
1006 1753 1129 1793 linique
1155 1751 1349 1783 metaxam)
1396 1753 1462 1784 Hic
1487 1754 1578 1784 rodus

877 1811 930 1837 est
953 1805 1095 1846 pondus,
1113 1808 1147 1835 et
1168 1804 1355 1843 catapirates
1383 1810 1448 1844 est,
1465 1814 1540 1846 quae
1558 1815 1578 1836 a

878 1856 1010 1887 Graecis
1024 1852 1284 1894 καταπειρατηρία
1297 1859 1449 1893 vocatur,
1464 1864 1483 1885 a
1499 1864 1577 1895 per-

877 1906 1047 1937 tentandis
1065 1905 1169 1936 vadis.
1195 1905 1246 1935 Id.
1264 1903 1316 1934 lib.
1333 1912 1415 1935 xm.
1431 1914 1498 1944 cap.
1514 1907 1567 1936 25.

920 1956 1012 1986 PAG.
1029 1958 1103 1986 777.
1131 1953 1244 1993 Roma]
1287 1953 1428 1993 Virginis
1449 1958 1576 1994 tempes-

876 2007 970 2038 tiroe:
990 2015 1030 2035 ea
1047 2010 1096 2035 est
1115 2010 1245 2035 matura
1264 2004 1333 2034 viro
1349 2010 1383 2034 et
1401 2004 1523 2034 nubilis
1540 2008 1576 2035 et

875 2057 1023 2088 formosa
1047 2056 1140 2086 velut
1165 2053 1260 2094 ὀραία.
1296 2054 1346 2085 Id.
1370 2054 1425 2085 lib.
1442 2063 1492 2084 vr.
1508 2064 1576 2094 cup.

877 2112 927 2140 16.

918 2161 1011 2191 PAG.
1027 2161 1101 2190 791.
1139 2160 1275 2190 Ruscum
1303 2156 1455 2197 [Russus]
1494 2156 1576 2188 Rus-

874 2221 957 2241 ceam
972 2210 1094 2241 faciem
1121 2220 1181 2250 pro
1210 2209 1322 2240 colore
1348 2217 1468 2239 rusceo
1489 2208 1576 2239 dixit

876 2262 974 2296 Cato,
993 2262 1047 2301 qui
1066 2270 1083 2290 e
1102 2260 1199 2290 viridi
1219 2259 1338 2289 rutilus
1366 2262 1420 2289 est
1438 2263 1497 2288 ant
1516 2256 1576 2288 fla-

877 2322 946 2342 vus.
993 2313 1129 2342 Coronas
1145 2320 1253 2340 aureas
1268 2319 1375 2339 ruscea
1391 2308 1490 2348 facie,
1503 2309 1574 2346 gal-

875 2362 954 2396 beas,
981 2362 1087 2396 lineas,
1113 2361 1217 2400 pelles,
1248 2359 1441 2389 redimicula.
1488 2358 1575 2398 Legi

875 2419 911 2444 et
929 2414 959 2443 in
978 2413 1117 2453 antiquo
1132 2411 1241 2441 lexico
1256 2420 1377 2440 ruscum
1393 2418 1451 2449 pro
1469 2409 1576 2439 sordi-

876 2463 930 2499 do,
947 2463 999 2493 cui
1018 2472 1079 2501 pro
1095 2471 1152 2491 suo
1178 2461 1299 2491 merito
1315 2459 1415 2491 fidem
1432 2460 1573 2500 quisque

875 2512 979 2544 addat
994 2512 1044 2542 vel
1060 2511 1229 2542 detrahat.

918 2564 1010 2595 PAG.
1024 2565 1097 2593 79⁴.
1123 2562 1271 2601 Rutrum]
1312 2560 1439 2602 Effigies
1459 2562 1492 2590 in
1511 2561 1573 2590 Ca·-

871 2613 981 2653 pitotio
1005 2612 1108 2652 ephebi
1125 2615 1193 2642 erat
1217 2615 1340 2641 rutrum
1366 2612 1509 2646 tenentis,
1536 2616 1573 2641 et

875 2673 968 2694 more
985 2662 1180 2693 Graecorum
1198 2671 1316 2691 arenas
1332 2661 1459 2691 ruentis
1475 2670 1571 2691 exer-

876 2714 1047 2745 citationis
1063 2722 1176 2752 causa,
1192 2717 1225 2743 ut
1244 2713 1374 2752 opinor,
1395 2711 1450 2752 qui
1467 2711 1571 2742 athle-

1166 137 1274 166 XVI.
