1876 3025
255 162 339 202 892

689 171 835 203 SEX'rl
871 171 1075 201 POMPEII
1111 171 1247 202 FESTI

314 266 527 308 Plautus:
560 266 797 320 Flagitium
820 270 889 307 est
909 267 946 307 si
967 266 1074 307 nihil
1094 267 1296 316 mittetur,
1320 278 1418 320 quae
1436 268 1671 320 supercilio
1686 274 1702 299 ⁷

315 335 446 387 spicit.
475 340 520 375 et
548 336 707 388 spexit.

770 333 937 374 Ennius
971 333 1082 374 libro
1118 334 1448 375 sextodecimo:
1481 335 1599 388 quod
1634 337 1706 376 ubi

314 415 393 443 rex
415 402 548 455 paulo
562 402 577 425 ⁸
601 402 748 455 spexit
769 401 822 441 de
841 401 1045 442 contibus
1061 407 1078 433 9
1094 402 1244 442 celsis.

261 469 464 523 Spiciunt
479 474 494 497 g
510 469 711 521 antiquos
733 467 880 508 dixisse
900 466 982 508 sine
997 467 1284 522 praepositione
1304 469 1430 510 testis
1447 473 1514 510 est
1531 468 1645 510 Cato
1662 470 1708 510 in

319 550 386 586 ea,
409 550 539 590 quarn
561 535 703 576 habuit
727 542 868 576 contra
895 534 1110 576 Thermum
1126 539 1158 558 ¹0
1188 535 1239 577 de
1259 541 1426 590 septem
1445 537 1708 587 hominibus,

318 608 365 645 ut
387 605 528 645 solent
543 603 693 644 evitare
717 602 929 652 Sonivios,
951 605 1035 645 nisi
1067 605 1139 658 qui
1162 605 1417 658 sempiterni
1447 610 1560 655 sunt,
1593 619 1709 659 quos

319 671 415 712 dum
437 677 670 721 occurrant,
691 685 747 712 ne
769 672 974 726 spiciunt,
995 685 1137 726 neque
1157 676 1277 713 ratos
1299 686 1376 712 esse
1396 671 1552 712 volunt.

265 740 447 793 Spicum
462 738 478 761 ²¹
500 741 737 781 masculine
769 741 942 795 antiqui
973 740 1194 788 dicebant,
1226 745 1274 781 ut
1303 741 1419 781 hunc
1442 740 1635 794 stirpem,
1671 746 1715 781 et

321 808 433 849 hanc
473 821 652 849 amnem.
711 809 879 850 Versus
908 813 975 849 est
1005 809 1226 863 antiquis:
1273 808 1400 862 quasi
1440 809 1618 849 messim
1642 822 1717 863 per

321 876 486 916 missim
510 890 862 931 unumquemque
879 878 1056 930 spicum
1074 877 1263 930 collegit.
1704 878 1709 882 ”

268 941 494 995 Spintheri
529 945 767 985 vocabatur
801 943 973 984 armillae
1003 959 1127 999 genus
1163 944 1272 999 quod
1304 943 1496 985 mulieres
1529 944 1718 996 antiquae

326 1023 461 1062 gerere
480 1009 658 1051 solebant
689 1010 852 1052 brachio
873 1026 1024 1052 summo
1054 1013 1240 1053 sinistro.

1300 1011 1489 1053 Plautus
1505 1026 1515 1053 ε
1547 1012 1574 1053 J
1583 1011 1720 1052 uberes-

326 1092 403 1132 que
425 1077 609 1131 spinther
630 1094 774 1119 novum
791 1080 1151 1121 reconcinnarier.

275 1146 445 1200 Spinter
465 1147 646 1188 armillae
670 1161 817 1200 geum,
841 1160 930 1201 quo
953 1147 1158 1188 mulieres
1179 1148 1409 1189 utebantur
1427 1148 1524 1190 bra·
1545 1147 1724 1198 [PAUL.

329 1214 427 1255 chio
451 1228 623 1255 summo
648 1216 839 1257 sinistro.

274 1281 547 1335 Spintyrnix,
581 1296 716 1334 genus
742 1284 839 1325 avis
869 1285 1008 1339 turpis
1044 1284 1223 1337 figurae:
1269 1296 1322 1325 ea
1352 1283 1509 1325 Graece
1537 1282 1721 1339 σπινθαρὶς

331 1350 513 1391 dicitur.

891 1451 1007 1462 eeeeee

1010 1450 1127 1463 eeeeee

318 1517 337 1545 7
352 1515 431 1545 Vet.
449 1514 523 1546 cod.
548 1516 775 1556 supereum—8
798 1517 880 1548 Vet.
907 1516 966 1548 lib.
993 1527 1050 1548 rex
1068 1540 1076 1549 .
1093 1538 1100 1547 .
1118 1540 1126 1549 .
1143 1518 1223 1548 dulo-
1267 1517 1346 1546 Vet.
1370 1515 1445 1547 cod.
1462 1516 1642 1547 salutm—9
1666 1516 1726 1546 Vir

279 1558 373 1589 doct.
400 1559 431 1588 in
458 1568 563 1597 marg.
581 1559 634 1589 ed.
654 1560 743 1590 Scal.
759 1560 901 1600 conjicit
923 1561 1080 1601 pontibus.
1123 1560 1212 1591 vide
1235 1560 1316 1591 Not.
1342 1558 1525 1590 infun—10
1551 1558 1615 1589 Ed,
1634 1559 1723 1590 Scal.

278 1611 371 1640 quum
388 1601 494 1632 habuit
513 1602 541 1637 Q
555 1602 591 1634 «le
609 1603 775 1634 Thermum
790 1605 839 1635 de.

938 1668 1084 1700 NOTAE

278 1741 379 1781 spexit
408 1743 446 1772 de
478 1742 613 1772 cortibus
643 1744 752 1780 celsis;
799 1744 863 1782 vel,
889 1743 979 1785 quod

280 1792 385 1832 magis
401 1793 526 1831 placet,
549 1793 632 1828 Quos
650 1793 700 1824 ubi
713 1804 769 1824 rex
781 1795 867 1834 epulo
878 1795 981 1834 spexit

280 1845 316 1873 de
330 1843 465 1873 cortibus
480 1843 577 1874 celsis.
623 1844 732 1874 varro
750 1844 850 1879 enim,
865 1850 900 1874 ut
912 1854 980 1874 om-

283 1903 341 1923 nes
359 1897 492 1927 norunt,
506 1893 693 1933 smpissime
711 1894 906 1925 testimonia
917 1895 982 1925 Ve—

283 1950 392 1974 terum
411 1944 457 1974 ita
475 1944 562 1974 solet
574 1943 806 1982 adducere‚ut
823 1945 985 1986 pleraque

285 1993 398 2024 verbis
437 1994 504 2023 suis
538 1994 705 2032 enuntiet,
736 1994 818 2025 illud
854 2001 985 2026 tantuin

285 2053 352 2084 quo
370 2043 411 2073 de
429 2043 498 2083 agit
516 2043 653 2074 verbum
677 2045 830 2084 posuisse
848 2051 986 2076 conten-

286 2099 352 2124 tus.
400 2093 521 2132 Inepte
539 2093 739 2133 Schegkius,
756 2094 840 2129 Quos
857 2095 907 2125 ubi
931 2105 988 2125 rex

286 2145 371 2184 epulo
387 2144 490 2184 spexit
503 2143 659 2174 decocibus
674 2144 778 2175 celsos.
823 2145 867 2175 Et
884 2145 987 2176 inter-

288 2199 445 2233 pretatur
460 2193 502 2224 (le
519 2203 616 2224 coena
642 2194 699 2224 ubi
723 2194 989 2235 modimperator

289 2245 408 2279 celsos,
427 2244 458 2274 id
477 2249 541 2282 est,
559 2244 691 2285 equites
717 2245 852 2285 aspicit,
874 2255 939 2276 non
957 2247 990 2276 iu

291 2299 385 2325 veste
402 2294 600 2331 coenatoria,
617 2295 673 2324 sed
693 2295 725 2325 in
749 2300 826 2336 toga
843 2295 988 2326 detrita:

291 2355 365 2376 naui
382 2346 501 2376 ‹lecotes
517 2349 604 2383 togae
618 2345 768 2377 detritae.
815 2345 925 2377 Homo
942 2356 991 2377 sa-

293 2405 358 2436 gax
376 2395 521 2425 scilicet.
546 2395 628 2426 Duc.

335 2450 350 2472 ἔ
374 2445 531 2485 Spiciunt]
557 2445 723 2486 Antiquos
747 2446 872 2477 dixisse
890 2446 922 2477 in
940 2456 990 2478 so-

295 2499 367 2528 luta
398 2498 548 2527 oratione
577 2497 672 2527 testis
699 2502 752 2528 est
783 2499 868 2529 Cato
894 2498 925 2529 iu
952 2509 992 2529 ea

296 2557 395 2589 quain
425 2547 543 2577 habuit
569 2547 611 2577 ‹le
636 2552 765 2587 septem
796 2548 995 2580 hominibus.

297 2599 367 2628 λος.
385 2596 467 2627 Scal.

341 2645 502 2686 Spicz'unt]
526 2646 690 2677 Mendose
708 2647 744 2677 de
765 2651 879 2687 septem
900 2649 995 2679 laomi-

298 2698 387 2727 nibus
403 2698 528 2737 legitur
553 2706 612 2736 pro
634 2698 671 2727 (Ie
693 2698 796 2728 decem
818 2698 1001 2738 hominibus,

303 2749 390 2781 Nam
411 2758 500 2789 saepe
528 2748 615 2780 Cato
630 2749 638 2764 ‘
652 2748 693 2780 de
721 2749 838 2781 decem
861 2749 1000 2783 homiui-

1036 1742 1098 1774 bus
1117 1747 1236 1774 contra
1251 1742 1434 1774 Thermum
1448 1740 1456 1755 ¹
1473 1741 1598 1773 citatur
1615 1751 1633 1772 a
1657 1742 1735 1773 Fes-

1036 1799 1084 1833 to,
1108 1804 1276 1835 nunquam
1304 1803 1384 1825 vero
1411 1794 1448 1824 de
1473 1797 1597 1833 septum.
1643 1794 1736 1833 Lego

1038 1844 1148 1876 infra:
1175 1846 1242 1876 Nec
1268 1845 1416 1885 spiciunt,
1439 1853 1535 1884 neque
1563 1847 1648 1875 ratos
1677 1854 1738 1876 esse

1038 1896 1153 1926 colunt.
1176 1896 1265 1926 Dae.

1083 1945 1097 1965 h
1122 1945 1264 1986 Spicum]
1287 1945 1426 1984 Legitur
1436 1945 1550 1985 spicus,
1563 1951 1596 1976 et
1609 1946 1739 1985 spicum.

1042 1996 1180 2027 Servius
1199 1997 1230 2026 in
1248 2005 1272 2026 1.
1289 1995 1415 2034 Georg.
1437 1996 1446 2011 ‘
1461 1995 1610 2025 Dicimus
1636 2001 1670 2025 et
1687 1996 1740 2027 hic

1043 2046 1169 2086 spiclis,
1186 2052 1218 2076 et
1230 2045 1293 2076 hoc
1305 2045 1447 2084 spicum.
1472 2045 1592 2076 Cicero
1609 2046 1640 2075 in
1656 2046 1738 2076 Ara-

1043 2101 1099 2126 to:
1134 2096 1270 2136 Spicum
1303 2095 1436 2126 illustre
1468 2099 1587 2126 tenens
1619 2096 1742 2136 insigni

1043 2156 1185 2186 corpore
1204 2147 1309 2185 virgo.
1354 2145 1419 2176 Sed
1435 2146 1521 2176 scire
1537 2146 1697 2177 debemus
1711 2147 1743 2177 in

1044 2207 1105 2228 usu
1128 2206 1203 2228 esse
1229 2207 1248 2227 a
1270 2197 1455 2227 masculino
1480 2201 1658 2237 utrumque
1684 2207 1743 2227 nu-

1046 2258 1195 2279 merum:
1220 2258 1239 2279 a
1262 2253 1385 2278 neutro
1404 2257 1484 2278 vero
1510 2252 1646 2285 rar0‚et
1672 2254 1743 2278 tau-

1046 2304 1117 2330 tum
1134 2299 1335 2337 singularem
1353 2298 1511 2334 inveniri,
1523 2307 1597 2328 uam
1623 2298 1745 2338 plurali

1047 2359 1211 2389 nusquam
1229 2349 1355 2379 lectum
1372 2346 1447 2378 est!
1480 2348 1567 2378 Vide
1586 2348 1746 2378 Nonium.

1045 2398 1085 2429 In
1113 2408 1212 2429 versu
1243 2399 1383 2438 antiqno
1407 2399 1496 2438 lege,
1526 2398 1612 2439 quasi
1633 2407 1747 2429 messor

1043 2458 1100 2489 per
1115 2449 1251 2487 messim,
1266 2451 1318 2487 tisc-
1343 2448 1450 2478 Idem.

1086 2497 1094 2519 ὖ
1118 2499 1283 2540 Spinther]
1306 2499 1419 2529 l’laut.
1441 2500 1472 2528 in
1486 2498 1652 2529 Menaecli.
1670 2498 1745 2530 ‘Ju-

1049 2550 1197 2592 beasque
1224 2550 1377 2590 spinther
1393 2559 1513 2580 novum
1532 2549 1747 2580 reconcinna-

1051 2599 1142 2631 rier!
1167 2601 1246 2631 Ant.
1263 2602 1346 2638 Aug.

1094 2649 1259 2692 Spinther]
1284 2650 1416 2681 Graecis
1435 2649 1625 2689 ἀκροχέρ·ιον.
1657 2649 1747 2679 Pris-

1056 2700 1142 2731 cian.
1187 2700 1300 2731 Plauti
1325 2700 1418 2731 locus
1442 2706 1494 2732 est
1516 2710 1557 2731 ex
1584 2699 1751 2732 Mcuaecli.

1058 2756 1124 2783 act.
1142 2759 1197 2782 ιιι.
1213 2760 1259 2782 sc.
1277 2753 1307 2782 3.
1325 2750 1404 2782 Duc.
