1876 3025
431 178 578 209 SEXTI
615 176 815 208 POMPElI
853 174 988 205 FES'i'l
1022 173 1116 203 LIB.
1150 172 1274 202 XVII.

174 274 276 315 Spicit
305 273 436 314 quoque]
478 274 567 308 Quod
595 272 646 303 ubi
674 281 740 302 rex.
791 271 832 302 In

132 324 329 364 fragmentis
345 325 434 355 Festi
450 324 499 354 ita
514 324 641 354 citatur
656 323 709 353 hic
727 321 833 352 versi-

133 377 229 424 culus
246 376 370 406 Ennii:
398 375 487 410 Quod
501 374 552 405 ubi
569 383 626 405 rex
662 397 670 404 .
716 395 724 403 .
771 395 779 403 .

132 428 203 457 dulo
226 427 328 467 spexit
353 427 390 457 de
415 425 547 457 conttbu’
572 424 656 456 altis.
690 424 721 454 in
747 423 834 463 aliis⁷

136 477 226 512 Quod
249 477 301 508 ubi
322 478 412 517 paulo
429 476 532 516 spexit
549 477 585 506 de
601 474 720 505 coribus
735 473 832 504 celsis.

134 533 218 567 puto
247 527 441 566 legendnm,
467 527 553 562 Quos
577 526 629 556 ubi
656 535 713 556 rex
737 525 835 564 pullos

133 577 239 618 spexit
261 579 298 609 de
323 576 451 608 cortibu'
478 576 578 607 celsis.
624 576 778 615 Scaliger
801 574 834 604 in

133 627 297 657 Varronis
336 627 379 658 de
418 627 533 667 lingua
563 626 683 657 Latina
715 626 834 656 librum

135 678 304 719 quintum,
320 681 374 709 61.

178 729 270 761 PAG.
295 732 369 760 920.
393 728 578 770 Subscudes]
615 728 763 758 Cuneatoe
789 730 836 757 ta-

137 779 231 811 buloe:
255 784 337 819 puto
356 779 548 819 legendum,
564 778 635 819 qnia
650 788 706 818 quo
722 777 836 808 immit-

137 835 247 861 tmztur
265 831 453 861 succuditur.
498 830 585 861 Nam
609 839 628 860 a
651 829 838 859 succutien-

137 880 181 912 do
210 881 287 911 milii
314 890 436 912 nomen
459 881 618 911 videntur
644 880 756 920 potius
782 879 838 909 ha-

138 931 219 963 bere
237 941 335 972 quam
353 943 371 961 a
392 931 608 962 succidendo.
655 930 729 961 Etsi
750 929 838 960 enim

138 984 246 1022 locus,
259 983 312 1014 cui
330 984 538 1023 inseruntur,
555 987 751 1020 excavatur,
765 991 840 1012 suc-

139 1034 347 1075 ciditurque‚
364 1034 443 1064 inde
460 1032 585 1074 aliquid
603 1036 640 1063 ut
656 1032 839 1063 immittan-

141 1090 196 1117 tur
210 1096 218 1124 3
243 1095 318 1116 cum
337 1089 449 1115 tamen
467 1083 501 1115 id
514 1083 572 1114 fiat
586 1083 741 1114 cudendo
756 1082 840 1113 scal-

142 1137 210 1177 pris
227 1137 347 1167 malleo
365 1136 546 1176 percussis,
563 1139 597 1165 et
614 1135 841 1165 immittantur

141 1188 213 1218 ictu
239 1187 363 1222 mallei,
389 1196 456 1217 non
481 1186 581 1217 video
607 1195 666 1216 cur
694 1195 759 1216 non
785 1185 840 1215 de-

141 1239 244 1270 beant
261 1238 374 1278 potius
392 1247 410 1268 a
424 1236 643 1268 succudendo
660 1245 758 1277 quam
768 1245 842 1266 suc-

143 1289 290 1321 cidendo
324 1288 456 1319 deduci.
503 1286 633 1319 Quodsi
670 1287 791 1317 Festus
823 1296 843 1316 a

144 1339 350 1371 succidendo
367 1338 517 1378 scripsit,
533 1342 571 1369 ut
586 1342 620 1368 et
633 1336 778 1368 fortasse
795 1336 842 1367 fe-

143 1391 211 1429 cit3
235 1400 277 1420 ne
295 1389 337 1420 ab
353 1399 392 1419 eo
408 1388 635 1420 libentissime
652 1387 840 1418 dissentio:

144 1441 203 1472 sed
231 1445 266 1472 et
290 1440 344 1481 qui
362 1440 515 1479 strigores
539 1439 699 1469 dicuntur
720 1438 762 1469 ab
789 1448 843 1478 eo,

145 1491 428 1532 explicanturque
447 1489 626 1520 densarum
645 1488 763 1519 virium
787 1488 845 1519 lio-

145 1542 266 1580 mines,
282 1551 414 1578 vereor,
429 1541 585 1578 strigones
605 1539 716 1579 potius
741 1539 847 1570 nomi-

145 1593 249 1624 nandi
276 1593 356 1632 sint,
372 1601 561 1632 quanquam
587 1590 651 1620 lioc
676 1589 709 1620 in
735 1588 846 1620 medio

147 1644 324 1684 relinquo:
349 1652 412 1673 nec
430 1640 571 1672 affirmo.
618 1640 657 1671 In
670 1640 771 1679 sir-ige
787 1650 846 1670 ex-

147 1693 306 1734 plicanda
335 1701 451 1723 versus
488 1691 693 1722 adhibentur
731 1689 847 1721 Graeci

148 1744 246 1775 valde
263 1742 454 1783 depravati,
468 1741 589 1782 quibus
606 1740 847 1771 reconciunan-

148 1794 200 1826 dis
218 1793 398 1835 prodesset
409 1791 553 1822 fortasse
566 1790 770 1830 Hesychius,
783 1789 847 1819 nisi

149 1849 185 1877 et
202 1845 275 1886 ipse
301 1844 372 1884 pari
397 1842 592 1874 calamitate
615 1841 714 1872 laesus
736 1845 846 1871 esset:

150 1894 211 1926 sed
230 1893 309 1935 quid
328 1897 422 1924 vetat
436 1892 510 1932 ejus
528 1890 645 1922 audire
658 1889 758 1920 balba
777 1899 849 1919 ver-

151 1946 217 1977 ba?
241 1942 390 1985 στρίγλος
404 1942 445 1974 τὰ
462 1941 548 1973 ἐντὸς
562 1942 618 1972 τοῦ
633 1939 761 1981 κέρατος
779 1951 849 1970 νυκ-

151 1995 302 2036 τίφοιτον.
316 1994 458 2025 καλεῖται
472 1991 505 2023 δὲ
520 1991 570 2022 καὶ
586 1989 741 2026 νυκτοβοά
756 2000 764 2020 ;
778 1989 807 2020 οἱ
817 1989 850 2020 δὲ

153 2046 204 2078 καὶ
234 2043 448 2085 νυκτικόρακα.
484 2044 539 2074 hic
572 2041 727 2083 profecto
754 2050 850 2071 nemo

154 2098 327 2130 dubitabit
344 2097 422 2138 quin
440 2096 483 2127 de
501 2094 672 2126 nocturnis
689 2092 850 2133 strigibus

154 2150 324 2189 loquatur,
353 2157 434 2188 quas
457 2150 492 2177 et
513 2155 531 2176 a
553 2143 749 2186 quibusdam
769 2143 853 2173 dicit

156 2198 342 2230 existimari
369 2197 611 2238 nycticoracas,
636 2194 670 2225 id
696 2199 853 2232 est‚noc·

156 2253 271 2280 turnos
301 2257 432 2278 corvos.
480 2247 634 2276 Fortasse
663 2249 789 2282 autem,
816 2247 854 2274 ut

157 2297 283 2339 aliquid
299 2306 471 2333 conemur,
500 2295 565 2326 etsi
582 2304 648 2325 non
665 2293 856 2334 adspirabit

159 2348 273 2380 studio
290 2347 403 2378 forsan
419 2345 538 2377 favens
555 2345 659 2383 Deus,
676 2345 723 2375 sic
740 2353 855 2373 versus

159 2408 227 2430 non
266 2397 410 2429 absurde
445 2395 667 2426 restituentur
685 2405 692 2423 :
732 2392 856 2433 σφίγγ’

160 2448 352 2487 ἀποπέμπειν
380 2447 554 2482 νυκτιβοὰν,
590 2443 714 2485 σφίγγ’
750 2442 858 2474 αὐτίκα

160 2499 378 2540 λαιὸν,”ορνιν
393 2497 549 2535 ἀνώνυμον
565 2494 675 2526 ἐνθένδ’
688 2493 858 2534 ὠκυπόρους

161 2551 212 2583 ἐπὶ
238 2552 320 2588 νῆας.
345 2550 411 2589 vel,
434 2547 572 2587 στρίγγα
593 2545 776 2587 φθορόλαον.
815 2545 858 2575 In

163 2612 220 2634 eas
252 2610 330 2632 aves
362 2599 547 2631 credebant
575 2598 731 2628 mulieres
764 2604 858 2635 sagas

163 2652 300 2693 magica
326 2651 484 2682 cantione
515 2649 647 2680 mutari.
693 2647 860 2679 Ovidius:

165 2702 175 2718 ‘
188 2702 379 2741 Naeniaque
393 2702 426 2732 in
441 2701 594 2731 volucres
610 2698 726 2729 Marsa
738 2697 860 2738 figurat

168 2751 271 2784 anus!
298 2750 428 2783 Turneb.
446 2750 499 2782 lib.
518 2759 565 2781 vr.
581 2759 648 2789 cap.
666 2751 716 2779 18,

1465 162 1577 204 1:229

923 270 1016 300 PAG.
1046 270 1120 300 923.
1154 266 1286 307 Subulo]
1322 266 1412 297 Puto
1438 275 1511 297 esse
1535 276 1578 297 ex

880 318 1034 350 sotadico
1057 317 1206 349 carmine
1228 316 1339 348 Ennii.
1381 316 1579 347 Sotadicum

825 395 832 403 .
880 369 998 407 facies,
1030 369 1058 400 si
1082 379 1178 409 aquas
1203 377 1308 408 pones
1333 367 1365 397 in
1393 367 1580 406 penultimo

881 421 978 451 loco:
1012 420 1179 461 quomodo
1200 419 1327 460 legitur
1351 418 1384 448 in
1410 418 1512 449 Festo
1529 421 1582 449 est

882 470 982 511 plane
999 470 1194 501 trochaicus
1207 468 1420 509 septenarius
1436 468 1580 499 catalec-

884 520 970 551 ticus
984 532 991 551 :
1016 520 1129 552 Subulo
1144 521 1294 561 quondam
1309 519 1446 550 marinas
1457 522 1583 559 propter

883 572 1005 602 astabat
1028 572 1149 611 plagas.
1194 570 1344 611 Scaliger
1370 569 1403 600 in
1419 568 1584 600 Varronis

885 621 941 652 lib.
960 626 1108 659 sextum,
1124 623 1176 652 72.

928 671 1057 712 Subulo]
1094 672 1154 702 Est
1175 671 1276 701 Festo
1297 669 1421 701 tibicen
1439 669 1585 700 Etrusca

886 723 1013 763 lingua,
1041 722 1104 753 hoc
1139 721 1243 752 etiam
1275 720 1475 751 vocabulum
1513 719 1586 750 soni

886 773 1079 804 imitatione
1104 783 1179 804 esse
1206 776 1288 812 puto
1315 770 1456 809 factum,
1477 775 1515 801 nt
1542 770 1588 801 sit

887 825 1006 865 subulo,
1031 828 1191 865 tanquam
1215 822 1318 854 sibilo.
1355 821 1504 854 Turneb.
1530 821 1589 852 lib.

888 885 941 906 vr.
956 885 1030 915 cap.
1049 877 1100 905 18.

932 928 1023 959 PAG.
1054 929 1129 958 922.
1165 923 1390 964 Subverbusta]
1429 924 1492 955 Est
1527 922 1589 954 sub

890 978 1085 1009 verberibus
1101 981 1188 1015 usta,
1214 976 1354 1007 licentia
1377 979 1413 1005 et
1436 973 1591 1014 petulan-

890 1028 938 1059 tia
954 1027 1082 1058 comica
1109 1025 1274 1057 vocabulo
1302 1035 1320 1055 e
1347 1023 1460 1055 multis
1488 1032 1590 1063 coag-

889 1083 1065 1110 mentato:
1104 1078 1164 1112 sic,
1197 1076 1268 1107 ‘uri
1298 1075 1401 1116 virgis
1430 1074 1591 1114 ferroque

889 1129 1025 1168 necari‚’
1037 1129 1124 1159 dixit
1138 1129 1291 1166 Flaccus,
1301 1135 1492 1168 quanquam
1505 1125 1537 1156 in
1551 1135 1593 1156 eo

890 1181 941 1212 uri
967 1190 1028 1221 per
1053 1189 1088 1211 se
1113 1179 1216 1210 etiam
1247 1177 1424 1209 commode
1452 1176 1593 1216 intelligi

891 1235 1016 1272 potest.
1042 1230 1108 1262 alio
1132 1231 1229 1262 loco:
1255 1228 1425 1260 ‘Ibericis
1456 1232 1594 1268 peruste

890 1282 1025 1313 funibus
1042 1282 1131 1312 latus
1145 1279 1167 1310 :'
1190 1279 1247 1311 sed
1273 1284 1309 1310 et
1329 1277 1595 1309 subverbustum

890 1332 980 1372 apud
996 1330 1199 1371 Septimium
1224 1330 1423 1360 Florentem
1449 1327 1482 1357 in
1507 1326 1596 1358 libro

892 1383 933 1413 de
958 1382 1068 1413 Pallio
1091 1381 1305 1421 reperimus;
1333 1378 1381 1409 sic
1398 1377 1487 1408 enim
1514 1376 1595 1408 scri-

893 1434 964 1465 bit:
987 1436 996 1449 ‘
1012 1433 1195 1464 Enimvero
1215 1429 1414 1472 jamdudum
1432 1428 1596 1460 censoria:

893 1483 1091 1515 intentionis
1109 1481 1286 1523 episcynio
1307 1479 1475 1520 disperso,
1494 1487 1595 1519 quan·

895 1539 967 1567 tum
990 1534 1188 1565 denotatum
1212 1531 1392 1572 passiuitas
1410 1528 1533 1560 offert:
1559 1528 1598 1559 li-

895 1586 1047 1617 bertinos
1063 1585 1096 1615 in
1113 1583 1340 1625 equestribus,
1356 1580 1599 1612 subverbustos

899 1636 931 1667 in
948 1634 1155 1670 liberalibus,
1173 1632 1347 1664 dedititios
1365 1632 1398 1662 in
1417 1630 1602 1670 ingenuiis,

899 1695 1033 1717 scurras
1048 1685 1080 1716 in
1097 1683 1302 1723 forensibus,
1324 1691 1475 1723 paganos
1492 1681 1524 1711 in
1541 1679 1602 1711 mi-

899 1734 1078 1768 litaribus.'
1104 1736 1154 1766 Id.
1171 1735 1247 1765 ibid.

942 1788 1036 1819 PAG.
1051 1790 1126 1818 925.
1151 1783 1353 1824 Succrotilla]
1384 1782 1493 1823 Origo
1511 1781 1602 1813 vocis

901 1838 1056 1878 ignorata
1072 1837 1267 1868 enodationi
1284 1833 1431 1866 notionis
1451 1832 1602 1873 explica-

900 1888 1053 1929 tionique
1070 1886 1196 1918 officit:
1230 1895 1301 1916 eam
1318 1884 1483 1924 sepultam
1501 1891 1603 1913 cona-

902 1938 963 1969 bor
993 1943 1152 1979 tanquam
1184 1935 1353 1967 effodere:
1395 1932 1553 1974 equidem
1584 1941 1604 1962 a

901 1989 1028 2029 crotala,
1040 1993 1097 2019 aut
1109 1997 1194 2018 voce
1207 1987 1334 2018 Graeca
1347 1983 1466 2025 κρότος,
1479 1983 1603 2013 deduc-

903 2044 971 2070 tam
1001 2043 1096 2079 puto,
1119 2047 1195 2069 cum
1222 2034 1455 2067 diminutionis
1481 2032 1604 2064 forina-

904 2089 1072 2128 tione‚vel
1090 2093 1184 2120 certe
1203 2091 1238 2118 ut
1257 2087 1383 2118 Graeca
1399 2095 1463 2115 vox
1479 2089 1532 2114 est
1548 2082 1608 2113 fic-

904 2139 996 2178 titia,
1013 2138 1060 2169 sic
1077 2137 1120 2168 de
1137 2147 1217 2169 sono
1240 2137 1365 2168 Latina
1385 2135 1491 2166 fuerit
1515 2132 1606 2164 effic-

905 2193 951 2221 ta.
974 2189 1022 2220 Id.
1038 2188 1116 2219 ibid.

949 2240 1041 2270 PAG.
1057 2241 1131 2270 934.
1154 2235 1347 2278 Superescit]
1383 2235 1470 2265 Dum
1484 2234 1607 2274 quidem

906 2300 984 2321 unus
996 2290 1081 2320 homo
1096 2289 1253 2318 Romanus
1266 2289 1339 2324 toga
1355 2285 1524 2324 superescit
1536 2295 1545 2315 .·
1558 2285 1606 2314 sic

906 2339 1087 2379 legendum
1100 2342 1182 2378 puto
1195 2348 1202 2367 ·.
1216 2342 1250 2367 et
1263 2345 1339 2366 mox
1351 2334 1516 2374 superescit
1526 2334 1608 2364 scri-

907 2389 1055 2421 bendum
1072 2388 1242 2419 existimo.
1259 2385 1338 2416 vid.
1352 2384 1467 2416 Gifan.
1480 2383 1608 2414 ‘escit.’

951 2440 1044 2471 PAG.
1060 2441 1136 2470 937.
1161 2435 1365 2477 Suppernati]
1393 2435 1482 2466 Poenz’
1497 2438 1526 2465 et
1547 2435 1607 2464 Ca-

908 2492 962 2520 tu:
1000 2490 1041 2520 de
1068 2489 1133 2520 loci
1157 2488 1256 2527 hujus
1285 2486 1503 2516 restitutione
1531 2484 1608 2515 vide

909 2541 1117 2572 Politianum
1134 2539 1166 2569 in
1184 2537 1409 2569 miscellaneis
1426 2545 1501 2576 cap.
1518 2538 1571 2566 73.

952 2592 1046 2624 PAG.
1061 2594 1135 2622 942.
1153 2590 1212 2621 Sus
1229 2588 1422 2627 Minervam]
1463 2588 1561 2619 Varro
1577 2590 1608 2617 et

910 2643 1096 2673 Euemerus:
1121 2639 1299 2681 legendum
1316 2644 1379 2673 est,
1404 2637 1609 2674 Euhemerus,

910 2702 977 2724 non
1002 2694 1163 2724 Eumerus.
1197 2690 1318 2722 ,lunius
1348 2686 1608 2719 Animadversu-

915 2753 988 2775 rum
1002 2743 1062 2774 lib.
1078 2751 1126 2774 v1.
1144 2750 1219 2780 cap.
1240 2742 1289 2770 13,
