1876 3025
647 188 1008 220 FRAGMENTUM.
1443 174 1555 216 1163

107 300 178 329 um
209 287 247 328 si
278 300 324 327 se
355 285 699 339 appellavisset:
733 284 786 324 In
818 283 1032 324 coloniam
1053 295 1122 322 me
1142 279 1343 321 hercules
1365 280 1556 321 scribere

107 356 254 404 nolim,
285 356 323 395 si
353 355 481 394 trium
503 352 672 393 virum8
705 352 804 400 sim,
837 350 1124 403 spatiatorem
1153 353 1243 402 atq.
1274 347 1555 388 fescennium.

108 423 262 463 Stata⁰
283 421 500 462 sacrificia
521 426 642 468 sunt,
664 433 763 473 quae
784 418 916 459 certis
938 417 1052 457 dieb.
1074 417 1167 457 fieri
1190 416 1366 464 debent,
1381 413 1491 454 Cato
1512 414 1559 453 in

112 504 183 540 ea,
205 503 333 543 quam
356 489 535 529 scribsit
557 488 610 528 de
643 487 696 528 L.
719 486 920 534 Veturio,
941 485 996 525 de
1027 484 1275 525 sacrificio9
1306 481 1561 529 commisso,

109 571 208 598 cum
244 557 285 597 ei
318 570 478 609 equum
510 555 695 595 ademit:
742 553 874 603 Quod
908 556 969 602 tu,
993 552 1111 605 quod
1142 552 1187 591 in
1218 555 1260 591 te
1289 549 1387 596 fuit,
1418 560 1559 596 sacra,

109 629 223 665 stata
255 624 483 673 solemnia,
516 624 662 676 eapite
695 625 849 661 sancta
882 620 1126 660 deseruisti.
1188 615 1406 659 Solemnia
1438 627 1562 654 sacra

109 692 329 741 dicuntur,
350 704 451 744 quae
474 692 605 732 certis
627 689 859 743 temporib.
892 688 1064 740 annisq.
1094 686 1186 726 fieri
1218 684 1374 725 solent.
1434 682 1563 722 Serra

109 759 303 812 proeliari
334 759 505 808 dicitur,
538 771 639 799 cum
676 756 852 797 assidue
888 755 1127 803 acceditur,
1164 752 1425 803 recediturq.
1460 762 1563 802 neq.

107 827 200 866 ullo
224 828 482 868 consistitur
503 829 711 878 tempore.
770 823 879 865 Cato
903 823 957 864 de
980 836 1023 862 re
1045 820 1247 862 militari:
1279 819 1383 859 Sine
1400 822 1433 840 ¹0
1452 816 1563 856 forte

111 907 228 946 opus
251 895 308 935 sit
328 907 482 942 cuneo,
502 897 577 934 aut
599 892 749 945 globo,
766 895 846 931 aut
863 889 1047 943 forcipe,
1070 891 1145 928 aut
1165 887 1315 928 turrib.
1337 888 1411 926 aut
1431 897 1564 929 serra,

110 962 176 1001 uti
199 961 411 1002 adoriare.
458 962 637 1001 Stercus
654 972 710 999 ex
729 959 825 1000 aede
839 958 992 999 Vestae
1010 967 1135 997 Xv11.
1155 955 1241 996 kal.
1262 954 1355 995 Jul.
1376 952 1565 992 defertur

110 1030 155 1069 in
177 1029 448 1082 angiportum
469 1027 661 1068 medium
684 1026 771 1066 fere
793 1025 900 1066 clivi
923 1023 1181 1078 Capitolini,
1204 1022 1280 1076 qui
1298 1022 1423 1062 locus
1445 1019 1567 1060 clau·

111 1096 227 1137 ditur
261 1102 391 1150 porta
427 1095 713 1136 stercoraria:
742 1096 877 1134 tantae
913 1091 1167 1133 sanctitatis
1203 1089 1396 1142 majores
1428 1086 1569 1127 nostri

112 1174 212 1204 esse
237 1163 509 1217 judicavere.
569 1162 923 1203 Summissiorem
960 1160 1061 1201 aliis
1100 1158 1237 1199 aedem
1278 1156 1485 1203 Honoris,
1523 1157 1568 1194 et

110 1231 301 1272 Virtutis
338 1231 387 1271 C.
424 1229 594 1270 Marius
632 1229 751 1279 fecit,
791 1242 844 1269 ne
885 1229 922 1268 si
962 1228 1072 1268 forte
1111 1225 1303 1266 officeret
1351 1222 1568 1275 auspiciis

112 1299 321 1353 publicis,
358 1297 558 1350 Augures
601 1310 697 1338 eam
745 1296 942 1336 demoliri
987 1302 1210 1346 cogerent.
1285 1291 1377 1331 Sex
1409 1289 1566 1330 Vestae

114 1366 365 1407 sacerdotes
404 1365 656 1406 constitutae
698 1366 811 1413 sunt,
855 1366 901 1403 ut
940 1361 1135 1415 populus
1176 1372 1253 1413 pro
1305 1371 1389 1397 sua
1434 1370 1569 1409 quaq.

114 1440 240 1488 parte
273 1435 455 1474 haberet
485 1433 727 1473 ministram
762 1444 1005 1479 sacrorum,
1035 1430 1139 1482 quia
1170 1428 1332 1468 civitas
1364 1425 1570 1465 Romana

113 1503 160 1542 in
192 1515 273 1542 sex
305 1505 371 1541 est
403 1501 632 1541 distributa
670 1500 830 1554 partis:
876 1499 921 1538 in
957 1496 1125 1550 primos
1166 1493 1432 1546 secundosq.
1492 1492 1572 1532 Ti-

115 1570 297 1619 tienses,
335 1568 543 1617 Ramnes,
575 1568 786 1608 Luceres.
845 1565 1047 1607 Salinurn
1080 1576 1181 1605 cum
1217 1562 1308 1602 sale
1342 1562 1384 1601 in
1417 1573 1572 1600 mensa.

117 1652 276 1692 ponere
318 1638 466 1690 figulis
502 1636 698 1688 religioni
749 1636 946 1683 habetur,
981 1632 1098 1686 quod
1141 1630 1365 1684 quondam
1407 1629 1451 1668 in
1490 1628 1571 1667 Es-

118 1707 285 1761 quilina
314 1706 492 1758 regione
514 1704 664 1756 figulo,
693 1716 791 1744 cum
821 1702 976 1743 fornax
1012 1700 1144 1753 plena
1180 1710 1384 1739 vasorum
1408 1708 1573 1748 coque-

117 1779 248 1825 retur,
281 1780 369 1828 atq.
406 1773 478 1814 ille
513 1772 713 1827 proxime
756 1783 854 1811 eam
898 1768 1181 1815 convivatus,
1215 1777 1348 1818 super
1393 1763 1572 1803 modum

118 1848 265 1896 potus,
281 1854 433 1882 somno
451 1843 573 1880 esset
585 1850 822 1892 oppressus
845 1850 947 1877 cum
969 1835 1168 1876 convivis
1189 1834 1298 1880 suis,
1322 1831 1573 1885 praeteriens

120 1909 298 1963 quidam
332 1908 552 1961 petulans,
579 1906 694 1946 ostio
723 1909 901 1958 patente
921 1916 978 1943 ex
998 1915 1152 1943 mensa
1174 1901 1360 1941 salinum
1384 1897 1574 1952 conjecit

120 1978 162 2017 in
184 1977 429 2017 fornacem:
461 1980 552 2027 atq.
583 1974 659 2022 ita,
688 1971 892 2012 incendio
923 1971 1140 2019 excitato,
1171 1968 1332 2021 figulus
1355 1980 1453 2007 cum
1477 1967 1572 2005 suis

122 2048 428 2085 concrematus
450 2045 531 2081 est.
591 2040 938 2087 Sacramentum,
955 2051 1019 2079 aes
1040 2035 1273 2089 significat,
1289 2033 1406 2088 quod
1427 2046 1573 2086 poenae

121 2113 298 2153 nomine
322 2110 534 2165 penditur,
558 2108 652 2148 sive
675 2120 728 2147 eo
752 2106 853 2160 quis
873 2107 1172 2157 interrogatur,
1203 2102 1325 2157 [15²3]
1356 2101 1449 2141 sive
1471 2113 1575 2140 con-

122 2179 337 2219 tenditur:
367 2177 410 2218 id
443 2177 489 2216 in
521 2175 623 2216 aliis
656 2174 746 2215 reb.
769 2173 1086 2227 quinquaginta
1113 2170 1278 2212 assium
1301 2174 1386 2218 est,
1406 2169 1450 2209 in
1473 2167 1574 2208 aliis

124 2248 216 2287 reb.
239 2247 571 2299 quingentorum
592 2243 703 2282 inter
732 2253 825 2290 θος,
848 2241 923 2293 qui
950 2239 1121 2294 judicio
1148 2239 1256 2279 inter
1278 2250 1325 2278 se
1347 2235 1578 2277 contende-

728 2349 968 2363 eeeeeeeeeeee

170 2436 189 2463 8
212 2430 237 2462 f.
258 2430 492 2462 Triumvir.——9
513 2428 537 2459 f.
554 2429 819 2468 sacrilegio.-—10
843 2426 868 2459 f.
885 2427 970 2458 Sive.

783 2524 924 2556 NOTAE

129 2600 164 2625 et
201 2592 409 2623 fescennium
441 2590 564 2621 vocat!
626 2590 694 2620 Hic
733 2590 824 2620 locus
879 2588 995 2625 habet,
1010 2591 1047 2617 ut
1062 2586 1116 2616 liic
1136 2586 1268 2618 Festus,
1284 2582 1453 2623 sacrificio:
1478 2591 1579 2620 supra

131 2644 219 2683 apud
244 2642 455 2673 Macrobinm
482 2641 581 2672 aliter
604 2641 742 2681 legitur,
766 2639 825 2670 sed
881 2643 993 2668 tamen
1027 2637 1058 2666 in
1092 2634 1261 2665 Prohibere
1291 2632 1437 2666 Comitia,
1472 2631 1578 2670 scrip-

132 2701 306 2735 corrupte.
882 2693 951 2718 tuni
973 2692 1036 2726 est,
1056 2684 1238 2724 sacrilegio:
1264 2689 1298 2714 et
1316 2685 1363 2713 ita
1381 2683 1412 2712 iu
1431 2682 1578 2722 epitonia

174 2751 187 2765 ⁰
212 2746 318 2786 Scaea]
345 2744 495 2785 Agellius
518 2743 576 2774 lib.
596 2753 662 2774 vu.
687 2745 827 2783 cap.22.
884 2739 993 2769 Pauli.
