1876 3025
645 190 1009 222 FRAGMENTUM.
1446 177 1553 220 1171

96 300 285 342 persaepe.
351 285 546 337 Taurasf
578 299 740 329 vaccas
769 286 942 327 steriles
975 283 1260 339 appellabant,
1284 284 1344 325 ait
1373 282 1560 336 Verrius,

100 369 202 409 quae
222 368 310 396 non
331 355 471 407 magis
494 356 684 410 pariant,
712 368 833 408 quam
859 353 985 394 tauri.
1022 352 1091 393 sed
1109 353 1394 393 verosimilius
1426 354 1485 393 sit
1503 366 1561 394 ex

103 423 265 464 Graeco
299 423 454 473 dictas,
500 423 597 478 quia
629 420 766 462 Groeci
793 435 933 461 vaccas
967 420 1107 476 ταύροις
1145 420 1384 474 appellant.
1442 420 1560 460 Todi

103 495 204 532 sunt
223 503 314 531 aves
330 504 488 544 parvae,
521 495 558 530 et
581 488 730 539 todilli,
753 501 939 542 quarum
961 502 1018 529 m.
1043 488 1227 529 Plautus
1249 488 1293 528 in
1322 487 1449 540 Syro,
1471 501 1561 526 cum

104 557 193 597 uit:
226 556 330 598 Cum
353 559 516 601 eoetritis
540 558 662 608 talis,
695 570 795 598 cum
814 556 986 597 todillis
1016 554 1229 597 crusculis.
1293 553 1563 595 Tubillustria

103 626 219 679 quib.
252 626 367 668 dieb.
397 627 664 668 adscribtum
696 625 742 666 in
776 623 911 664 Fastis
944 630 1016 674 est,
1049 637 1138 663 cum
1173 623 1216 662 in
1250 623 1363 664 atrio
1387 623 1565 664 Sutorio

104 706 219 746 agna
248 695 369 736 tubae
405 693 662 734 lustrantur.-
691 691 745 732 ab
766 691 819 732 eis
847 692 979 732 tubos
1014 691 1253 745 appellant,
1276 691 1395 744 quod
1426 703 1564 744 genus

104 760 356 803 lustrationis
369 776 415 802 ex
429 761 629 803 Arcadia
645 758 917 802 Pallanteo¹⁶
939 758 1192 800 translatum
1208 772 1286 798 esse
1299 758 1452 799 dicunt.
1481 757 1567 799 Tu-

105 828 310 879 ditantes,
333 829 583 879 tundentes,
606 828 813 883 negotium
847 825 1074 868 tundentes
1104 826 1348 879 significare
1370 827 1432 868 ait
1466 825 1570 867 Cin-

105 897 217 947 cius,
239 896 284 937 icl
312 903 385 947 est,
417 903 592 952 ugentes,
647 894 816 936 Ennius
838 895 868 935 l.
893 906 948 935 11.
1001 894 1119 935 Haec
1150 894 1260 934 inter
1292 906 1340 934 se
1368 897 1514 935 totum
1529 896 1561 925 ¹⁷

104 965 147 1004 vi
178 963 432 1007 tuditantes:
466 969 512 1006 et
545 965 779 1006 Lucretius
812 963 916 1003 item
948 962 1064 1002 libro
1102 972 1157 1001 ΙΙ.
1204 960 1304 1002 Nec
1339 959 1565 1002 tuditantia

105 1045 195 1072 rem
219 1037 395 1073 cessant
417 1032 695 1074 extrinsecus
719 1031 871 1072 ullam.
937 1028 1104 1070 Tudites
1124 1027 1302 1069 malleos
1334 1029 1564 1083 appellant

105 1100 276 1154 antiqui
311 1113 337 1140 a
374 1098 613 1151 tundendo,
656 1100 846 1155 quumvis
888 1098 950 1139 ali
989 1097 1184 1139 crurib.18
1221 1097 1395 1139 tudites.
1457 1096 1565 1139 Inde

106 1167 264 1208 Ateius
301 1165 556 1222 Philologus
590 1169 804 1209 exstimat
838 1166 1059 1208 Tuditano
1090 1178 1336 1218 cognomen
1369 1163 1560 1210 inditum,

106 1233 217 1289 quod
236 1238 373 1288 caput
392 1235 588 1276 malleoli
608 1235 752 1275 simile
774 1233 988 1275 habuerit.

111 1301 265 1343 Tullios
282 1301 295 1325 f
323 1301 400 1343 alii
421 1303 632 1344 dixerunt
653 1316 751 1343 esse
774 1302 958 1348 silanos,
982 1301 1057 1341 alii
1078 1301 1217 1350 rivos,
1238 1300 1316 1341 alii
1347 1298 1469 1354 [160]
1489 1312 1565 1341 ve-

107 1371 331 1412 hementes
348 1370 645 1424 projectiones
667 1370 892 1422 sanguinis
908 1374 941 1401 ¹9
962 1369 1177 1409 arcuatim
1199 1367 1386 1417 fluentis,
1408 1369 1567 1421 quales

108 1443 206 1479 sunt
228 1438 384 1479 Tiburi
406 1439 448 1479 in
470 1438 658 1479 Aniene.
710 1437 878 1478 Ennius
900 1437 945 1477 in
966 1436 1136 1490 Ajace:
1168 1435 1291 1489 Ajax
1311 1436 1447 1477 misso
1469 1449 1569 1478 san-

110 1506 239 1559 guine
261 1507 409 1559 tepido
430 1506 529 1547 tulii
557 1506 753 1546 efflantes
784 1504 952 1545 volant.
1012 1503 1193 1557 Topper
1227 1502 1475 1555 significare
1510 1504 1571 1545 ait

111 1572 317 1615 Artorius
354 1574 458 1621 cito,
490 1573 695 1623 fortasse,
730 1571 946 1621 celeriter,
978 1574 1247 1611 temere:²0g
1281 1571 1385 1619 cito,
1425 1571 1489 1611 sic
1529 1572 1573 1612 in

111 1640 242 1681 Nelei
286 1641 503 1682 carmine:
552 1641 732 1693 Topper
770 1639 957 1679 sortunae
993 1642 1320 1679 commutantur
1360 1638 1573 1679 hominib.

110 1706 287 1762 (citius)
302 1713 312 1730 ¹
341 1708 406 1749 sic
425 1708 475 1749 C.
493 1709 706 1750 Naevius:
733 1707 952 1760 Capesset
972 1706 1195 1747 flammam
1214 1705 1408 1747 Volcani
1430 1706 1540 1747 cito:
1558 1710 1572 1729 2

718 1826 967 1841 ‘NONNMOO

158 1907 198 1935 16
221 1903 244 1935 f.
270 1905 415 1936 Arcmlioe
443 1906 620 1945 Pallanteo,
636 1906 692 1936 vel
722 1905 860 1937 Arcadia
885 1916 905 1936 α
931 1904 1175 1935 Pallanta—17
1199 1903 1225 1934 f.
1249 1905 1413 1934 tota.-18
1437 1902 1462 1936 f.
1486 1903 1575 1935 aliia

115 1948 300 1979 india—19
323 1948 346 1979 f.
362 1950 558 1980 amnia—20
583 1948 607 1979 f.
622 1952 820 1981 mature.—1
846 1947 966 1989 ().-2
991 1946 1016 1979 f.
1033 1950 1152 1987 topper.

771 2057 912 2090 NOTAE

159 2134 173 2150 θ
199 2129 333 2170 Taurus]
366 2130 543 2163 videndus
560 2133 670 2165 Varro
696 2133 752 2164 lib.
778 2142 818 2164 11.

118 2180 160 2211 de
178 2181 229 2211 Re
247 2181 399 2219 Rustica,
415 2192 491 2222 cap.
507 2187 537 2213 5.

161 2229 174 2249 f
194 2230 328 2269 Tullios]
354 2232 481 2262 Paulus
493 2233 524 2263 iu
540 2233 689 2273 epitoma
703 2244 820 2265 manu-

119 2282 248 2320 scripta
262 2292 270 2312 :
297 2282 412 2312 Tullios
428 2283 484 2313 alii
499 2284 648 2315 dixerunt
669 2295 732 2316 esse
747 2285 822 2315 sila-

120 2343 186 2367 nos,
202 2333 257 2362 alii
273 2333 367 2370 rivos,
383 2333 439 2363 alii
455 2334 643 2365 vehementes
662 2335 824 2374 projectio-

118 2392 172 2412 nes
187 2382 347 2420 sanguinis
369 2382 522 2413 arcuatim
533 2383 685 2424 fluentis.-
709 2390 825 2415 cetera

120 2437 157 2461 ut
175 2432 308 2463 Festus,
353 2432 393 2462 In
410 2432 548 2473 antiquo
564 2434 673 2464 lexico
690 2435 824 2466 Latino-

123 2482 244 2512 Graeco
262 2481 406 2512 Silvanus
423 2484 620 2523 exponitur,
638 2485 774 2523 κρουνὸς,
790 2487 825 2514 et

122 2530 170 2560 ita
194 2530 339 2561 fortasse
366 2532 544 2571 legendum
574 2538 642 2564 tum
665 2534 730 2572 liic,
753 2538 824 2564 tum

122 2581 212 2620 apud
248 2581 441 2612 Cornelium
475 2583 620 2613 Celsum.
675 2583 766 2615 Quid
797 2583 823 2615 si

125 2640 186 2671 pro
215 2631 378 2669 sanguinis
406 2632 555 2670 legamus
585 2631 710 2664 amnis?
746 2634 825 2674 quia

126 2681 290 2720 sequitur,
319 2682 328 2698 ⁴
345 2682 461 2722 quales
488 2687 566 2714 sunt
587 2683 707 2714 Tiburi
724 2683 744 2713 :²
768 2683 826 2715 sed

126 2730 205 2761 nihil
225 2735 353 2763 temere
371 2732 579 2765 mutandum.

918 2137 934 2159 g
957 2131 1087 2162 Mature
1118 2139 1180 2170 pro
1211 2133 1324 2161 temere
1356 2129 1388 2160 in
1423 2131 1575 2170 margine

874 2182 1056 2222 posuimus,
1073 2181 1152 2222 quia
1176 2180 1224 2211 ita
1240 2185 1291 2211 est
1312 2179 1412 2210 infra.
1458 2181 1577 2211 Homo·

872 2243 941 2264 nem
969 2238 1083 2264 autem
1112 2241 1173 2272 pro
1201 2232 1378 2267 humanum,
1406 2241 1448 2262 ex
1476 2233 1577 2263 Ennii

873 2292 996 2314 versu:
1034 2283 1218 2313 ‘Miserum
1250 2282 1433 2312 mandebat
1463 2282 1576 2313 homo-

874 2343 950 2364 nem
966 2332 989 2364 :'
1010 2339 1045 2364 et
1063 2342 1165 2372 supra
1183 2332 1214 2362 in
1230 2331 1385 2369 Hemona,
1412 2333 1458 2361 ita
1475 2332 1577 2362 habe-

877 2388 954 2414 tur:
973 2387 981 2400 ‘
998 2383 1199 2418 Homonem,
1214 2381 1380 2411 hominem
1394 2381 1579 2413 dicebant?

876 2433 1003 2463 Versus
1022 2432 1111 2462 Attii
1128 2432 1159 2461 in
1177 2431 1215 2461 Io
1239 2429 1385 2461 fortasse
1404 2431 1450 2461 ita
1467 2432 1578 2472 legen-

876 2482 960 2513 dus:
981 2483 1109 2522 Topper,
1125 2481 1224 2521 utfit,
1245 2481 1348 2520 patris
1363 2480 1499 2512 ten'eicit
1517 2483 1578 2520 ira,

878 2533 943 2569 vel,
960 2533 1058 2563 Pater
1074 2532 1167 2562 istum
1181 2530 1381 2568 eJecitsoras.
1427 2532 1577 2562 Verbum

877 2584 1092 2615 inserinuntur
1109 2583 1269 2613 omissum
1296 2586 1348 2612 est
1370 2582 1403 2611 in
1428 2582 1579 2613 editione

879 2633 1137 2673 Augustiuiana,
1166 2641 1232 2673 quo
1264 2631 1395 2672 antiqui
1426 2632 1475 2663 usi
1502 2638 1580 2663 sunt

880 2694 941 2724 pro
957 2684 1145 2716 inseruntur„
