1876 3025
286 150 371 192 848

759 156 907 189 SEX'PI
943 156 1147 187 POMPEII
1181 156 1315 187 FESTI

345 258 593 297 exterarum
640 255 865 295 nationum
901 253 1071 306 legatis,
1111 266 1222 307 quos
1256 253 1300 293 in
1336 251 1485 293 urbem
1521 250 1745 293 admittere

348 324 575 372 nolebant,
598 328 776 363 senatus
799 322 998 362 dabatur.

293 391 560 431 Senaculum
577 391 705 431 locus
728 390 1008 430 Senatorum.

1567 387 1748 439 [PAUL.

291 458 530 500 Senatores
564 472 590 499 a
631 462 854 499 senectute
876 462 893 484 y
932 456 1022 496 dici
1059 455 1168 496 satis
1199 457 1389 505 constat,
1428 467 1538 508 quos
1585 455 1748 506 [FEST.

349 526 470 566 initio
495 526 711 567 Romulus
734 525 866 577 elegit
887 530 1080 573 centum,
1103 536 1287 577 quorum
1313 523 1499 564 consilio
1522 522 1750 575 Rempub-

347 594 478 635 licam
503 593 842 634 administraret.

903 591 1061 644 Itaque
1087 591 1219 632 etiam
1237 595 1386 643 patres
1408 590 1618 643 appellati
1635 594 1749 638 sunt,

349 666 391 703 et
412 674 522 702 nunc
546 674 641 701 cum
660 664 886 701 senatores
907 660 1061 700 adesse
1076 659 1303 712 jubentur,
1327 658 1574 711 quibusque
1589 663 1604 678 ²
1623 657 1667 697 in
1684 671 1751 698 se-

350 735 457 770 natu
483 728 742 769 sententiam
766 727 909 767 dicere
939 727 1072 767 licet:
1105 725 1210 780 quia
1242 725 1289 774 ii,
1321 726 1396 778 qui
1430 730 1536 778 post
1567 724 1750 766 lustrum

350 797 574 838 conditum
590 795 911 849 exjunioribus
926 796 1227 847 magistratum
1244 798 1463 847 ceperunt,
1481 794 1576 833 etin
1594 798 1752 833 senatu

352 864 610 905 sententiam
630 863 798 912 dicunt,
822 868 868 904 et
888 876 975 904 non
996 866 1205 904 vocantur
1225 867 1452 903 senatores
1474 867 1591 908 ante,
1621 874 1752 913 quam

350 933 394 972 in
413 931 659 972 senioribus
683 937 784 972 sunt
806 932 943 972 censi.

296 999 484 1040 Senatus
518 998 739 1039 decretum
768 1012 794 1039 a
826 999 1027 1040 consulto
1043 1004 1058 1020 ²²
1081 998 1224 1039 AElius
1245 996 1404 1038 Gallus
1425 997 1488 1037 sic
1510 996 1752 1048 distinguit,

354 1070 402 1106 ut
415 1065 459 1106 id
477 1065 594 1107 dicat
613 1065 873 1118 particulam
891 1066 1109 1120 quandam
1130 1078 1232 1107 esse
1264 1068 1440 1105 senatus
1473 1064 1672 1114 consulti,
1703 1068 1753 1105 ut

950 1222 1092 1255 NOTAE

340 1305 351 1325 y
377 1299 544 1331 Senatores
560 1311 577 1331 a
590 1301 758 1340 senectute]
786 1301 964 1337 Senatores,
981 1310 999 1330 a

299 1351 429 1385 Senatu,
458 1351 602 1386 Senatus,
627 1362 645 1381 a
666 1351 799 1381 senibus.
846 1349 947 1379 Ovid.
967 1359 1000 1380 ν.

298 1400 390 1432 Fast.
413 1402 422 1418 ‘
438 1402 569 1432 Nomen
584 1408 618 1432 et
633 1403 742 1432 aetatis
759 1401 840 1431 mite
854 1400 998 1430 Senatus

298 1450 424 1481 hahet.’
447 1451 545 1481 Idem.

341 1506 353 1520 z
378 1502 421 1532 Et
438 1511 517 1532 nunc
532 1512 601 1532 cum
628 1501 793 1532 Senatores
821 1501 925 1531 adesse
946 1500 1000 1538 ju-

300 1553 421 1591 bentur,
435 1553 616 1593 quibusque]
639 1553 819 1593 Legerem,
835 1562 914 1582 nunc
934 1562 1002 1582 cum

299 1604 467 1635 Senatores
481 1604 759 1643 adessejubencur,
782 1603 922 1640 additur,
937 1603 1001 1642 qui-

300 1656 413 1695 busque
442 1656 474 1686 in
499 1656 628 1694 Senatu,
656 1658 708 1695 ᾃτ.
755 1655 803 1686 Ut
830 1655 919 1694 apud
946 1664 1002 1684 eos

299 1704 427 1736 factum
445 1710 510 1744 est,
525 1706 581 1746 qui
599 1706 686 1737 ltunc
703 1705 795 1736 Festi
809 1706 917 1736 locum
934 1705 1002 1735 lau-

301 1755 395 1786 dant.
441 1757 568 1787 Tamen
593 1764 628 1787 et
653 1767 726 1787 eam
757 1765 874 1786 vocem
901 1755 1002 1786 facile

301 1807 430 1846 poteris
448 1807 711 1847 subintelligere.
744 1807 858 1838 Edicti
878 1811 1002 1846 autem,

301 1867 366 1898 quo
383 1858 565 1888 Senatores
582 1858 790 1888 vocabantur
806 1857 836 1887 in
855 1856 1002 1891 Curiam,

302 1907 452 1937 solennia
481 1907 584 1938 verba
613 1906 726 1938 fuere:
760 1916 821 1940 Qui
848 1915 1005 1937 SENATO-

302 1966 379 1997 RES,
401 1966 605 1991 QUtBUsQUE
630 1967 668 1988 IN
693 1966 828 1987 SENATU
852 1965 1004 1986 SENTEN-

301 2016 395 2038 TtAM
422 2017 555 2038 nicene
579 2016 693 2038 LtCET.
738 2008 838 2043 Quae,
856 2013 891 2036 ut
910 2007 1004 2036 intel-

303 2058 463 2096 ligantur,
491 2058 663 2088 sciendum
682 2063 753 2087 est:
780 2057 929 2086 Primum
949 2065 1004 2086 eos

303 2108 437 2138 demum
454 2108 635 2138 Senatores
653 2107 754 2137 fuisse
769 2107 826 2147 qui
843 2116 862 2136 a
877 2107 1004 2137 Censo-

304 2158 397 2189 ribus
421 2158 501 2188 lecti
520 2158 552 2188 in
576 2158 733 2188 Senatum
757 2161 882 2194 esseut,
909 2161 945 2185 ut
962 2155 1004 2185 de

305 2218 434 2239 summa
451 2208 595 2248 Reipub.
613 2207 817 2238 sententiam
832 2205 942 2243 rogati
959 2205 1003 2235 lo-

305 2268 346 2289 co
364 2263 398 2289 et
415 2259 514 2289 modo
532 2259 698 2288 (licerent.
743 2255 881 2287 Deinde
901 2254 1005 2285 fuisse

306 2308 409 2338 etiam
428 2308 523 2348 alios,
546 2308 603 2348 qui
631 2306 782 2347 quamvis
805 2315 824 2335 a
851 2305 1006 2336 Censori·

306 2357 369 2388 bus
387 2359 469 2388 lecti
484 2368 547 2388 nou
558 2357 713 2392 fuissent,
731 2364 841 2386 tamen
857 2365 917 2395 pro
929 2357 1005 2394 jure

306 2409 536 2446 magistratus,
551 2418 648 2448 quem
668 2412 726 2438 aut
741 2412 808 2437 tum
828 2406 1004 2446 gerebant,

306 2468 364 2492 aut
381 2467 459 2492 aute
482 2466 673 2501 gesserant,
701 2461 879 2490 sententiae
904 2460 935 2488 in
954 2468 1006 2488 se.-

307 2517 390 2542 natu
419 2511 572 2543 dicendae
600 2512 658 2551 jus
690 2510 871 2541 habebant.
918 2509 1006 2539 Vide

309 2564 405 2602 plura
433 2562 520 2602 apud
552 2562 642 2593 Gell.
672 2561 729 2591 lib.
761 2570 816 2591 ιιι.
845 2569 920 2600 cap.
956 2562 1006 2589 ts.

309 2614 436 2644 Eadem
451 2612 593 2644 formula
606 2618 640 2642 et
653 2612 684 2641 in
702 2611 774 2641 aliis
791 2611 911 2640 edictis
935 2615 1006 2640 ute-

309 2663 444 2693 bantur.
483 2663 555 2693 Liv.
590 2670 700 2692 xxrtt.
731 2661 797 2690 ⁴1¹.
827 2659 1004 2690 Cornelius

310 2713 395 2744 Cos.⁷
423 2714 544 2753 inquit,
570 2712 708 2751 ι(ᾗάἰὶιίῑ,
733 2711 798 2743 Qui
829 2716 1004 2741 senatores

1055 1305 1182 1340 esseut,
1205 1300 1391 1341 quibusque
1417 1299 1449 1329 iu
1476 1301 1598 1329 senatu
1621 1299 1754 1327 senten-

1056 1353 1136 1382 tiam
1163 1351 1279 1382 dicere
1305 1352 1437 1385 liceret,
1462 1349 1586 1391 quique
1610 1348 1754 1378 minores

1054 1402 1274 1441 magistratus
1291 1407 1418 1440 essent,
1435 1410 1475 1431 ne
1492 1400 1565 1441 quis
1583 1408 1698 1430 eorum
1712 1397 1755 1428 ab

1055 1453 1138 1483 urbe
1157 1452 1292 1483 abiret!
1315 1453 1412 1483 Idem.

1099 1508 1112 1523 ³
1135 1502 1268 1534 Senatus
1282 1504 1438 1533 decretura
1451 1512 1469 1532 a.
1483 1500 1636 1540 consulto]
1652 1500 1758 1530 Sena-

1056 1554 1306 1584 tuscousultum
1333 1563 1351 1583 a
1375 1557 1512 1583 senatus
1543 1551 1682 1582 decreto
1709 1549 1757 1579 ita

1057 1602 1182 1639 differt,
1210 1609 1248 1634 ut
1277 1603 1407 1643 species
1435 1612 1454 1633 a
1483 1611 1619 1642 genere.
1668 1600 1758 1630 Nam

1058 1654 1386 1686 senatusconsultum
1419 1658 1484 1692 est,
1519 1651 1758 1692 quodcumque

1059 1710 1194 1735 senatus
1217 1705 1259 1736 (le
1284 1703 1424 1743 singulis
1448 1702 1643 1743 pluribusve
1658 1700 1758 1730 rebus

1059 1762 1117 1786 aut
1148 1755 1336 1785 bominibus
1366 1753 1524 1784 censuit:
1572 1752 1758 1782 Decretum

1059 1812 1170 1837 autem
1189 1811 1239 1836 est
1256 1804 1344 1845 quod
1363 1798 1408 1834 de‘
1422 1803 1559 1842 singulis
1579 1801 1761 1831 dumtaxat

1058 1856 1172 1894 rebus,
1195 1855 1452 1894 hominibusque
1476 1858 1612 1883 senatus
1636 1850 1759 1882 consti-

1060 1907 1137 1939 tuit,
1165 1910 1200 1936 ut
1218 1915 1293 1934 t'nm
1313 1904 1414 1934 alit-ui
1436 1903 1621 1942 provincia,
1645 1902 1761 1939 honos,

1059 1955 1264 1995 supplicatio
1282 1955 1486 1984 decernitur.
1517 1954 1690 1983 Praeterea
1708 1960 1759 1981 se-

1059 2010 1157 2035 natus
1175 2004 1349 2034 decretum
1376 2002 1543 2033 interdum
1568 2001 1761 2041 appellaba-

1062 2060 1116 2084 tur
1145 2063 1221 2083 cuni
1253 2052 1436 2083 auctoritas
1465 2057 1592 2082 tantum
1624 2057 1760 2082 senatus

1060 2110 1131 2133 erat
1150 2103 1354 2142 perscripta,
1378 2102 1408 2132 id
1436 2107 1501 2137 est,
1527 2101 1605 2142 quid
1623 2107 1762 2132 senatus

1060 2153 1102 2183 de
1122 2162 1156 2182 re
1181 2152 1291 2193 aliqua
1312 2152 1510 2191 censuisset,
1536 2152 1691 2192 quoniam
1709 2161 1761 2182 se-

1061 2201 1161 2233 natus
1180 2203 1287 2233 minus
1305 2201 1463 2242 frequens
1482 2202 1611 2237 fuisset,
1626 2207 1761 2232 autnon

1061 2255 1147 2293 loco,
1177 2260 1235 2285 aut
1266 2254 1320 2285 die
1352 2255 1505 2293 legitimo
1532 2254 1679 2291 habitus,
1703 2258 1762 2284 aut

1061 2305 1282 2336 intercessum
1300 2311 1402 2343 esset,
1416 2310 1471 2335 aut
1485 2304 1563 2343 quid
1578 2304 1666 2334 aliud
1683 2313 1761 2334 cen-

1062 2356 1194 2390 suisset,
1207 2366 1272 2396 quo
1286 2356 1528 2394 minus-justum
1541 2360 1761 2386 senatuscon-

1062 2408 1184 2437 snitum
1202 2406 1320 2445 tieret3
1346 2405 1433 2446 quod
1459 2411 1589 2445 postea,
1606 2406 1632 2435 si
1658 2405 1688 2435 id
1712 2405 1762 2445 ip-

1062 2468 1132 2487 sum
1165 2461 1299 2487 senatus
1324 2457 1394 2486 sine
1424 2456 1491 2485 ullo
1516 2455 1762 2494 impedimento

1062 2508 1248 2542 statuisset,
1266 2512 1301 2538 et
1319 2507 1539 2547 perscriptum
1553 2507 1592 2536 ad
1605 2506 1760 2537 aerarium

1063 2559 1257 2595 detulisset,
1269 2558 1560 2587 senatusconsultum
1573 2556 1760 2587 dicebatur.

1063 2609 1272 2648 Frequenter
1291 2614 1400 2638 tamen
1427 2607 1601 2637 decretum
1627 2615 1687 2646 pro
1710 2614 1762 2635 se-

1061 2658 1319 2688 natusconsulto
1337 2657 1503 2696 accipitur
1525 2655 1612 2696 apud
1631 2654 1761 2686 histori-

1063 2718 1129 2743 cos,
1147 2715 1177 2739 et
1194 2709 1457 2747 jureconsultos.
1486 2708 1579 2737 [dem.
