1876 3025
298 181 361 211 DE
395 179 665 211 VERBORUM
699 176 1104 209 SIGNlFlCATlONE
1138 176 1235 206 Ltss.
1268 175 1419 205 XV111.

1490 163 1575 206 987

122 274 425 318 TUBICINESi
459 275 588 316 etiam
621 275 651 316 ii
681 275 978 328 appellantur,
1006 273 1079 327 qui
1113 272 1380 321 sacerdotes,
1411 271 1572 321 [FEs‘r.

185 344 264 384 viri
287 344 492 398 speciosi,
515 344 692 398 publice
713 355 838 383 sacra
858 341 1024 382 faciunt
1044 340 1240 381 tubarum
1256 338 1574 379 lustrandarum

180 412 335 464 gratia.

121 479 393 520 Tubilustria
416 480 509 521 dies
528 479 828 534 appellabant,
844 478 890 518 in
908 477 1072 530 quibus
1090 489 1201 530 agna
1217 476 1344 516 tubas
1396 473 1572 527 [PAUL.

178 547 445 588 lustrabant.

126 612 378 655 Tubilustria
394 613 408 637 ¹²
445 616 608 669 quibus
640 615 793 655 diebus
819 613 1056 666 ascriptum
1085 613 1125 653 in
1143 610 1274 666 fastis
1305 617 1375 660 est,
1408 610 1569 664 [FES'r.

177 697 266 722 cnm
286 683 329 723 z'n
351 684 461 724 atrio
492 683 658 724 sutorio
690 695 804 735 agna
835 682 956 722 tubae
988 680 1232 729 lustrantur,
1265 678 1316 718 ab
1346 680 1406 720 eis
1438 679 1570 720 tubos

177 752 419 804 appellant,
442 751 560 805 quod
589 764 724 803 genus
757 747 1009 789 lustrationis
1039 762 1085 788 ex
1111 747 1306 789 Arcadia
1336 746 1567 788 Pallanteo

178 823 493 859 transvectnmw
514 832 590 858 esse
612 817 766 857 dicunt.

120 883 411 935 Tuditantes‚¹
452 885 690 925 tundentes
722 883 939 938 negotium,
971 883 1194 924 tondentes
1226 884 1471 936 significare
1504 883 1569 924 ait

176 951 376 1002 Cincius,
407 953 452 993 id
479 960 549 1003 est,
580 950 749 1007 agentis.

822 949 990 993 Ennius
1021 952 1132 992 libro
1175 951 1370 992 secundo
1389 965 1398 992 ε

1451 951 1566 992 Haec

176 1021 289 1061 inter
320 1035 368 1061 se
399 1026 539 1062 totum
574 1021 616 1060 vi
650 1019 907 1061 tuditantes:
940 1027 984 1061 et
1017 1020 1244 1060 Lucretius
1277 1020 1383 1060 item
1414 1019 1487 1060 lib.
1514 1029 1567 1059 11.

176 1088 274 1130 Nec
296 1089 521 1130 tuditantia
543 1102 633 1131 rem
654 1093 831 1130 cessant
854 1089 1135 1130 extrinsecus
1157 1088 1305 1129 ullam.

719 1219 857 1231 eeeeeee

160 1301 200 1330 20
226 1298 289 1330 Ed.
314 1299 403 1330 Scal.
421 1300 429 1315 ‘
445 1297 671 1329 translatam*

860 1219 958 1231 ιιιιι

769 1406 906 1439 NOTAE

114 1481 290 1523 quodlibet
317 1481 408 1513 aliud
436 1482 548 1513 vinum
578 1482 691 1514 Graeci
716 1482 816 1523 τρύγα

114 1533 242 1564 dixere.
268 1533 315 1564 Ut
331 1539 382 1564 est
398 1533 486 1574 apud
503 1533 815 1565 Scholiasten'l‘he-

114 1584 211 1615 ocriti
229 1589 263 1614 et
279 1584 470 1616 Pollucem.
494 1585 592 1615 Idem.

157 1632 172 1653 ¹¹
200 1634 286 1665 Unde
313 1633 470 1674 trygetus]
499 1634 669 1675 Τρυγητός.
714 1635 812 1668 Quod

114 1685 250 1725 proprie
267 1684 448 1723 vindemia,
469 1694 578 1726 neque
601 1695 747 1724 unquam
766 1685 813 1716 vi-

113 1744 190 1765 num
207 1733 374 1774 τρυγητὸν,
388 1735 518 1766 dictum
533 1745 585 1766 rue
606 1735 728 1776 legisse
744 1745 811 1766 ine-

111 1786 206 1816 mini.
229 1785 328 1816 Idem.

156 1836 163 1857 ³
189 1836 366 1876 Tuhicines]
413 1835 481 1869 Qui
512 1835 610 1867 tubas
651 1836 810 1868 lustrant.

111 1887 199 1918 Vide
216 1887 311 1919 infra.
344 1887 412 1918 Viri
426 1887 555 1927 speciosi
566 1887 663 1918 abest
677 1898 696 1918 a
708 1888 808 1919 Sche-

112 1937 178 1976 dis‚
194 1943 297 1969 recte.
322 1938 420 1968 Idem.

154 1987 168 2008 Ι(
188 1988 396 2028 Tubilustria]
414 1988 525 2019 Varro
540 1988 596 2020 lib.
610 1998 643 2019 v.
656 1988 698 2019 de
713 1988 811 2029 Ling.

109 2039 184 2070 Lat.
214 2040 222 2056 ‘
237 2039 477 2070 Tubilustrium
495 2040 702 2080 appellatur,
718 2039 807 2080 quod

109 2099 150 2121 eo
168 2089 222 2120 die
234 2090 265 2120 in
283 2090 369 2121 atrio
381 2089 509 2121 sutorio
522 2099 694 2120 sacrorum
712 2090 804 2122 tnbae

106 2139 315 2171 lustrantur-⁵
338 2141 398 2171 Bis
414 2147 527 2171 autem
545 2140 579 2171 id
595 2139 668 2171 fieri
682 2141 807 2173 docent

108 2190 199 2230 fasti,
215 2194 265 2222 10.
282 2192 361 2223 Kal.
381 2190 463 2231 Apr.
489 2197 526 2222 et
549 2195 599 2222 10.
626 2192 702 2224 Kal.
726 2193 806 2225 Jun.

109 2241 141 2272 in
159 2241 281 2284 quibus
304 2250 389 2273 TVB.
413 2242 464 2272 vel
480 2250 598 2272 Tvnu..
621 2242 805 2282 ascriptum

107 2296 159 2322 est
177 2302 185 2322 ε
211 2297 245 2322 et
263 2291 363 2322 Ovid.
377 2292 434 2323 lib.
451 2301 506 2324 ιιι.
531 2293 660 2323 Fastor.
686 2298 693 2311 ‘
710 2294 806 2324 Sum-

107 2352 162 2373 ma
178 2342 247 2373 dies
263 2352 280 2372 e
298 2343 446 2383 quinque
471 2343 568 2374 tubas
590 2344 734 2375 lustrare
752 2354 806 2375 ca-

105 2402 205 2424 noras
231 2392 414 2432 Admonet,
443 2398 478 2424 et
507 2393 588 2424 forti
616 2395 806 2427 sacrificare

106 2443 217 2475 Deae.’
252 2443 416 2484 Loquitur
431 2449 542 2475 autem
558 2444 601 2476 de
617 2445 735 2486 quinto
751 2447 806 2478 die

104 2499 181 2534 post
200 2493 431 2534 quinquatrus,
454 2504 529 2535 quae
551 2495 622 2526 dies
640 2497 805 2528 Minervae

106 2553 211 2575 sacrae
228 2544 450 2575 dicebantur:
476 2549 511 2575 et
527 2545 585 2576 lib.
603 2555 636 2576 v.
663 2547 672 2563 ‘
684 2547 806 2578 Proxi-

103 2604 159 2625 ma
175 2595 321 2625 Vulcani
338 2595 395 2625 lux
411 2599 475 2633 est,
493 2605 591 2635 quam
617 2597 737 2628 lustria
754 2597 802 2628 di-

106 2648 209 2676 cunt:
245 2645 449 2675 Lustrantur
476 2654 581 2685 purae,
606 2656 687 2687 quas
717 2646 802 2678 facit

106 2695 174 2730 ille,
192 2695 307 2726 tubae)
350 2696 401 2726 Ex
426 2695 476 2726 his
502 2696 604 2727 verba
632 2698 722 2728 Festi
751 2698 800 2729 in-

104 2746 313 2787 telliguntur,
334 2750 494 2787 excepto,
517 2747 605 2788 quod
623 2748 664 2779 de
693 2747 800 2780 Arca-

866 1483 922 1514 dia
937 1483 1032 1515 dicit.
1055 1483 1142 1514 Tubi
1160 1491 1240 1513 vero
1256 1480 1312 1522 qui
1329 1480 1396 1512 sint
1413 1479 1566 1511 omuibus

866 1539 981 1564 notum
999 1539 1062 1564 est.
1086 1533 1165 1564 Ant.
1182 1532 1267 1571 Aug.

911 1583 1116 1624 Tubilustria]
1149 1582 1359 1614 Tubilustria
1385 1581 1470 1620 dies,
1491 1582 1565 1622 qui-

864 1634 924 1665 bus
942 1635 1060 1665 diebus
1078 1634 1273 1674 ascriptum,
1288 1634 1321 1664 in
1335 1633 1419 1663 atrio
1436 1632 1564 1663 sutorio

864 1694 951 1725 agna
967 1685 1058 1716 tubae
1078 1690 1115 1716 ut
1131 1685 1331 1722 lustrentur,
1350 1682 1392 1713 ab
1410 1682 1457 1713 eis
1472 1682 1562 1713 tubis

863 1736 1048 1776 appellant,
1064 1735 1152 1776 quod
1167 1744 1272 1774 genus
1297 1732 1504 1764 lustrationis
1520 1742 1563 1764 ex

863 1786 1025 1825 Arcadia,
1056 1787 1215 1817 Pallante
1242 1795 1282 1816 eo
1322 1783 1563 1822 transferente,

862 1838 994 1868 venisse
1037 1837 1166 1868 dicunt.
1223 1835 1326 1876 Apud
1368 1834 1528 1867 Ovidium
1554 1845 1562 1865 :

862 1892 870 1905 ¹
889 1888 1048 1919 Proxima
1067 1887 1210 1918 Volcani
1226 1887 1283 1917 lux
1300 1890 1363 1917 est.
1407 1885 1561 1916 Tubilus-

862 1938 929 1969 tria
943 1939 1073 1970 dicunt.
1110 1938 1318 1968 Lustrantur
1347 1946 1454 1977 purae,
1477 1945 1561 1977 quas

861 1987 947 2019 facit
964 1988 1030 2023 ille,
1049 1987 1163 2019 tubae.’
1194 1988 1285 2018 Male
1303 1986 1402 2017 hodie
1417 1986 1560 2023 legitur:

861 2040 1016 2070 Proxima
1038 2039 1166 2070 Volcani
1180 2039 1236 2069 lux
1261 2041 1320 2077 est,
1342 2046 1432 2077 quam
1448 2036 1560 2067 lastria

859 2090 975 2121 dicunt.
998 2090 1070 2122 Jos.
1084 2090 1173 2120 Scal.

903 2139 910 2161 ¹
927 2140 1125 2180 Tuditantes]
1143 2139 1291 2171 Glossae:
1309 2137 1560 2177 ‘Tuditatores‚

858 2189 1083 2230 χαλκοτύποι.’
1134 2188 1238 2220 Aliud
1276 2193 1328 2219 est
1354 2188 1363 2204 ‘
1383 2187 1557 2227 Tudicnla‚

857 2240 990 2282 τορύνη.’
1014 2240 1099 2272 Inde
1116 2239 1309 2271 Tudiculare.
1340 2239 1448 2269 Varro
1464 2239 1557 2269 Mar-

858 2293 927 2333 cip.
961 2293 970 2308 ‘
986 2291 1149 2322 Haeccine
1163 2290 1260 2321 nobis
1277 2289 1407 2330 tibique
1424 2289 1557 2320 tudicu-

858 2344 943 2374 lasse
953 2342 976 2373 ?’
999 2343 1061 2373 hoc
1076 2347 1141 2381 est,
1158 2350 1314 2372 movere:
1340 2350 1415 2371 nam
1432 2339 1556 2381 τορύνη,

858 2393 1033 2434 κινητήριον
1060 2393 1116 2429 τῆς
1144 2391 1272 2432 χύτρας.
1317 2392 1425 2422 Porro
1454 2393 1555 2422 verba

859 2445 959 2476 Ennii
984 2444 1033 2474 ita
1049 2444 1137 2483 lege,
1157 2443 1221 2473 haec
1237 2442 1319 2473 iuter
1333 2453 1366 2473 se
1378 2445 1443 2473 tota
1458 2443 1490 2473 vi
1508 2447 1557 2474 iu-

856 2496 1002 2526 ditantes.
1033 2494 1133 2533 Saepe
1149 2494 1180 2523 iu
1198 2493 1259 2524 boc
1275 2493 1460 2533 exemplari
1476 2494 1554 2524 Fes-

858 2546 884 2576 ti
899 2556 917 2575 α
935 2554 996 2585 pro
1012 2555 1043 2580 u,
1060 2548 1094 2574 et
1117 2549 1234 2574 contra
1258 2553 1276 2573 ιι
1304 2553 1363 2582 pro
1389 2553 1420 2581 a,
1449 2544 1552 2583 scrip-

857 2601 926 2627 turn
957 2600 1041 2626 erat.
1087 2594 1233 2634 Reliqua
1257 2594 1389 2632 integra
1413 2599 1490 2623 sunt
1518 2594 1550 2624 in

856 2647 1027 2686 Epitoma.
1050 2645 1150 2675 Idem.

900 2695 1099 2735 Tuditantes]
1135 2694 1163 2725 A
1189 2693 1298 2733 tudeS,
1321 2693 1453 2733 tuditis,
1469 2695 1551 2725 rnal-

855 2749 939 2788 leus,
955 2752 1006 2778 est
1022 2746 1134 2787 tudico,
1146 2745 1178 2777 id
1191 2751 1255 2782 est,
1271 2746 1417 2786 proprie,
1429 2745 1549 2776 malleo
