1876 3025
326 188 388 217 DE
425 185 693 218 vERBORUM
726 184 1134 216 smmch'rroNE
1168 185 1264 216 mn.
1296 186 1404 217 xiv.
1511 178 1597 221 659

152 283 370 326 Pronubae
384 288 398 305 θ
439 281 757 323 adhibebantur
794 280 982 335 nuptiis,
1017 293 1117 335 quae
1158 281 1297 322 semel
1338 289 1595 336 nupserunt,

208 363 346 393 causa
361 350 550 404 auspicii
572 363 582 391 :
613 353 662 390 ut
680 349 901 402 singulare
921 354 1170 404 perseveret
1187 350 1523 392 matrimonium.

151 418 372 460 Pronubae
394 418 651 459 adhibentur
670 419 818 471 nuptis
836 421 850 447 ⁵
872 431 970 471 quae
991 417 1125 458 semel
1144 423 1399 471 nupserunt,
1431 419 1597 472 [FEST.

208 490 255 527 ut
272 485 542 527 matrimonia
561 490 862 539 paupertatem
882 484 1199 540 auspicantes.⁶

152 551 410 605 Pronurus,f
424 555 594 608 nepotis
614 567 745 596 uxor.

152 621 304 675 Prop.g
419 653 429 663 .
548 653 556 661 .

211 690 377 739 Labeo,
400 689 523 743 quod

1418 554 1596 608 [PAUL.

931 654 940 664 .
1002 627 1069 663 sta
1089 622 1211 664 dolia
1231 623 1294 663 ait
1315 622 1403 664 dici
1435 622 1598 675 [FEST.

208 839 239 866 r.
299 857 308 866 .
940 857 950 867 .
1069 857 1080 867 .
1201 855 1210 865 .
1327 856 1336 866 .

152 893 379 948 Propages
398 891 414 915 ¹¹
433 892 698 947 propagines
714 898 730 923 ⁷
758 905 785 933 a
818 893 1118 947 propagando,
1139 898 1184 935 ut
1203 894 1365 936 faciunt
1414 895 1597 948 [PAUL.

205 961 371 1011 rustici,
412 974 513 1002 cum
553 961 685 1002 vitem
714 960 906 1003 vetulam
941 961 1228 1015 supprimunt,
1259 966 1304 1002 ut
1335 975 1392 1003 ex
1424 976 1479 1004 ea
1509 977 1598 1005 una

209 1031 359 1084 plures
381 1029 556 1071 faciant.

152 1097 463 1151 Propatulum,
478 1097 569 1142 late
597 1101 767 1150 patenS,
784 1099 918 1150 atque
935 1099 1131 1149 apertum
1152 1109 1162 1148 ;
1193 1098 1236 1136 et
1256 1097 1399 1150 patuli
1430 1098 1599 1150 [Fsss‘n

207 1165 361 1216 boves,
390 1178 573 1219 quorum
610 1177 774 1206 cornua
809 1164 854 1206 in
876 1164 1098 1205 diversum
1121 1177 1260 1217 supra
1276 1164 1291 1188 8
1314 1164 1489 1206 modum
1521 1179 1601 1220 pa-

209 1235 315 1272 tent.

151 1298 389 1353 Properam
422 1311 502 1352 pro
534 1298 677 1348 celeri,
714 1312 767 1339 ac
810 1302 992 1340 strenua
1023 1297 1192 1339 dixisse
1230 1300 1438 1354 antiquos
1476 1301 1599 1341 testi-

203 1367 352 1407 monio
370 1371 439 1407 est
469 1365 596 1415 Cam,
621 1379 718 1407 cum
738 1367 801 1406 ait
822 1367 866 1406 in
887 1366 1002 1407 libro
1025 1366 1079 1406 de
1099 1380 1144 1407 re
1165 1367 1345 1408 militari
1363 1381 1373 1409 ε
1404 1366 1556 1408 Tertia
1577 1381 1602 1407 e

207 1434 367 1474 castris
388 1433 564 1474 eductio
583 1434 753 1483 celeris,
770 1446 1049 1487 properatque
1071 1438 1153 1475 est.

150 1501 406 1556 Properam,
430 1502 635 1549 celerem,
663 1505 969 1554 strenuamque
991 1501 1223 1554 significat.
1426 1503 1601 1556 [PAUL.

150 1567 415 1623 Properatei
437 1568 557 1610 aliud
595 1573 676 1619 est,
704 1568 826 1610 aliud
865 1569 1106 1610 festinare:
1138 1570 1214 1623 qui
1249 1583 1385 1611 unum
1435 1569 1602 1624 [Fas-r.

755 1689 813 1701 φΝ
817 1689 853 1700 φο
859 1689 977 1701 ‘coevo

191 1769 209 1796 5
233 1765 313 1795 Vet.
329 1764 386 1794 lib.
402 1764 596 1803 nuptiis—6
617 1763 705 1795 Dae.
722 1764 902 1801 legendum
917 1768 1043 1803 monet,
1066 1769 1102 1794 ut
1120 1765 1183 1795 viri
1199 1764 1306 1799 docti,
1325 1765 1519 1796 matrimonii
1533 1775 1603 1804 per·

146 1807 331 1847 petuitatem
354 1807 621 1847 auspicantes—7
646 1807 725 1837 Vet.
749 1806 807 1839 lib.
832 1807 994 1847 progenies
1018 1807 1119 1837 vocati
1142 1811 1173 1838 et
1195 1811 1409 1848 propago.-8
1432 1808 1512 1839 Vet.
1526 1808 1603 1840 cod.

149 1859 250 1890 super.

810 1922 948 1954 NOTAE

149 1993 211 2028 est,
241 1997 299 2019 ore
333 1987 495 2023 indicare,
534 1991 624 2018 teste
655 1987 847 2019 Eustatliio.

149 2039 215 2070 Sed
233 2040 371 2070 Festum
389 2047 523 2079 sequor.
551 2038 633 2070 Dae.

191 2094 204 2109 Θ
222 2087 390 2127 Pronuboe]
401 2087 631 2118 Tertullianus
644 2087 677 2118 in
690 2088 778 2119 libro
789 2098 847 2119 ex·

149 2139 334 2171 hortatorio
357 2139 398 2170 ad
415 2139 608 2170 castitatem
625 2149 633 2169 :
661 2143 669 2156 ¹
681 2140 848 2179 Monoga-

945 1993 961 2015 Β
984 1989 1079 2030 Prop.
1125 2011 1134 2019 .
1180 2013 1188 2022 .
1234 1989 1248 2030 ]
1273 1989 1428 2031 Amplius
1446 1989 1601 2021 schedae:

899 2049 987 2080 prop.
1035 2064 1043 2072 .
1090 2064 1098 2071 .
1146 2064 1154 2073 .
1199 2045 1248 2073 sta
1263 2043 1346 2073 dolia
1360 2043 1407 2074 ait
1419 2043 1482 2074 dici
1499 2042 1601 2073 Labeo

900 2091 980 2130 quod
1036 2112 1043 2120 .
1090 2110 1099 2119 ·
1144 2114 1153 2123 .
1198 2114 1206 2122 .
1254 2102 1270 2122 r
1328 2113 1601 2124 .....

900 2144 954 2171 tur
977 2163 1262 2174 ......
1307 2144 1345 2174 do

149 2190 216 2221 mia
233 2190 322 2230 apud
339 2189 502 2220 Ethnicos
520 2189 552 2219 in
573 2199 703 2220 summo
720 2190 846 2221 honore
903 2212 912 2221 .

150 2245 260 2280 est,ut
275 2245 310 2271 et
323 2240 509 2280 virginibus
522 2241 675 2280 legitime
692 2240 848 2272 nubenti-

149 2290 212 2321 bus
239 2292 371 2322 univira
396 2290 550 2331 pronuba
572 2290 794 2322 adhibeatur:
813 2296 848 2323 et

149 2341 197 2371 sic
219 2341 360 2381 auspicii
387 2342 517 2372 initium
541 2341 615 2372 est!
658 2342 797 2373 Servius
813 2342 846 2372 in

150 2390 282 2422 schedis
295 2402 303 2422 :
315 2392 324 2408 ‘
337 2392 445 2421 Varro
461 2391 646 2431 pronubam
659 2391 758 2429 dicit,
770 2402 845 2432 quae

150 2445 230 2471 ante
260 2442 429 2481 nupserit,
460 2447 494 2472 et
523 2451 596 2483 quae
627 2442 683 2472 uni
715 2446 846 2473 tantum

150 2491 327 2529 nupserit?
372 2491 545 2522 Catullus:
570 2490 580 2507 ‘
594 2491 662 2522 Vos
676 2492 749 2522 unis
760 2493 847 2523 seni·

151 2538 212 2569 bus
229 2539 325 2570 bonae
342 2541 493 2581 Cognitae
509 2541 596 2572 bene
609 2540 752 2573 foeminae
769 2542 846 2573 Col-

151 2587 262 2619 locate
279 2590 486 2629 puellulam.’
509 2591 579 2622 Jos.
592 2591 674 2623 Scal.

192 2637 391 2680 sPronurus]
424 2640 554 2672 Glossae
572 2642 688 2682 Cyrilli
705 2653 713 2674 :
731 2645 739 2660 ‘
753 2643 847 2683 3776·

151 2700 203 2719 νου
226 2689 360 2728 γαμετὴ,
387 2691 575 2729 ρι·οῐιιιι-ιιε.’
622 2693 757 2725 OEnone
772 2701 846 2726 erat

152 2748 319 2778 pronurus
337 2740 585 2773 Laomedontis·
609 2742 690 2774 Dae.

1037 2213 1045 2222 .
1102 2201 1183 2232 quos
1201 2192 1310 2223 hiatus
1326 2202 1368 2223 ne
1384 2192 1514 2232 Sibylla
1529 2193 1603 2233 qni·

903 2240 978 2271 dem
998 2242 1203 2282 expleverit.
1229 2243 1325 2273 Idem.

944 2291 958 2312 ¹¹
987 2293 1160 2333 Propages]
1181 2293 1237 2324 Sic
1260 2294 1269 2310 ⁴
1285 2291 1493 2333 compageS,’
1515 2293 1524 2309 ‘
1543 2292 1603 2323 im-

902 2342 1029 2382 pages!
1054 2343 1152 2373 Idem.

943 2392 952 2413 ἱ
974 2392 1162 2433 Properare]
1186 2392 1272 2422 Vide
1299 2392 1456 2423 Verrium
1487 2392 1520 2423 in
1547 2392 1603 2423 In-

901 2443 1002 2473 certis
1019 2452 1060 2473 ex
1078 2442 1168 2474 Gen.
1186 2442 1244 2474 lib.
1262 2451 1339 2474 Χνι.
1358 2452 1431 2483 cap.
1447 2445 1496 2474 14.
1523 2442 1602 2474 Ant.

900 2492 988 2531 Aug.

944 2542 1133 2582 Proper-are]
1158 2542 1284 2578 Verba,
1307 2552 1382 2584 quae
1410 2542 1462 2573 hic
1489 2542 1602 2582 posita

899 2597 990 2631 sunt,
1020 2601 1086 2622 non
1117 2598 1195 2623 suut
1226 2592 1332 2633 Festi,
1361 2592 1420 2623 sed
1450 2592 1602 2628 Catonis,

899 2652 976 2683 quae
1007 2642 1193 2682 integriora
1223 2642 1265 2673 ab
1294 2642 1423 2672 Isidoro
1448 2650 1522 2671 cum
1549 2641 1601 2671 sui

901 2694 1045 2724 auctoris
1061 2694 1193 2724 nomine
1211 2694 1363 2724 citantur
1389 2692 1461 2722 ita:
1485 2693 1493 2708 ‘
1510 2692 1602 2722 Mar-

900 2754 959 2775 cus
976 2744 1082 2775 Cato:
1109 2744 1176 2776 Qui
1192 2753 1294 2774 unum
1319 2742 1477 2784 quodque
1494 2747 1600 2773 matu⁴³
