1876 3025
270 154 355 195 956

714 167 862 198 SEXTl
896 168 1099 198 POMPElI
1135 169 1278 200 FES'PIV

270 258 434 300 Tama¹
457 259 628 311 dicitur,
650 274 747 302 cum
764 261 916 302 labore
933 261 1018 303 viae
1033 262 1210 315 sanguis
1226 263 1269 304 in
1282 275 1411 305 crura
1427 263 1505 305 de·
1538 266 1717 318 [PAUL.

328 328 515 378 scendit,
538 333 581 369 et
603 333 811 369 tumorem
829 329 949 370 facit.

1009 330 1206 372 Lucilius
1224 337 1263 370 :⁷
1296 331 1516 385 Inguenne
1539 335 1718 384 existat,

326 396 522 448 papulae,
545 401 676 445 tama,
697 398 839 437 neboa
862 398 1017 439 voxit.8

271 462 411 503 Tame
428 460 443 484 ¹⁶
465 465 507 504 in
530 464 720 504 carmine
735 469 752 495 9
774 466 967 517 positum
988 470 1055 507 est
1075 480 1155 521 pro
1171 471 1272 509 tam.

1559 470 1720 522 [Fsssr.

270 529 473 571 Taminia
511 529 668 571 uva¹0¹
706 533 931 587 sylvestris
962 534 1096 586 dicta,
1127 537 1243 590 quod
1276 541 1364 578 tam
1399 538 1506 579 mira
1538 538 1719 588 [PAUL.

331 598 401 648 sit,
423 612 552 652 quam
576 599 774 640 minium.

273 665 482 707 Taminia
499 679 583 708 uva
604 668 825 721 sylvestris
842 671 1014 722 generis
1030 672 1201 715 videtur
1217 673 1374 715 Verrio
1391 674 1508 716 dicta
1525 688 1536 725 ;
1558 674 1720 729 [FEST.

332 747 432 787 quae
450 742 540 776 tam
562 737 668 777 mira
688 738 757 788 sit,
780 751 914 792 quam
935 740 1120 782 minium

878 874 1014 886 eeeeeee

1018 875 1118 886 ooooo

315 958 333 985 7
358 956 437 988 Vet.
450 957 506 989 lib.
524 959 764 992 Lucretius.—8
789 961 852 992 Ed.
866 962 957 994 Scal.
971 964 1138 996 noxia—9
1161 964 1248 997 Vide
1268 965 1475 997 Notas.—-10
1499 966 1580 996 Vet.
1593 963 1655 997 lib.
1671 964 1723 996 liic

272 1003 308 1029 et
327 998 386 1031 inf.
403 1001 466 1032 via.

930 1093 1071 1125 NOTAE

272 1171 290 1192 a
323 1164 611 1203 praetereuntibus
644 1167 697 1197 vel
736 1168 972 1209 proculcatur,

273 1213 326 1244 vel
342 1213 549 1255 decerpitur,
578 1222 613 1248 et
631 1218 672 1249 ab
690 1219 880 1251 aratoribus
897 1230 974 1261 per-

272 1264 464 1305 stringitur,
505 1269 561 1308 qui
608 1269 763 1311 pevfinare
801 1271 973 1304 dicuntur.

275 1314 364 1346 Vide
395 1321 403 1334 ‘
420 1316 589 1356 perfines!
633 1321 678 1351 Et
697 1321 784 1353 hanc
802 1332 908 1354 meam
926 1323 975 1354 in-

273 1368 559 1406 terpretationem
586 1370 710 1409 probat
728 1372 866 1411 insignis
884 1373 975 1405 locus

273 1416 412 1457 Catulli,
437 1419 491 1460 qui
509 1421 683 1452 ‘ultimum
713 1421 849 1455 florem'
876 1424 975 1464 dixit,

272 1468 328 1509 qui
347 1468 400 1500 hic
418 1475 470 1500 est
486 1470 494 1485 ‘
510 1475 662 1502 extrema
679 1471 780 1504 faba.’
815 1474 870 1505 Sic
886 1475 974 1506 enim

273 1518 307 1548 in
322 1518 390 1550 Od.
410 1527 463 1550 xi.
489 1520 614 1553 ‘Velut
632 1524 720 1562 prati
739 1525 885 1556 Ultimus
900 1525 975 1563 flos,

273 1574 507 1608 praetereunte
524 1577 702 1614 postquam
718 1575 843 1606 Tactus
861 1582 976 1609 aratro

278 1619 353 1649 est.’
376 1620 475 1651 Idem.

316 1670 324 1690 ¹'
349 1672 460 1712 Tama]
486 1673 589 1705 Quasi
610 1675 743 1706 Tamen:
763 1676 863 1708 Voss.
887 1677 976 1709 Vide

272 1721 280 1737 ‘
297 1721 393 1753 Boas
418 1722 517 1753 Idem.

316 1771 329 1791 k
356 1773 463 1813 Tame]
495 1774 646 1815 Repone,
663 1776 694 1806 in
714 1778 860 1810 Carmine
877 1779 977 1812 Salia·

273 1823 313 1857 ri,
332 1822 363 1853 in
382 1834 447 1864 quo
467 1824 507 1855 ad
532 1825 564 1855 id
590 1827 780 1867 exemplum
803 1829 899 1861 Cume
915 1840 976 1870 pro

276 1875 355 1904 Cum
381 1875 572 1916 legebatur,
595 1881 633 1907 ut
656 1877 704 1909 ait
733 1879 775 1910 Q.
797 1880 977 1913 Terentius

274 1926 434 1961 Scaurus,
478 1933 572 1959 vetus
612 1929 879 1973 Grammaticus,
920 1934 977 1974 qni

275 1977 379 2007 etiam
411 1977 572 2018 producit
597 1989 733 2011 carmen
757 1982 897 2024 Saliare,
918 1984 977 2015 sed

275 2027 581 2067 corruptissimum.
603 2030 672 2061 Jos.
690 2031 774 2062 Scal-

320 2076 429 2116 Tame]
460 2077 591 2117 Lipsius
619 2079 744 2116 Tamde,
778 2085 814 2112 ut
841 2081 978 2123 ‘quam-

276 2124 338 2156 de’
370 2135 431 2166 pro
460 2127 468 2142 ‘
488 2126 608 2166 quam!
667 2129 736 2159 Sed
768 2131 860 2162 Tame
899 2142 979 2163 vera

275 2174 390 2206 lectio.
435 2175 641 2207 Addendum
672 2183 816 2219 tautum,
843 2186 879 2212 ut
907 2192 977 2213 mo-

277 2229 337 2256 net
352 2226 518 2266 Scaliger,
533 2226 565 2257 in
581 2228 717 2259 carmine
728 2229 858 2262 Saliari.
886 2231 926 2262 In
938 2242 978 2264 eo

277 2275 319 2306 ad
346 2275 379 2306 id
406 2277 598 2316 exemplum
620 2287 705 2308 cume
728 2279 903 2319 legebatur
918 2292 978 2322 pro

275 2336 357 2365 cum,
374 2331 410 2357 ut
428 2327 472 2356 ait
493 2326 536 2359 Q.
550 2327 729 2359 Terentius
747 2329 905 2371 Scaurus,
924 2342 980 2363 ve-

279 2382 330 2408 tus
355 2377 616 2415 Grannnaticus,
643 2379 698 2419 qui
724 2380 826 2412 etiam
857 2382 980 2422 produ-

278 2427 326 2457 cit
343 2436 479 2457 carmen
505 2428 648 2469 Saliare,
675 2429 734 2460 sed
763 2433 980 2474 corruptissi-

279 2487 381 2508 mum.
411 2478 509 2508 Idam.

323 2527 329 2547 ¹
354 2528 495 2559 Ταιηὶηἱα
512 2529 588 2569 ura]
627 2529 780 2562 Vidend.
809 2532 899 2565 Plin.
919 2533 979 2564 lib.

282 2587 391 2608 xxiii.
408 2588 482 2618 cap.
501 2582 529 2609 l.
552 2580 632 2610 Ant.
650 2582 734 2619 Aug.

327 2629 484 2669 Tuminia]
524 2630 670 2662 Quidam
688 2631 719 2661 in
738 2632 916 2673 Georgicis
935 2635 979 2665 le-

283 2684 386 2719 gunt:
413 2679 492 2711 Sunt
520 2684 549 2711 el
566 2680 704 2712 Aminea)
722 2682 812 2722 vites,
827 2684 979 2724 firmissi-

282 2740 330 2761 ma
347 2730 429 2761 rina.
476 2730 524 2762 At
546 2732 666 2763 Festus
688 2732 822 2765 videtur
844 2735 977 2775 legisse,

435 2778 452 2794 Α

1026 1169 1078 1200 vel
1096 1170 1206 1210 potius
1233 1171 1386 1207 Verrius,
1409 1170 1490 1202 Sunt
1516 1173 1546 1202 et
1575 1169 1725 1201 Taminiae

1024 1218 1114 1250 viles.
1162 1220 1238 1250 Non
1262 1220 1486 1252 omittendum
1513 1219 1602 1261 quod
1630 1223 1728 1250 notat

1028 1269 1212 1310 Hesychius
1226 1270 1258 1301 in
1271 1271 1338 1301 suis
1352 1271 1498 1303 Glossis:
1514 1271 1679 1310 Ἀμιναῖον,
1691 1270 1728 1301 δι’

1027 1319 1093 1351 ἑνὸς
1108 1331 1136 1356 ν,
1160 1320 1218 1351 τὸν
1234 1319 1315 1352 οἶνον
1329 1320 1428 1361 λέγει.
1457 1321 1477 1360 ἡ
1499 1321 1560 1362 ’γὰρ
1575 1320 1727 1352 nevies-ria

1025 1369 1163 1408 Ἀμιναία
1178 1369 1320 1410 λέγεται.
1367 1372 1467 1405 Quod
1493 1371 1581 1413 apud
1598 1372 1726 1402 nullum

1026 1422 1127 1452 alium
1146 1428 1295 1454 veterem
1314 1429 1488 1455 auctorem
1507 1424 1629 1464 reperi.
1658 1424 1727 1454 Jos.

1027 1472 1111 1503 Scal.

1071 1523 1228 1564 Tuminz'a]
1262 1524 1421 1557 Meminit
1445 1525 1565 1557 Celsus
1589 1525 1648 1556 lib.
1672 1534 1727 1557 11¹.

1028 1578 1064 1604 et
1082 1574 1172 1605 Pun.
1189 1575 1246 1606 lib.
1270 1584 1383 1607 xxm.
1405 1586 1481 1616 cap.
1498 1578 1528 1606 1.
1566 1577 1726 1616 Suspica—

1028 1625 1127 1655 batur
1155 1626 1306 1666 Scaliger
1329 1627 1418 1667 apud
1441 1626 1623 1667 Virgilium
1641 1626 1727 1658 Ver-

1028 1675 1112 1706 rium
1131 1676 1272 1716 legisse:
1300 1676 1380 1708 Sunt
1407 1681 1435 1709 et
1461 1678 1613 1709 Taminioe
1636 1677 1730 1719 vites,

1018 1724 1204 1766 firmissima
1222 1727 1304 1758 vina.
1349 1727 1417 1759 Ubi
1433 1731 1505 1760 sunt
1524 1731 1554 1759 et
1576 1728 1728 1760 Aminoeae

1028 1776 1084 1807 τίι.
1111 1776 1272 1808 Aminaeae
1285 1778 1371 1809 vites
1384 1785 1461 1809 sunt
1478 1778 1633 1819 Appulaz.
1656 1779 1728 1810 He·

1029 1827 1122 1867 sycli.
1167 1827 1335 1868 Ἀμιναῖον,
1359 1828 1398 1859 δι’
1423 1828 1489 1860 ἑνὸς
1512 1841 1540 1868 ν,
1566 1829 1621 1860 τὸν
1646 1828 1728 1860 οἶνον

1028 1876 1125 1916 λέγει.
1140 1877 1160 1915 ἡ
1174 1879 1235 1918 ’γὰρ
1252 1879 1404 1910 Πευκετία.
1426 1879 1566 1918 Ἀμιναίσ.
1587 1879 1728 1919 λέγεται.

1034 1928 1257 1969 'Aminaeum‚
1274 1931 1483 1971 perunicuni
1497 1942 1529 1967 n,
1547 1932 1660 1962 vinum
1678 1931 1727 1962 di-

1030 1979 1088 2010 cit.
1134 1975 1221 2011 Nam
1237 1981 1403 2013 Peucetia
1417 1982 1567 2014 Aminaea
1580 1981 1728 2013 dicitur.'

1028 2029 1096 2059 Sed
1121 2030 1336 2062 scribendum
1359 2032 1447 2071 apud
1473 2032 1676 2072 Hesycliium
1694 2032 1728 2063 δι’

1030 2078 1098 2110 ἑνὸς
1111 2091 1143 2117 μ.
1174 2081 1183 2098 ‘
1200 2090 1262 2120 per
1287 2081 1421 2113 unicum
1444 2082 1497 2113 m.’
1548 2082 1728 2123 Nunquam

1030 2129 1116 2160 enim
1134 2130 1297 2161 Amineum
1326 2141 1386 2172 per
1413 2131 1541 2172 duplex
1557 2141 1598 2163 rm
1622 2132 1729 2173 scrip-

1030 2179 1333 2220 tum,Aminnoeum‚
1356 2181 1414 2213 sed
1437 2192 1497 2222 per
1514 2182 1639 2222 duplex
1656 2193 1728 2219 mm,

1030 2230 1249 2270 Amminoeum‚
1274 2237 1308 2263 et
1325 2232 1357 2263 id
1376 2233 1596 2273 reprehendit
1618 2234 1729 2274 Hesy-

1032 2280 1140 2312 chius.
1185 2282 1296 2312 Porro
1318 2282 1360 2313 de
1383 2284 1534 2314 Tamiuia
1558 2294 1621 2315 uva
1638 2289 1730 2317 errat

1032 2329 1212 2362 manifesto
1235 2332 1388 2364 Verrius.
1450 2333 1623 2371 Tuminum,
1658 2335 1730 2366 sive

1031 2382 1162 2420 termina,
1178 2386 1252 2413 erat
1268 2384 1412 2423 macula,
1429 2384 1538 2424 tabes,
1549 2390 1586 2416 ut
1602 2385 1730 2426 optime

1033 2434 1164 2464 notavit
1191 2433 1374 2465 Meursius.
1422 2434 1506 2466 lude
1527 2436 1678 2467 taminare
1695 2442 1731 2468 et

1031 2485 1230 2515 attaminare.
1276 2485 1361 2516 Inde
1384 2487 1514 2518 taminia
1535 2497 1600 2518 uva
1615 2497 1729 2519 macu-

1031 2535 1071 2565 lis
1090 2536 1272 2575 variegata,
1291 2536 1464 2576 distincta,
1482 2547 1556 2578 quae
1577 2536 1653 2568 idco
1669 2538 1729 2569 eti-

1033 2595 1084 2615 am
1101 2587 1243 2625 variana,
1267 2592 1299 2617 et
1324 2587 1441 2618 variola
1465 2592 1670 2629 nuncupata,
1693 2594 1730 2618 ut

1034 2644 1075 2666 ex
1108 2636 1220 2667 Plinio
1251 2637 1493 2679 Macrobioque
1523 2647 1729 2679 cognoscere

1034 2690 1099 2717 est.
1125 2686 1204 2717 Duc.
