1876 3025
313 166 374 196 DE
408 163 682 195 VERBORUM
717 158 1125 192 SIGNOEICATIONE
1161 158 1251 188 Llss.
1285 157 1415 187 XVII.

196 269 563 312 conficiendorum
592 280 743 309 causa.

1497 146 1582 186 '799

804 266 961 319 Itaque
1000 277 1054 304 ne
1090 267 1276 304 eatenus
1312 260 1504 315 quidem,
1538 265 1585 301 ut

195 339 350 390 vulgus
372 337 587 390 opinatur,
609 347 738 375 sacra
759 331 1030 387 appellanda
1053 335 1121 372 est
1142 343 1168 371 a
1190 329 1310 382 regia
1330 329 1385 369 ad
1409 328 1584 369 domum

195 405 307 459 regis
346 403 596 452 sacrificuli,
629 401 708 443 sed
749 401 882 441 etiam
918 412 946 440 a
982 399 1099 451 regis
1128 397 1258 439 domo
1285 397 1340 438 ad
1375 396 1584 436 sacellum

196 472 416 520 Streniae‚⁵
438 468 447 492 ¹
479 473 522 512 et
543 482 691 511 rursus
713 482 741 510 a
760 467 882 520 regia
902 479 1045 520 usque
1065 466 1110 506 in
1131 477 1304 506 arcem:
1335 476 1415 504 nec
1436 462 1586 516 appel-

194 540 275 581 lari
290 538 308 563 ⁶
336 539 495 580 debere
507 543 532 560 ¹¹¹
556 538 619 578 ait
636 536 839 585 Verrius,
862 534 939 575 sed
960 533 1194 587 disjuncte,
1215 536 1265 572 ut
1286 535 1457 572 ceteras
1471 530 1584 578 vias,

196 606 473 656 Flaminiam,
509 605 721 659 Appiam,
743 603 960 652 Latinam,
983 605 1033 643 ut
1063 614 1116 642 ne
1148 598 1449 642 Novamviam
1486 597 1585 651 qui-

155 681 163 695 ‘
195 671 310 725 dem,
333 670 607 715 sed'Novam
630 673 761 713 viam.

94 737 117 750 ''
140 743 279 784 Sacra
311 742 383 782 via
418 741 462 781 in
493 741 597 781 urbe
622 739 884 793 appellatur,
909 735 1030 790 quod
1056 736 1102 777 in
1134 747 1187 776 ea
1218 733 1365 775 foedus
1406 731 1584 786 [PAUp.²

197 811 334 851 ictum
355 809 412 850 sit
433 808 547 849 inter
568 806 809 847 Romulum
831 808 877 845 et
895 803 1089 845 Tatium.

140 878 455 922 Sacramenton
490 874 664 925 dicitur,
685 873 805 927 quod
826 869 1107 925 jurisjurandi
1151 868 1377 909 sacratione
1416 867 1583 921 [FEST.

192 944 463 998 interposita,
505 947 652 983 actum
703 945 794 990 est‚⁷
833 937 939 978 unde
990 937 1080 991 quis
1130 940 1387 976 sacramento
1419 935 1579 977 dicitur

195 1010 468 1064 interrogari,
502 1010 609 1063 quia
630 1004 929 1062 jusjurandum
961 1003 1252 1058 interponitur.
1304 1001 1410 1044 Cato
1445 1004 1489 1044 in
1525 1003 1587 1054 Q.

195 1079 426 1119 Thermum
456 1077 509 1117 de
539 1087 592 1117 X.
623 1073 813 1115 hominib.
840 1079 926 1114 tum
957 1086 1050 1112 vero
1084 1070 1143 1111 ibi
1175 1069 1353 1121 aderat,8
1381 1084 1436 1112 ne
1468 1071 1588 1112 mala

182 1145 382 1198 facinora
414 1143 516 1184 bona
534 1142 627 1196 fide
647 1148 717 1182 aut
746 1141 912 1182 scelera
930 1139 1098 1180 nefaria
1118 1138 1282 1189 fierent,
1307 1137 1379 1193 qm·
1411 1136 1587 1178 dicerent

197 1215 463 1261 sacramento,
485 1209 772 1258 traderentur,
794 1207 892 1260 lege
914 1205 1240 1247 aestimarentur.

746 1328 763 1340 0
767 1326 980 1340 mmm&

183 1412 200 1438 5
225 1408 310 1439 End.
327 1407 381 1438 ed.
404 1406 616 1438 &renim-6
648 1404 711 1436 Vir
734 1403 828 1436 doct.
854 1402 937 1434 ibid.
957 1412 1012 1434 nec
1034 1402 1081 1434 ita
1107 1400 1268 1443 appellari.
1311 1400 1401 1432 Vide
1426 1399 1587 1431 Μίνω-7

143 1451 205 1482 Ed.
221 1451 308 1482 Scal.
323 1461 359 1482 ac
375 1453 439 1481 tum
455 1452 580 1482 est.-8
604 1448 689 1480 Ead.
707 1447 761 1478 ed.
777 1448 917 1478 aderant.

792 1542 934 1576 NOTAE

138 1623 234 1645 saera
256 1617 424 1654 quotquot
443 1611 613 1643 mensibus
629 1611 786 1642 feruntur
802 1608 835 1639 in

139 1673 262 1695 arcem.
293 1664 337 1694 Et
353 1672 412 1703 per
427 1672 524 1703 quam
542 1670 686 1701 augures
702 1669 743 1690 ex
757 1667 836 1689 arce

139 1713 285 1754 profecti
302 1713 411 1744 solent
429 1709 654 1751 inaugurare!
677 1710 775 1740 Idem.

181 1763 188 1784 ¹
211 1763 264 1794 Ad
278 1763 421 1793 sacellum
436 1760 587 1800 Strenioe]
609 1759 746 1791 Strenia
762 1760 838 1789 Dea

140 1813 233 1844 dicta
255 1812 345 1853 quod
372 1811 495 1843 strenis
513 1811 592 1842 Kal.
614 1810 692 1843 Jan.
718 1808 837 1839 dandis

138 1862 412 1903 accipiendisque
440 1866 615 1902 praeesset.
668 1860 757 1891 Illud
787 1869 837 1890 sa-

141 1915 262 1945 cellum
280 1914 311 1944 in
328 1914 413 1953 Reg.
429 1916 460 1944 4.
476 1913 543 1943 Sed
559 1921 736 1953 perperam
747 1911 836 1952 apud

140 1964 350 2006 Ouuplirium
366 1964 506 1994 sacellum
521 1966 668 1994 strenuae.
692 1962 800 1993 Idem.

181 2020 202 2035 ¹¹¹
242 2015 309 2046 Nec
338 2014 487 2055 appellari
511 2013 636 2053 debere]
673 2012 836 2045 Quaedam

138 2067 192 2097 hic
222 2065 341 2097 deesse
365 2065 535 2096 videntur.
578 2065 624 2096 Et
645 2063 711 2094 alia
735 2064 836 2094 etiam

139 2116 359 2157 transposita.
409 2115 606 2156 Legendum
636 2120 741 2154 puto:
767 2114 835 2145 Nec

140 2167 268 2198 Sacram
284 2167 366 2198 ciam
387 2166 536 2207 appellari
557 2165 667 2197 debere
688 2165 735 2196 att
762 2166 834 2196 Ver-

139 2219 216 2256 rius,
231 2218 283 2248 sed
298 2216 459 2255 disjuncte,
475 2220 510 2247 ut
525 2220 652 2247 coeteras
664 2216 744 2255 vias,
762 2216 835 2247 Fla-

139 2268 278 2305 miniam,
295 2267 441 2307 Appiam,
457 2267 617 2307 Latinam,
628 2270 663 2297 ut
675 2276 713 2298 ne
728 2275 838 2297 novam

140 2318 222 2347 tium
246 2318 379 2357 quidem,
409 2318 462 2348 sed
485 2317 566 2348 viam
592 2327 712 2348 novam.
758 2316 838 2347 Non

143 2366 209 2397 dici
241 2367 356 2406 debet,
394 2366 502 2407 inquit
533 2367 632 2397 Verr.
677 2366 842 2405 Sacravz'a,

142 2416 239 2447 unica
256 2426 350 2456 voce,
365 2416 424 2448 sed
441 2416 618 2457 disjuncte.
646 2416 769 2457 Neque
786 2426 838 2447 so-

141 2467 209 2497 lum
224 2465 400 2506 disjuncte,
414 2471 453 2498 ut
464 2477 552 2497 nova
567 2467 702 2506 via,sed
716 2467 770 2497 via
780 2476 838 2498 no-

142 2526 197 2555 va,
214 2515 268 2546 via
280 2525 387 2546 sacra·
410 2516 466 2547 Ita
479 2520 515 2547 ut
529 2521 749 2556 praeponatur
762 2517 838 2547 sub·

143 2567 340 2598 stantivum.
363 2566 420 2597 Sic
436 2567 564 2607 optime
581 2567 703 2598 Horat.
719 2567 728 2583 ‘
740 2567 838 2598 Ibam

140 2616 232 2648 forte
249 2617 302 2647 via
318 2615 437 2648 sacra!
474 2616 540 2648 Qui
554 2621 665 2647 tamen
678 2617 710 2648 in
727 2617 837 2657 Epod.

143 2671 151 2683 ‘
166 2667 303 2698 Sacram
324 2665 487 2697 metiente
504 2670 538 2696 te
555 2665 663 2697 viam?
705 2666 773 2698 Ubi
787 2677 837 2698 sa-

142 2726 226 2748 cram
249 2716 421 2757 praemisit,
445 2715 505 2748 sed
531 2715 593 2748 hoc
615 2716 696 2749 nihil
719 2721 839 2750 contra

887 1609 1038 1637 mentem
1064 1605 1191 1643 Verrii,
1221 1604 1277 1646 qui
1311 1603 1469 1643 intelligit
1500 1603 1588 1634 viam

889 1657 1013 1688 debere
1041 1655 1206 1696 praepoui,
1236 1665 1311 1686 euin
1345 1660 1491 1695 utraque
1523 1663 1587 1683 vox

890 1709 987 1740 simul
1004 1707 1157 1740 effertur.
1182 1709 1281 1739 Idem.

934 1764 948 1779 ¹²
988 1758 1203 1798 Sacramenta]
1238 1758 1440 1788 sacramento
1471 1755 1589 1786 (licitur

891 1811 970 1850 quod
994 1812 1136 1840 sacratur
1153 1808 1222 1849 fide
1246 1807 1451 1847 interposita:
1473 1816 1509 1836 ac
1525 1810 1590 1836 tum

890 1863 1081 1891 sacramento
1103 1859 1221 1890 dicitur
1242 1858 1433 1896 interrogari
1454 1857 1589 1896 quidam.

895 1912 973 1941 Cato
989 1911 1020 1941 in
1041 1910 1082 1945 Q.
1100 1910 1264 1941 Thermum
1288 1909 1325 1940 de
1343 1908 1389 1939 X.
1405 1906 1588 1937 hominibus.

891 1961 1046 2002 Aderant,
1075 1971 1114 1992 ne
1142 1961 1224 1991 mala
1235 1959 1304 2001 fide
1325 1959 1505 1990 viderentur
1526 1967 1589 1988 sce-

891 2015 956 2045 lera
967 2013 1089 2052 nefaria
1092 2012 1182 2054 fieri,
1198 2011 1251 2051 qui
1265 2011 1403 2042 dicerent
1418 2019 1589 2040 sacramen=

891 2067 940 2095 to.-
955 2065 1154 2095 traderentur
1164 2063 1247 2101 lege.-
1264 2061 1505 2092 oestimarentur.
1517 2059 1590 2092 JOS.

889 2114 979 2146 Scal.

933 2162 1150 2203 Sacramenta]
1167 2162 1223 2193 Sic
1240 2161 1460 2192 Sacramento
1473 2159 1589 2191 dicere

890 2213 1016 2245 milites
1033 2212 1235 2244 dicebantur
1250 2220 1326 2242 cum
1351 2210 1394 2241 ad
1413 2209 1590 2250 jusjuran-

892 2264 970 2295 dum
996 2263 1223 2304 adigebantur
1249 2271 1286 2292 se
1313 2262 1433 2301 Remp.
1450 2270 1514 2291 nou
1531 2261 1589 2291 de—

889 2319 1054 2346 serturos.
1084 2313 1156 2344 Liv.
1172 2312 1229 2344 lib.
1242 2321 1275 2343 v.
1293 2317 1301 2330 ⁴
1315 2311 1452 2342 Tribuni
1470 2311 1590 2350 piebis,

890 2366 917 2397 si
939 2366 986 2397 eis
1004 2365 1189 2403 videretur,
1209 2362 1251 2393 ad
1270 2362 1431 2402 populum
1446 2360 1590 2400 ferrent,

891 2421 929 2447 ut
956 2415 1011 2457 qui
1040 2415 1183 2445 minores
1200 2412 1319 2443 decem
1336 2417 1370 2442 et
1386 2416 1517 2452 septem
1534 2421 1590 2442 an-

892 2468 940 2499 nis
957 2468 1168 2498 sacramento
1183 2463 1363 2502 dixissent,
1386 2462 1426 2493 iis
1448 2463 1588 2503 perinde

890 2516 1060 2558 stipendia
1086 2514 1324 2556 procederent,
1346 2522 1384 2544 ac
1412 2513 1439 2543 si
1467 2512 1588 2552 viginti

891 2577 1067 2605 annorum,
1093 2570 1152 2596 aut
1179 2565 1322 2605 majores
1349 2563 1475 2594 milites
1502 2562 1587 2593 facti

891 2616 1029 2649 essent.’
1081 2616 1166 2647 Inde
1196 2616 1230 2645 in
1258 2613 1409 2645 Glossis:
1443 2612 1588 2643 ‘Sacra-

892 2672 1056 2707 mentum,
1072 2666 1161 2706 ὅρκος
1177 2662 1415 2705 στρατιωτικός.’
1458 2662 1468 2680 ⁴
1485 2663 1587 2695 Jura-

891 2723 1040 2750 mentum
1056 2715 1224 2749 militare.’
1269 2715 1521 2747 Sacramentum
1537 2718 1587 2744 ta-
