1876 3025
297 179 361 209 DE
394 177 665 209 VERBORUM
700 176 1115 208 SIGNIFICATIONE
1153 177 1243 207 [AB.
1277 176 1407 208 lel.

1467 165 1551 207 815

108 273 381 315 Sambuca¹⁵
403 278 416 294 ⁰
456 273 606 325 organi
638 285 787 325 genus,
820 285 847 313 a
875 283 963 325 quo
992 271 1313 312 sambucistriae
1370 270 1551 324 [PAUL.

159 340 385 398 dicuntur:
418 339 623 380 machina
645 352 834 393 quoque,
852 352 942 393 qua
964 339 1065 378 urbs
1086 342 1378 391 expugnatur,
1402 337 1554 377 simili-

159 412 227 448 ter
246 413 446 449 vocatur.

159 475 442 516 intenduntur
462 474 605 516 funes.

509 407 640 456 Nam,
661 412 709 448 ut
730 409 772 448 in
791 419 955 460 organo
979 406 1174 456 chordae,
1198 406 1262 446 sic
1284 407 1325 446 in
1348 405 1555 446 machina

105 542 314 583 Sambuca
345 542 491 598 organi
518 542 670 583 dicitur
700 554 854 595 genus.
887 555 913 581 a
941 554 1029 594 quo
1051 539 1364 593 Sambycislricc
1388 539 1554 592 [FEST.

161 625 318 666 quoque
339 611 565 652 dicuntur:
607 623 686 664 per
708 607 1023 650 similitudinem
1045 607 1168 648 etiam
1189 620 1284 647 eam
1308 607 1557 647 machinam

161 679 434 732 appellarunt
452 692 533 733 qua
556 676 673 718 urbes
689 681 946 731 expugnant:
978 690 1076 716 nam
1099 680 1146 717 ut
1165 677 1209 716 in
1246 673 1414 729 Organo
1445 673 1559 714 chor-

163 745 238 796 dae,
260 745 314 786 sic
330 745 378 786 ‘in
397 746 606 787 machina
624 745 750 789 funes
772 743 1057 784 intenduntur.

109 814 360 856 Samnitesd
394 815 450 854 ab
479 813 616 855 hastis
647 812 861 866 appellati
892 819 1011 863 sunt,
1050 825 1162 866 quas
1194 810 1345 852 Graeci
1377 809 1560 864 [PAUL.

165 879 345 920 σαύνιαῐῦ
381 880 622 933 appellant,
651 879 733 919 has
770 880 883 920 enim
917 879 1026 921 ferre
1048 880 1216 921 assueti
1248 884 1386 928 erant,
1420 878 1514 918 sive
1534 890 1561 918 a

165 949 277 989 colle
299 948 529 998 Samnio‚¹⁷
551 948 629 989 ubi
651 961 709 989 ex
730 947 907 989 Sabinis
931 948 1219 990 adventantes
1237 946 1546 989 consederunt.

734 1078 831 1093 ,,,,,

836 1079 953 1091 eeeeee

156 1170 194 1198 15
219 1167 298 1198 Vet.
313 1166 371 1198 lib.
388 1167 636 1199 &nubium—16
659 1168 722 1200 Ed.
737 1169 828 1201 Scal.
846 1168 1048 1202 ‹fatuam—17
1072 1168 1157 1200 Ead.
1172 1167 1226 1199 ed.
1243 1167 1346 1199 Samo.

760 1298 792 1329 N
799 1298 902 1330 OTAE

115 1374 165 1400 est
185 1379 194 1408 ;
219 1379 294 1400 cum
324 1369 443 1400 nullibi
461 1379 536 1400 eum
554 1380 629 1401 curn
647 1371 686 1402 C.
702 1370 810 1404 Atilio

115 1422 334 1459 conjunctum
347 1421 451 1461 legas.
475 1422 739 1454 Rescribendum
754 1424 813 1465 igi·

115 1477 171 1503 tur
203 1477 296 1513 puto,
322 1473 359 1503 C.
387 1473 534 1509 Atilium,
557 1474 596 1505 L.
617 1475 814 1507 Scribonium

115 1522 285 1553 Libonem:
310 1532 385 1554 nam
409 1529 444 1556 et
470 1524 529 1555 hos
555 1525 679 1565 primos
696 1527 814 1567 Mega-

114 1573 197 1603 lesia
215 1573 309 1604 ludos
332 1575 484 1606 scenicos
500 1574 621 1607 fecisse
639 1587 692 1608 an.
714 1578 757 1609 U.
775 1577 814 1610 C.

115 1625 189 1653 560.
207 1623 309 1654 tradit
330 1625 404 1655 Liv.
422 1625 481 1657 lib.
500 1635 633 1658 xxxrv.
657 1634 739 1660 sect.
763 1632 816 1660 54.

116 1675 125 1689 ‘
141 1673 353 1713 Megalesia‚'
380 1676 500 1716 iuquit,
525 1680 533 1694 ‘
550 1677 646 1708 ludos
663 1679 816 1710 scenicos

118 1722 156 1753 C.
187 1722 310 1754 Atilius
339 1724 515 1764 Serranus,
553 1727 591 1757 L.
622 1728 817 1759 Scribonius

119 1772 204 1802 Libo
224 1773 346 1803 AEdiles
363 1774 504 1805 Curules
520 1776 619 1815 primi
636 1776 817 1809 fecerunt-¹

119 1823 321 1862 Quanquam
333 1827 368 1853 et
382 1821 426 1852 ibi
440 1823 541 1854 etiam
553 1825 602 1855 sui
616 1824 757 1855 oblitum
769 1825 819 1855 fu-

120 1874 186 1902 isse
201 1871 329 1902 Livium
348 1878 448 1912 puto:
469 1874 540 1914 jam
559 1876 649 1906 enim
664 1876 820 1906 undecim

121 1922 215 1952 anuis
232 1926 311 1952 aute
329 1923 537 1955 AEdilitatem
559 1926 657 1956 Atilii
675 1932 710 1957 et
730 1927 822 1957 Scri-

120 1972 212 2003 bonii
229 1972 366 2003 Libonis
392 1974 583 2015 Megalesia
600 1977 716 2008 Romae
745 1982 822 2008 acta

122 2023 269 2063 fuerant,
293 2034 368 2055 cum
390 2025 524 2057 scilicet
545 2026 642 2058 Idaea
662 2033 771 2058 mater
787 2028 820 2059 in

124 2074 294 2105 Palatium
320 2074 386 2106 fuit
411 2078 556 2116 perlata,
573 2078 737 2110 AEdilibns
756 2079 823 2110 Cn-

124 2125 266 2165 rulibus‚
280 2125 313 2156 ni
329 2125 414 2157 bene
431 2125 538 2162 fallor,
557 2128 619 2159 Cn.
637 2133 672 2159 et
688 2129 725 2159 L.
742 2128 824 2159 Cor-

125 2175 221 2207 neliis
234 2176 398 2207 Lentulis.
427 2177 516 2207 Vide
534 2178 627 2209 illum
642 2178 702 2210 lib.
721 2187 826 2209 xxix.

128 2230 213 2257 sect.
227 2229 277 2257 11.
295 2229 347 2257 13.
362 2232 395 2258 et
415 2230 467 2258 14.
493 2229 591 2260 Idem.

168 2279 181 2295 ⁰
204 2275 371 2318 Sambana]
397 2277 426 2308 A
450 2278 589 2318 Syriaco
615 2279 751 2310 Sabbeca
773 2289 825 2310 or-

129 2326 205 2364 gani
230 2327 353 2358 Musici
372 2338 475 2367 genus
496 2329 649 2369 proxime
666 2331 706 2360 ad
730 2328 827 2369 ἅρπης

129 2375 382 2407 similitudinem
399 2388 407 2415 ;
443 2379 532 2410 unde
564 2384 571 2396 ‘
587 2380 802 2411 Sambucinae
819 2379 827 2392 ’

130 2424 252 2455 Plauto
272 2425 430 2458 dicuntur
451 2429 609 2460 mulieres
624 2440 698 2472 quae
715 2440 755 2460 eo
772 2440 828 2461 ca-

130 2480 225 2514 nunt,
239 2476 248 2491 ‘
260 2475 532 2510 Sambucistriae’
547 2479 655 2510 Livio.
691 2479 742 2510 Ab
755 2480 828 2520 ejus

131 2526 351 2557 similitudine
369 2529 470 2558 turris
486 2528 705 2560 obsidionalis
722 2529 829 2560 infera

131 2576 266 2616 regione
289 2577 464 2608 occultans
489 2580 651 2610 muralem
678 2580 830 2619 arietem,

131 2625 250 2655 mediis
263 2625 424 2656 tabulatis
439 2627 645 2668 sagittarios,
657 2629 698 2660 ad
712 2628 830 2669 depel-

131 2675 233 2706 lenda
257 2677 401 2707 muralia
424 2677 603 2716 praesidia:
629 2688 752 2718 supero
781 2685 829 2709 ta-

133 2727 248 2757 bulato
274 2732 411 2767 pontem
439 2726 570 2758 inferne
598 2727 747 2767 affixum,
775 2738 828 2759 su-

866 1382 972 1413 perne
1002 1371 1137 1404 funibus
1161 1375 1221 1403 aut
1244 1370 1376 1403 catenis
1404 1371 1568 1411 pensilem

865 1423 900 1454 in
923 1432 1054 1454 murum
1083 1422 1281 1461 demittens,
1306 1432 1371 1464 quo
1398 1422 1570 1462 trajiciant

868 1473 990 1505 armati
1007 1473 1048 1504 ad
1066 1473 1263 1514 occupanda
1277 1472 1412 1510 moenia,
1428 1471 1570 1503 Samba-

869 1533 907 1554 ca
923 1523 1019 1555 dicta
1035 1527 1099 1560 est,
1116 1523 1206 1564 quod
1220 1523 1330 1555 crebri
1345 1522 1441 1554 funes
1458 1520 1570 1562 peusi-

871 1575 910 1605 lis
922 1575 1036 1615 pontis
1051 1575 1228 1606 Sambucae
1241 1574 1385 1606 chordas
1408 1573 1573 1604 referant.

871 1626 959 1657 Vide
976 1626 1156 1666 Polybium
1174 1626 1234 1657 lib.
1250 1634 1331 1657 vm·
1356 1625 1453 1655 Idem.

913 1676 927 1697 ‘¹
951 1677 1124 1718 Samnites]
1151 1677 1270 1708 Infra:
1296 1676 1428 1715 Populis
1449 1674 1573 1705 Samni·

872 1727 953 1758 tibus
967 1737 1073 1757 nomen
1086 1727 1265 1767 impositum
1280 1726 1325 1756 ait
1344 1725 1473 1757 Verrius
1481 1735 1573 1765 prop-

874 1780 922 1807 ter
943 1786 1042 1814 genus
1055 1776 1230 1817 hastarum,
1252 1786 1320 1816 qzcoe
1338 1774 1459 1806 Saunia
1474 1775 1575 1814 appel-

876 1827 942 1857 lunt
960 1826 1081 1857 Groecz‘.
1125 1825 1194 1857 Alii
1209 1826 1299 1857 aiunt
1314 1825 1424 1856 Sabini
1439 1835 1510 1855 vere
1525 1834 1575 1854 sa—

875 1886 927 1907 cro
943 1880 1011 1907 voto
1027 1877 1081 1907 hoc
1094 1886 1193 1915 genus
1208 1876 1363 1907 hominum
1386 1878 1477 1905 extra
1492 1874 1578 1915 fines

876 1927 1017 1966 ejectum,
1035 1927 1141 1958 Comio
1160 1927 1321 1958 Casti-omo
1336 1927 1422 1963 duce,
1436 1934 1577 1964 occupas-

876 1987 907 2007 se
922 1978 1038 2017 collem,
1053 1978 1103 2008 cui
1124 1986 1233 2008 nomen
1248 1980 1294 2008 est
1311 1976 1440 2007 Samnio
1452 1985 1462 2004 .·
1485 1985 1503 2004 α
1520 1984 1578 2014 quo

876 2028 950 2058 colle
966 2027 1124 2058 Samnites
1135 2027 1246 2059 dictos.
1292 2026 1403 2066 Hujus
1418 2024 1465 2054 rei
1483 2025 1579 2055 testis

876 2077 1029 2117 locuples
1048 2078 1136 2108 inter
1158 2077 1240 2108 alios
1257 2076 1392 2107 Strabo.
1438 2074 1581 2105 Sisenna

879 2127 982 2158 etiam
999 2127 1070 2167 ejus
1093 2126 1242 2157 historiae
1262 2124 1467 2156 meminerat
1492 2123 1580 2154 libro

880 2181 1003 2217 quarto
1022 2177 1271 2208 Historiarum:
1297 2177 1305 2193 ‘
1321 2175 1499 2208 Quondam
1520 2174 1579 2205 Sa·

881 2227 949 2258 bini
968 2226 1125 2259 feruntur
1142 2227 1291 2265 vovisse,
1314 2226 1340 2256 si
1362 2235 1415 2256 res
1433 2234 1581 2255 comnm-

882 2278 931 2308 nis
960 2277 1155 2308 melioribus
1183 2277 1267 2308 locis
1291 2276 1516 2313 constitisset,
1545 2284 1582 2304 se

882 2337 942 2358 ver
959 2337 1091 2358 sacrum
1108 2325 1284 2357 facturos.’
1331 2326 1419 2356 Nam
1443 2325 1486 2355 de
1504 2333 1583 2354 vere

883 2386 980 2407 sacro
994 2386 1087 2417 saepe
1105 2376 1234 2413 Livius,
1250 2381 1283 2406 et
1302 2376 1368 2407 alii.
1393 2376 1464 2405 Jos.
1479 2375 1562 2405 θεαί.

928 2421 1083 2458 Samnites
1092 2426 1130 2457 ab
1146 2427 1244 2458 hastis
1256 2436 1330 2467 quas
1346 2425 1452 2456 Groeci
1463 2424 1586 2463 σαύνια]

884 2478 970 2508 Inde
987 2476 1130 2507 Suum'tae
1154 2477 1286 2509 Graecis
1308 2477 1390 2506 dicti
1413 2481 1490 2506 sunt
1506 2479 1583 2505 Σαυ-

884 2526 977 2566 νῖται,
1004 2528 1117 2558 Latini
1141 2539 1158 2557 v
1176 2532 1309 2558 mutato
1327 2527 1359 2557 in
1377 2537 1405 2557 m
1424 2526 1586 2557 Samnitas

885 2579 1065 2616 dixerum3
1088 2578 1175 2608 aliia
1194 2579 1280 2608 colle
1296 2577 1587 2616 Samnio,quen1a

884 2628 1017 2658 Sabinis
1031 2629 1134 2667 ejecti
1152 2628 1270 2659 Comio
1288 2628 1468 2658 Castronio
1487 2627 1586 2656 Duce

884 2684 1109 2717 occuparunt,
1126 2678 1235 2710 dictos
1254 2677 1371 2708 fuisse.
1407 2676 1506 2706 Hanc
1519 2675 1586 2705 his-

887 2728 1005 2758 toriam
1033 2734 1145 2758 nai-rat
1170 2727 1291 2758 Strabo
1319 2727 1376 2757 lib.
1404 2735 1436 2757 v.
1461 2724 1515 2767 qui
1535 2731 1586 2756 ta-
