1876 3025
638 176 996 207 FRAGMENTUM.
1427 166 1540 208 1105

96 270 204 327 qnod
221 272 264 312 in
286 285 351 319 eo,
373 276 416 312 et
438 271 596 321 triente,
620 272 721 311 racis
737 270 878 327 suerit
900 286 917 311 e
949 270 1059 326 egles,
1094 274 1143 311 ut
1171 270 1296 312 navis
1319 271 1360 312 in
1392 285 1496 323 asse,
1517 287 1542 312 a

97 354 177 394 qua
208 339 366 393 quidem
401 353 443 379 re
481 338 731 393 appellatum
761 353 898 393 quoq.
929 340 1102 380 ratitum
1136 337 1289 379 dicunt.
1349 337 1542 381 Meminit

97 407 256 447 trientis
276 407 391 448 ratiti
422 406 658 457 Antonius,
686 408 756 462 qui
778 408 922 448 ratitos
949 422 995 448 ex
1020 405 1094 447 Ιιαε
1113 421 1233 447 causa
1260 405 1341 447 dici
1365 408 1542 451 trientes

98 478 236 528 putat,
256 474 365 530 quod
384 475 486 516 ratis
507 474 730 530 appellatio
751 475 879 516 territe
902 474 1042 529 partis
1072 475 1184 515 assis
1218 475 1290 522 sit,
1312 476 1450 529 quince
1470 490 1545 516 au-

99 549 191 589 tem,
212 549 288 582 aret
308 542 415 583 alius
431 544 563 596 partis
584 544 629 584 in
650 544 726 584 illa
747 545 866 593 sic‚¹0
899 542 977 583 sed
1007 540 1230 583 secundam
1251 556 1476 594 numerum,
1498 551 1545 584 ut

96 615 258 652 sextans
275 624 285 652 z
314 624 393 652 nec
413 611 495 652 hac
520 625 563 652 re
587 618 715 653 ratem
736 610 816 651 clici
835 609 974 660 solere,
995 609 1073 649 visi
1094 608 1142 649 cle
1163 616 1277 651 terna
1295 625 1307 650 :
1340 624 1392 653 ac
1412 612 1546 665 legio-

96 691 202 718 num
222 691 354 719 unam
369 684 398 703 ¹¹
430 693 553 719 unam
576 686 706 720 ratem
739 679 884 719 triente
915 678 1154 733 significat:
1188 678 1308 732 quod
1329 678 1372 720 hi
1391 679 1545 733 pende-

98 752 238 786 rentur
268 745 444 797 trientes,
478 761 568 787 cum
597 748 708 789 ratio
733 760 832 788 cum
860 747 930 787 hiS
950 750 1189 800 putaretur,
1218 745 1329 800 quib.
1349 747 1544 789 solvendce

100 826 160 852 res
182 819 328 855 essent.
390 814 551 856 Ravim
575 814 740 869 antiqui
751 829 830 868 pro
850 813 1051 854 raucitate
1072 812 1271 856 dicebant.
1331 813 1544 858 Plautus:

101 880 191 922 Ubi
214 882 370 936 siquid
392 896 628 936 poscamus,
652 881 709 923 ad
728 882 856 922 ravim
872 896 1100 935 poscamus.
1159 880 1273 922 Item
1295 896 1303 921 :
1327 882 1547 939 Experju-

99 950 194 990 ravi
209 953 241 973 ¹2
280 949 417 991 hercle
448 950 583 990 omnia
616 949 671 989 ad
696 964 863 990 raucam
895 950 1050 990 ravim:
1081 953 1124 990 et
1153 950 1197 989 in
1227 950 1484 994 Artemone:
1506 957 1548 994 et

516 1015 702 1058 Caecilius
722 1017 767 1059 in
790 1017 1159 1070 Hypobolimaeo:
1195 1017 1324 1059 Prius
1343 1017 1400 1058 ad
1418 1019 1548 1059 ravim

94 1084 292 1138 poscaris,
314 1100 436 1141 quam
452 1084 684 1140 placentam
698 1086 869 1126 feceris.
932 1084 1078 1126 Ratus
1093 1098 1204 1135 sum,
1221 1085 1315 1138 [84]
1331 1086 1550 1140 significat

102 1154 272 1206 putavi,
292 1154 368 1194 sed
389 1153 570 1206 alioqui,
591 1166 669 1206 pro
690 1152 830 1202 firmo,
852 1157 972 1193 certo
995 1152 1171 1205 ponitur
1185 1157 1322 1203 ratus,
1337 1158 1380 1194 et
1392 1159 1550 1195 ratum.

103 1220 297 1262 Ennius:
332 1220 617 1270 Occiduntur,
650 1220 726 1260 ubi
750 1219 916 1272 potitur
940 1224 1063 1259 ratus
1089 1219 1310 1260 Romulus
1331 1221 1550 1274 praedam:

102 1291 148 1328 et
182 1287 348 1329 Accius
379 1288 424 1328 in
460 1287 751 1341 Menalippo:
795 1285 953 1339 Neque
985 1289 1126 1326 ratum
1158 1290 1239 1338 est,
1266 1289 1385 1341 quod
1411 1288 1550 1339 dicas,

103 1368 205 1408 neq.
226 1368 325 1409 quae
346 1356 504 1408 agitas,
519 1354 694 1395 dicendi
715 1357 781 1395 est
795 1354 938 1394 locus.
958 1353 1014 1394 R.
1035 1354 1208 1395 duobus
1228 1355 1271 1395 in
1293 1357 1551 1409 complurib.

104 1423 339 1464 orationib.
361 1436 462 1464 cum
484 1423 537 1463 de
555 1423 665 1464 actis
687 1422 862 1463 disserti
883 1422 1008 1476 cujus
1034 1422 1166 1462 etiam
1181 1427 1211 1451 ¹³
1245 1423 1457 1475 perscribi
1479 1436 1551 1464 so-

103 1491 177 1540 let,
197 1490 242 1531 id
262 1495 342 1541 est,
364 1491 582 1532 rationum
599 1491 850 1540 relatarum,
871 1490 989 1544 quod
1017 1490 1085 1529 his
1102 1495 1135 1519 ¹4
1156 1490 1318 1530 tabulis
1338 1490 1551 1532 docentur

99 1557 290 1612 judices,
312 1572 412 1612 quae
433 1558 612 1612 publice
635 1558 757 1607 data,
781 1562 870 1611 atq.
892 1560 1078 1611 accepta
1103 1557 1205 1597 sint.
1265 1556 1456 1599 Raviliae
1471 1564 1501 1587 ¹⁵
1525 1573 1552 1600 a

104 1626 225 1667 ravis
248 1626 412 1667 oculis:
446 1625 820 1679 quemadmodum
851 1637 876 1664 a
897 1625 1045 1665 caesiis
1067 1624 1278 1665 caesullae.
1340 1623 1553 1667 Ratume-

105 1699 189 1734 nae
222 1697 351 1747 porta
386 1706 412 1733 a
444 1693 619 1733 nomine
651 1692 749 1746 ejus
782 1693 1006 1746 appellata
1030 1694 1112 1742 est,
1135 1693 1208 1745 qui
1230 1692 1393 1733 ludicro
1415 1700 1553 1734 certa-

106 1761 221 1802 mine
261 1760 486 1814 quadrigis
520 1761 675 1810 victor,
710 1760 901 1801 clarusci
917 1758 950 1784 ¹⁶
984 1760 1149 1812 generis
1177 1760 1357 1813 juvenis
1384 1761 1554 1801 vehis¹⁷

107 1829 400 1869 consternatis
415 1828 541 1881 equis
565 1840 783 1868 excussus
806 1827 963 1868 Romae
985 1827 1129 1881 periit,
1148 1828 1224 1880 qui
1242 1828 1554 1882 equiferuntur

106 1908 193 1936 non
215 1900 316 1936 ante
339 1895 603 1944 constitisse,
626 1907 757 1948 quam
779 1895 1057 1947 pervenirent
1076 1895 1119 1934 in
1143 1894 1422 1948 Capitolium,
1453 1908 1555 1936 con—

109 1967 355 2017 spectumq.
373 1962 571 2003 fictilium
593 1962 901 2016 quadrigarum
916 1975 1016 2016 quae
1031 1967 1154 2003 erant
1170 1963 1215 2003 in
1235 1962 1411 2016 fastigio
1424 1963 1452 2004 J
1456 1964 1553 2004 ovis

108 2031 275 2084 templi,
304 2043 415 2084 quas
447 2030 675 2071 faciendas
702 2030 959 2071 locaverant
992 2030 1185 2071 Romani
1209 2030 1381 2082 vegenti
1397 2030 1427 2054 ¹3
1464 2032 1555 2072 cui-

57 2092 59 2095 *
110 2097 213 2138 dam
249 2098 356 2138 artis
387 2097 580 2149 figulinae
615 2097 837 2150 prudenti:
864 2111 963 2151 quae
995 2098 1108 2139 bello
1137 2103 1240 2139 sunt
1268 2098 1555 2151 reciperatae:

112 2163 218 2218 quia
246 2165 290 2205 in
319 2165 496 2206 fornace
527 2165 638 2206 adeo
671 2170 908 2216 creverant,
940 2169 987 2206 ut
1017 2166 1152 2206 eximi
1185 2167 1434 2219 nequirent:
1467 2167 1554 2221 idq.

111 2232 352 2284 prodigium
374 2232 634 2285 portendere
653 2232 902 2282 videbatur,
918 2234 961 2273 in
982 2247 1069 2287 qua
1082 2235 1261 2274 civitate
1275 2247 1339 2275 eae
1360 2234 1556 2285 fuissent,

115 2299 304 2340 omnium
337 2313 433 2340 eam
453 2300 641 2340 futuram
675 2301 1039 2353 potentissimam.
1099 2300 1385 2353 Recipcratio
1407 2306 1472 2342 est
1495 2304 1558 2351 (ut

713 2431 950 2443 eeeeeeeeeeee

161 2520 199 2548 10
223 2517 244 2547 f.
260 2518 343 2548 ¹itu-lla
359 2518 471 2547 sicu—1
486 2522 494 2547 l
517 2517 538 2547 f.
562 2519 653 2557 legib.
672 2520 880 2552 Numan—12
905 2520 929 2551 f.
947 2520 1220 2559 expurgabam—13
1246 2520 1267 2549 f.
1282 2520 1445 2550 disseritur
1458 2520 1557 2557 cujus-1

115 2562 291 2602 pianr—14
318 2560 340 2589 s.
357 2561 487 2590 iis—15
514 2558 538 2589 f.
558 2561 791 2594 Rucuma—lc»
814 2562 838 2594 f.
858 2564 1078 2594 Errant—17
1102 2562 1125 2593 f.
1148 2562 1329 2593 Veiis—le
1353 2561 1375 2592 f·
1398 2563 1529 2594 Veienti.

769 2667 913 2700 NOTAE

240 2751 250 2764 ι·
269 2744 456 2784 Itatmnena]
472 2744 558 2775 Vide
577 2744 723 2776 Plinium
737 2744 793 2776 lib.
809 2755 890 2776 vui.
907 2754 979 2785 cap.
997 2748 1047 2776 213..
1067 2748 1098 2775 ct
1118 2744 1173 2776 lib.
1191 2752 1298 2774 xviii.
1318 2752 1390 2783 cap.
1407 2745 1437 2772 2,

207 2797 319 2837 Daph.
337 2802 365 2828 ei
385 2798 459 2828 Van
475 2798 559 2829 Clas.
726 2798 835 2836 Pomp.
853 2798 938 2828 Fert.
1406 2798 1419 2824 ’1
1451 2795 1473 2825 ‘¹-
