1876 3025
336 153 400 183 ne
431 149 701 182 VERBORUM
735 145 1143 178 sicmch'rioNE
1177 144 1270 174 mn.
1302 144 1409 174 xiv·
1508 132 1592 174 063

202 247 513 303 turpitudinem
533 244 753 293 volebant,
776 242 903 297 quasi
935 253 1065 296 porro
1101 239 1380 295 pudendum:
1413 237 1590 292 quidam

200 315 465 372 propudium
485 317 642 368 putant
669 311 770 361 dici,
791 324 817 353 a
837 323 926 365 quo
946 309 1090 364 pudor
1119 313 1165 350 et
1196 306 1418 363 pudicitia
1438 304 1591 359 procul

202 384 301 426 sint.

212 483 220 490 .
339 481 349 489 .
467 479 475 489 .
597 481 605 488 .
976 444 1134 498 procul
1156 444 1276 484 sint.r
1426 440 1593 493 [Fsss‘r.

146 519 326 560 Prorsi⁵
356 519 517 560 limites
548 517 824 571 appellantur
854 515 901 556 in
930 526 1130 567 agrorum
1151 511 1381 560 mensuris,
1412 508 1592 564 [PAUL.

203 588 278 642 qui
301 587 357 629 ad
378 587 588 629 orientem
610 584 766 626 directi
787 587 899 625 sunt.

145 656 296 698 Prorsi
332 654 477 696 limites
508 652 768 708 appellantur
801 652 844 692 in
876 663 1070 706 agrorum
1104 646 1298 688 mensuris
1329 645 1400 701 qui
1429 643 1593 699 [FEST.

203 723 347 765 directi
366 729 457 763 sunt
477 721 532 762 ad
551 720 756 762 orientem.

146 859 354 901 Prorsum
370 860 381 880 ²
400 858 618 912 ponebant
640 869 718 910 pro
740 861 878 897 recto.

146 926 349 976 Prorsus,
371 939 503 980 porro
524 938 691 967 versus.

1411 849 1592 904 [PAUL.

146 994 330 1035 Prorsus
347 1000 363 1015 ¹¹
397 1006 526 1047 porro
547 1006 720 1041 vorsuS,
742 993 825 1032 nisi
845 991 954 1032 forte
977 1003 1035 1032 ex
1058 989 1216 1031 Graeco
1236 987 1370 1044 πρός-’5
1429 985 1592 1038 [FEs'r.

202 1061 312 1103 Cato
335 1062 389 1103 de
416 1061 682 1103 feneratione
713 1060 820 1113 legis
842 1058 870 1100 J
876 1060 1017 1100 uniae:
1051 1056 1272 1098 Camerini
1305 1056 1427 1097 cives
1454 1053 1593 1095 nostri

204 1131 414 1185 oppidum
435 1129 662 1184 pulchrum
690 1128 893 1177 habuere,
921 1139 1068 1180 agrum
1095 1125 1324 1180 optimum,
1345 1127 1477 1176 atque
1496 1120 1594 1175 pul-

203 1197 476 1248 cherrimum,
515 1210 606 1237 rem
642 1195 1060 1238 fortunatissimam:
1093 1206 1193 1235 cum
1226 1192 1418 1233 Romam
1438 1189 1592 1231 venie-

203 1267 324 1316 bant,
361 1278 540 1320 prorsus
573 1264 903 1306 devertebantur
938 1275 1015 1317 pro
1047 1261 1301 1315 hospitibus
1332 1258 1388 1300 ad
1429 1258 1593 1299 amicos

203 1347 318 1375 SUOS.

749 1451 883 1463 eeeeeeee

191 1558 227 1586 15
253 1554 317 1586 Ed.
334 1554 424 1586 scal.
439 1553 508 1594 πρό.

888 1450 982 1462 eeeee

795 1672 934 1704 NOTAE

147 1758 277 1789 Graecis
293 1758 482 1798 καθάρματα,
497 1767 539 1789 ea
554 1759 684 1790 Latinis
695 1760 846 1798 propudia

146 1808 249 1840 dicta.
283 1808 369 1840 Inde
396 1808 548 1839 homines
580 1810 777 1845 sceleratos,
807 1814 845 1841 ut

147 1858 261 1891 Graeci
278 1858 468 1899 καθάρματα,
485 1857 532 1889 sic
551 1859 693 1889 Romani
707 1858 844 1890 eosdem

148 1911 309 1951 Propudia
326 1914 502 1941 vocarunt.
524 1910 593 1940 Jos.
611 1909 696 1940 Scal.

192 1960 400 2002 Propudz‘um]
427 1960 542 1992 Plaut.
565 1960 702 1991 Curcul.
725 1960 734 1977 ‘
752 1959 843 1992 Quid

146 2012 194 2043 ais
211 2010 438 2052 propudium.’
483 2011 569 2044 Quae
586 2010 718 2042 Graecis
734 2010 844 2051 καθάρ-

146 2073 240 2102 ματα,
258 2072 298 2094 ea
312 2061 440 2093 Latinis
451 2061 603 2102 propudia
619 2061 724 2092 dicta.
758 2061 844 2093 Inde

145 2113 295 2144 homines
317 2112 511 2147 sceleratos,
534 2117 571 2143 ut
596 2111 709 2143 Graeci
733 2113 843 2152 xaodp-

146 2176 240 2204 ματα,
270 2163 317 2194 sic
349 2163 492 2194 Romani
521 2162 658 2193 eosdem
692 2163 845 2202 propudia

147 2220 324 2254 vocarunt,
339 2219 378 2245 ut
395 2213 524 2244 monuit
540 2213 705 2253 Scaliger.
730 2213 812 2243 Duc.

190 2269 201 2283 Γ
225 2287 233 2295 .
260 2288 267 2295 .
293 2287 300 2295 .
324 2264 429 2304 procul
445 2262 524 2303 sint]
551 2263 617 2294 Hic
634 2262 737 2294 verba
753 2263 846 2294 Festi

147 2315 346 2346 coaluerunt
371 2325 445 2346 cum
463 2314 564 2345 Pauli
592 2314 769 2354 Epitome:
795 2323 845 2345 re-

148 2366 332 2406 petendum
359 2366 463 2407 igitur
486 2366 678 2405 Propudium
693 2366 846 2406 dicebant,

146 2417 199 2456 ⁸5⁶·
234 2417 326 2449 Nihil
341 2417 477 2448 certius.
493 2417 592 2448 Idem.

190 2470 202 2485 ἢ
226 2465 351 2506 Prorsz']
375 2467 429 2497 De
454 2467 516 2498 hoc
543 2466 646 2498 verbo
670 2466 712 2498 ad
738 2466 846 2498 Auso-

149 2516 241 2547 nium
257 2516 413 2548 diximus.
458 2516 635 2557 Significat
653 2523 795 2557 rectum,
811 2523 847 2550 et

150 2567 336 2607 prolixum:
354 2566 442 2598 unde
460 2568 575 2599 tunica
592 2568 732 2608 prolixis
745 2569 848 2610 villis,

150 2627 250 2658 prosa
272 2617 398 2648 tunica.
445 2618 675 2651 Glossarium:
699 2621 709 2636 ‘
726 2620 845 2661 Prosa,

151 2678 240 2708 pexa
262 2668 389 2704 tunica,
411 2667 502 2707 πεζὸν
525 2667 667 2707 ἱμάτιον.’
712 2670 847 2702 Prorsus

153 2728 246 2760 ergo,
275 2717 373 2759 εὐθὺς,
400 2724 437 2751 et
456 2728 610 2760 prorsum,
637 2720 720 2753 εὐθύ.
747 2726 783 2753 ut
812 2723 845 2754 in

898 1758 1054 1797 exemplo
1071 1755 1230 1788 Catonis:
1255 1755 1264 1771 ‘
1282 1754 1427 1785 Prorsus
1440 1753 1596 1784 deverte-

900 1809 1025 1841 bantur
1063 1818 1124 1849 pro
1160 1806 1350 1847 hospitibus
1392 1806 1433 1837 ad
1471 1807 1595 1838 amicos

901 1858 1002 1890 suos.’
1048 1859 1193 1894 Prorsus,
1209 1856 1290 1888 εὐθύ.
1312 1858 1382 1888 Jos.
1398 1857 1481 1888 Scal.

944 1910 1055 1941 Prorsz'
1067 1931 1075 1941 .
1087 1931 1094 1941 .
1105 1910 1130 1950 .]
1146 1909 1263 1940 Prorsi
1278 1909 1401 1940 limites
1412 1908 1596 1939 secundnm

900 1960 972 2001 agri
1001 1959 1250 2001 longitudinem
1286 1959 1328 1990 ab
1367 1958 1597 1999 aequinoctiali

897 2021 1030 2052 occasu,
1046 2011 1086 2042 ad
1109 2017 1221 2042 ortum
1246 2009 1520 2051 aequinoctialein
1549 2008 1597 2040 di-

899 2062 999 2097 recti,
1025 2061 1169 2102 ideoque
1197 2060 1292 2091 ortivi
1321 2059 1404 2091 dicti
1431 2065 1468 2091 et
1490 2060 1599 2092 antici.

899 2113 988 2143 Vide
1004 2114 1012 2130 ‘
1029 2111 1187 2153 prorsus!
1210 2111 1292 2143 Dac-

943 2165 951 2182 2
976 2162 1142 2202 Prorsum]
1167 2162 1257 2192 Vide
1285 2162 1294 2178 ‘
1313 2160 1474 2201 prorsus.’
1499 2161 1598 2191 Idem.

943 2220 957 2235 ¹¹
982 2214 1131 2254 Prorsus]
1157 2212 1262 2246 Quasi
1282 2221 1459 2252 proversus,
1481 2211 1513 2242 id
1536 2217 1600 2250 est,

900 2268 973 2296 ante
987 2273 1103 2299 versus,
1128 2269 1163 2294 et
1183 2273 1322 2304 prorsus,
1345 2262 1378 2292 id
1402 2267 1467 2298 est,
1492 2267 1599 2293 recta.

901 2313 1001 2346 Unde
1019 2313 1223 2355 adjectivum
1245 2323 1383 2353 prorsus,
1405 2323 1436 2351 a,
1455 2322 1518 2353 um,
1539 2322 1599 2352 pro

899 2370 1004 2396 recto.
1048 2365 1133 2396 lnde
1157 2367 1167 2381 ‘
1183 2364 1292 2405 prorsi
1309 2363 1456 2399 limites,'
1479 2373 1600 2403 prorsa,

900 2416 1011 2457 suppl.
1024 2415 1137 2451 oratio,
1147 2419 1182 2446 et
1191 2424 1299 2456 prorsa
1310 2415 1390 2450 Dea,
1402 2424 1478 2456 quae
1488 2420 1600 2445 rectos

902 2473 1021 2508 partus
1038 2466 1212 2498 educeret.
1258 2466 1310 2497 Ex
1329 2474 1457 2506 prorsus
1480 2470 1600 2506 postea

901 2518 1017 2551 fecere
1037 2527 1158 2559 prosus,
1175 2522 1211 2548 ut
1228 2526 1248 2548 a
1265 2517 1274 2534 ‘
1291 2515 1432 2554 rursus‚’
1450 2516 1459 2533 ‘
1472 2525 1566 2546 rusus
1578 2514 1599 2544 :'

903 2578 922 2599 a
949 2569 958 2585 ‘
976 2567 1130 2608 sursum,'
1159 2565 1320 2601 ‘susum,'
1348 2567 1413 2597 διε.
1459 2566 1503 2596 Et
1521 2564 1599 2594 inde

897 2629 1001 2660 prosa,
1023 2629 1131 2660 prose.-
1164 2627 1262 2659 quam
1296 2626 1412 2649 vocem
1443 2616 1598 2647 Latinam

901 2680 974 2700 esse
1013 2679 1193 2711 perperam
1232 2673 1358 2710 negant
1396 2667 1457 2697 viri
1492 2666 1597 2697 docti.

902 2722 1000 2754 Idem.
