1876 3025
323 155 387 184 DE
420 151 694 184 VERBORUM
730 150 1137 182 SIGNIFICATIONE
1173 152 1267 181 LlB.
1302 151 1386 181 XV.

1499 141 1584 185 695

137 250 524 304 Quadruplatores
541 246 558 271 ‘¹
580 247 855 297 dicebantur,
874 247 951 302 qui
972 260 1024 288 eo
1042 250 1219 301 quaestu
1232 259 1280 288 se
1295 250 1391 287 tue·
1405 246 1534 299 [PAU
1546 258 1584 287 t..

192 319 363 365 bantur,
396 321 443 358 ut
474 329 552 357 eas
593 329 663 357 res
698 319 1074 369 persequerentur,
1106 328 1290 369 quarum
1323 328 1381 355 ex
1412 314 1584 367 legibus

193 385 422 440 quadrupli
443 389 537 426 erat
557 384 688 425 actio.

825 451 1012 506 populo⁰
1066 481 1075 491 .

693 521 737 562 ia
759 533 812 562 ca
873 550 882 559 .

195 589 242 629 in
263 588 411 641 legum
456 619 464 628 .

198 656 414 698 dominata
458 687 468 697 .

1388 448 1584 503 .[FesT.

1388 550 1399 628 .-
1430 548 1591 640 populi

144 724 447 776 Quadrurbem
469 724 668 766 Athenas
685 722 698 745 f
726 723 876 766 Attius
910 725 1174 779 appellavit,
1196 724 1314 777 quod
1337 723 1511 764 scilicet
1533 736 1590 763 ex

199 798 388 847 quatuor
422 792 602 833 urbibus
642 793 686 833 in
721 806 853 834 unam
883 793 1111 834 domicilia
1137 792 1429 843 contulerunt,
1458 792 1593 833 Brau-

200 874 319 910 ronc,
342 861 561 911 Eleusine,
580 861 771 912 Pireaeo‚
795 862 948 903 Sunio.

147 928 351 980 Quaeso,g
381 934 429 970 ut
450 928 673 981 significat
693 929 809 970 idem
832 929 954 983 quod
975 942 1095 982 rogo,
1117 929 1181 970 ita
1199 942 1395 982 quaesere
1417 928 1594 982 ponitur

202 998 259 1038 ab
295 997 490 1052 antiquis
522 1011 601 1051 pro
622 1010 830 1052 quaerere,
853 1002 899 1039 ut
919 1003 985 1039 est
1019 997 1136 1052 apud
1168 997 1350 1038 Ennium
1383 997 1494 1038 libro
1528 1010 1595 1037 se-

798 1140 938 1174 NOTAE

147 1224 233 1252 tant.
279 1220 324 1251 Et
355 1219 397 1251 de
423 1219 533 1256 Tatio,
557 1219 679 1261 iuquit,
700 1218 845 1250 fortasse

150 1270 364 1312 loquebatur,
401 1270 472 1311 qui,
514 1280 590 1302 cum
625 1270 846 1311 Capitolium,

150 1321 240 1361 quod
267 1320 309 1351 ab
337 1320 434 1351 initio
463 1325 616 1361 ceperat,
641 1326 789 1361 teneret,
813 1326 848 1352 et

150 1371 362 1404 Quirinalem
400 1372 533 1410 collem,
563 1372 665 1402 etiam
701 1371 849 1402 Palatini

150 1422 287 1461 montis,
304 1423 336 1453 in
361 1432 426 1463 quo
443 1423 549 1453 Roma
565 1422 732 1464 quadrata
747 1427 781 1454 et
800 1432 850 1453 re-

153 1474 206 1515 gia
223 1474 371 1514 Romuli,
388 1475 488 1504 armis
514 1483 549 1505 se
566 1474 753 1514 potiturum
773 1483 850 1514 spe-

152 1526 261 1558 rabat.
297 1527 323 1557 Α
343 1530 441 1566 parte
458 1526 561 1566 igitur
578 1530 685 1557 totum
703 1531 851 1556 montem

153 1577 325 1609 intellexit
341 1576 514 1617 poetarum
537 1585 642 1607 more.
669 1575 765 1607 Idem.

199 1627 215 1648 ‘¹
241 1627 523 1668 Quudrnplatores]
556 1627 707 1659 Vidend.
730 1626 855 1658 Ascon-

156 1679 190 1710 in
207 1678 348 1710 divinat.
366 1684 401 1709 et
417 1678 475 1710 lib.
496 1687 546 1710 ιν.
579 1679 754 1710 Verriuar.
777 1678 857 1709 Ant.

158 1729 245 1768 Aug.

204 1777 481 1818 Quadruplatores]
519 1776 644 1809 Ascon.
686 1778 859 1809 Pedianus

157 1830 191 1860 iu
201 1828 344 1860 divinat.
359 1829 368 1845 ‘
382 1827 674 1868 Quadruplatores
685 1833 783 1859 erant
795 1828 861 1859 cri-

162 1880 287 1911 minum
317 1879 542 1920 publicorum,
565 1879 597 1910 in
623 1889 688 1920 qua
711 1889 746 1910 re
763 1889 862 1921 quar·

165 1938 234 1964 tam
253 1936 384 1972 partem
402 1930 445 1961 de
463 1931 730 1971 proscriptorum
753 1930 863 1970 bouis,

162 1993 245 2025 quos
261 1983 468 2022 detulerant,
483 1981 760 2024 assequebantur.
794 1981 863 2013 Alii

162 2035 281 2067 dicunt
316 2033 598 2075 quadruplatores
634 2042 709 2064 esse
747 2042 862 2064 eorum

165 2095 298 2117 reorum
316 2090 529 2116 accusatores
547 2084 764 2125 quiconvicti
781 2094 863 2126 qua-

166 2137 279 2178 drupli
297 2136 448 2167 damnari
466 2136 617 2166 soleant:
645 2140 680 2166 ut
705 2136 789 2166 aleae
806 2139 865 2166 aut

166 2189 316 2230 pecuuiae
335 2187 547 2228 gravioribus
561 2186 670 2217 usuris
691 2185 865 2217 foeneratae

168 2249 265 2281 quam
280 2247 340 2280 pro
352 2237 611 2272 consuetudine,
626 2243 682 2268 aut
698 2236 865 2278 ejusmodi

170 2291 310 2323 aliorum
349 2289 552 2321 criminum.²
598 2289 686 2320 Item
723 2289 868 2319 Verriua

169 2352 226 2375 111.
283 2340 597 2381 ‘Quadruplatores
649 2345 868 2371 accusatores

172 2394 242 2424 sive
268 2392 439 2423 delatores
455 2390 668 2431 publicorum
691 2390 868 2421 criminum

173 2443 234 2474 sub
250 2452 346 2484 poena
362 2441 555 2483 quadrupli.
598 2440 678 2472 Sive
693 2440 781 2481 qnod
805 2440 870 2481 ipsi

174 2504 216 2525 ex
233 2493 463 2524 damnatorum
476 2492 581 2527 bonis,
594 2501 678 2532 quos
692 2501 870 2523 accusave-

176 2549 264 2579 rant,
289 2549 441 2584 quartam
469 2547 603 2584 partem
620 2543 870 2584 consequeban-

177 2594 255 2627 tur.'
302 2594 411 2634 Igitur
426 2594 467 2625 ab
492 2594 548 2624 illa
572 2599 689 2635 quarta
713 2604 787 2634 quae
816 2604 870 2625 ac-

178 2645 329 2677 cusatori
357 2653 416 2684 pro
447 2644 589 2684 praemio
620 2644 766 2675 cedebat
787 2644 873 2675 dicti

178 2694 444 2736 quadruplatores.
479 2694 586 2724 Tacit.
603 2694 659 2725 lib.
673 2704 726 2725 ιν.
750 2693 872 2725 Aunal.

180 2751 189 2763 ¹
209 2748 340 2778 Contra
374 2745 423 2775 M.
448 2744 595 2784 Lepidus
624 2750 778 2786 quartam
816 2755 870 2776 ac-

181 2795 390 2828 cusatoribus
428 2794 611 2826 secuudum
651 2795 872 2827 necessitudi-

901 1229 977 1250 nem
1007 1217 1113 1259 legis.’
1159 1218 1244 1250 Inde
1275 1218 1389 1250 Gloss.
1428 1223 1435 1235 ‘
1449 1217 1596 1259 quadru-

902 1270 1061 1311 platores,
1074 1268 1247 1308 συκασταὶ,’
1264 1268 1447 1300 delatores.
1486 1269 1494 1285 ‘
1510 1268 1599 1301 Qua-

903 1320 1057 1361 druplor,
1071 1319 1260 1360 ἐνδείκνυμι,’
1276 1319 1407 1350 defero.
1431 1319 1514 1350 Dae.

947 1376 960 1391 e
974 1392 983 1402 .
997 1392 1005 1401 .
1019 1393 1027 1403 .
1038 1393 1046 1402 .
1056 1370 1180 1411 populo]
1203 1372 1255 1402 De
1281 1367 1602 1411 quadruplatoribus

904 1422 959 1454 hic
975 1423 1101 1462 agebat
1118 1423 1248 1459 Festus,
1260 1421 1319 1453 sed
1330 1422 1403 1462 ejus
1419 1420 1522 1451 verba
1537 1430 1604 1451 non

905 1484 1081 1515 possumus
1098 1473 1243 1516 assequi,
1266 1481 1377 1513 neque
1395 1481 1436 1501 ex
1454 1471 1494 1502 iis
1513 1470 1605 1501 vide-

907 1530 962 1556 tur
989 1525 1118 1555 Paulus
1147 1533 1239 1554 suam
1277 1523 1457 1563 Epitomen
1490 1520 1607 1553 confe-

906 1575 1007 1607 cisse.
1054 1573 1262 1615 Ampliorem
1289 1573 1443 1604 lacunam
1480 1581 1605 1612 reprae-

906 1630 1045 1657 sentant
1061 1624 1221 1656 schedae:
1247 1623 1256 1640 ⁴
1269 1646 1278 1655 .
1291 1646 1300 1655 .
1312 1623 1384 1664 ,jus
1398 1645 1405 1653 .
1419 1645 1426 1653 .
1442 1646 1450 1654 .
1463 1632 1536 1663 quae
1550 1644 1578 1653 ..
1597 1646 1605 1653 .

907 1686 1048 1718 quarum
1065 1686 1108 1707 ex
1125 1675 1255 1716 legibus
1265 1673 1443 1715 quadrupli
1460 1678 1535 1704 erat
1552 1682 1606 1703 ac-

909 1728 956 1759 tio
960 1749 1055 1761 .....
1068 1727 1140 1758 ibus
1145 1747 1238 1758 .....
1250 1729 1305 1756 ata
1308 1745 1404 1757 .....
1417 1734 1490 1755 oem
1495 1744 1608 1755 ......

911 1778 1028 1809 abant.
1044 1802 1051 1811 .
1066 1801 1074 1809 .
1087 1778 1128 1809 ab
1145 1787 1198 1808 eo.
1211 1800 1219 1808 .
1230 1799 1238 1808 .
1251 1776 1296 1807 in.
1311 1798 1338 1808 ..
1352 1776 1406 1807 tis.
1421 1798 1429 1806 .
1445 1798 1452 1805 .
1466 1784 1531 1816 que
1547 1775 1607 1805 lic-

910 1834 964 1861 tor
968 1850 1083 1861 ......
1099 1829 1236 1870 populo.
1246 1851 1254 1859 .
1268 1848 1276 1858 .
1288 1851 1295 1859 .
1306 1849 1314 1857 .
1329 1850 1336 1858 .
1350 1827 1444 1858 curia
1460 1825 1609 1857 calabra.

912 1904 920 1914 .
934 1904 942 1912 .
956 1902 964 1911 .
978 1903 985 1912 .
998 1891 1029 1912 ιιι
1046 1882 1170 1921 legum.
1182 1903 1190 1911 .
1206 1902 1215 1912 .
1229 1903 1236 1912 .
1302 1878 1334 1909 in
1359 1878 1477 1919 populi
1503 1876 1610 1907 domi·

910 1931 1018 1963 natu.'
1064 1932 1109 1963 Et
1124 1931 1179 1962 liic
1194 1935 1289 1961 certe
1306 1929 1399 1960 locus
1416 1928 1537 1968 dignus
1560 1931 1612 1958 est

911 1982 945 2013 in
963 1992 1029 2023 quo
1044 1991 1079 2012 se
1096 1984 1282 2012 exerceant
1295 1979 1498 2020 sagaciores.
1513 1978 1612 2008 Idem.

954 2031 968 2052 f
988 2031 1204 2068 Quadrurbem
1230 2030 1387 2070 Athenas]
1437 2027 1537 2061 Quod
1569 2038 1611 2058 ex

912 2089 1058 2127 quatuor
1074 2083 1169 2122 vicis,
1181 2092 1263 2124 quos
1279 2081 1334 2112 alii
1349 2081 1510 2114 Piraeum,
1521 2079 1611 2110 Plia-

913 2136 1056 2175 lereum,
1114 2135 1326 2175 Xypeteum,
1383 2131 1614 2172 Thymaetam.

915 2187 1008 2218 Male
1022 2197 1029 2217 :
1073 2184 1287 2221 Quadrurbem
1312 2183 1401 2214 enim
1427 2179 1615 2221 τετράπολιν

916 2237 1073 2268 dixerunt
1085 2235 1232 2271 OEuoe‘n,
1247 2232 1530 2274 Probalyntlmm,
1541 2231 1616 2262 Tri-

916 2287 1108 2328 corytlmm‚
1132 2291 1167 2317 et
1192 2284 1444 2321 Marathonem,
1471 2287 1615 2323 quatuor

917 2339 1043 2370 Amcae
1062 2337 1216 2378 populos.
1242 2335 1330 2366 Vide
1347 2335 1477 2365 Mem-s.
1493 2332 1536 2363 de
1550 2331 1617 2362 for-

918 2394 1001 2421 tuna
1018 2389 1149 2420 Attica.
1176 2389 1297 2429 Neque
1314 2391 1459 2428 quatuor
1476 2388 1619 2421 tantum,

919 2439 978 2471 sed
994 2439 1129 2470 omniuo
1156 2437 1334 2469 duodecim
1357 2435 1458 2466 urbes
1486 2435 1517 2465 in
1535 2443 1618 2465 unas

920 2491 1074 2522 Athenas
1091 2490 1259 2520 Theseum
1281 2487 1491 2518 contraxisse
1513 2483 1619 2515 tradit

919 2541 1053 2573 Strabo.
1099 2540 1168 2571 Ubi
1193 2548 1254 2580 per
1272 2538 1372 2569 urbes
1390 2537 1481 2568 vicos
1498 2534 1621 2565 iutelli-

920 2593 981 2634 git.
1006 2592 1102 2622 Idem.

964 2649 979 2671 ἕ
1005 2642 1134 2683 Quoeso]
1170 2641 1299 2672 Versus
1324 2636 1424 2669 Ennii
1453 2635 1495 2666 de
1523 2634 1621 2666 Anco

923 2693 1051 2724 Martio
1074 2690 1267 2733 accipiendi
1292 2693 1381 2725 sunt,
1407 2686 1462 2727 qni
1487 2685 1623 2718 Ostiam

926 2744 1080 2783 munivit,
1105 2749 1140 2774 et
1175 2746 1310 2782 portum
1336 2737 1480 2768 Tiberis.
1530 2736 1623 2766 Ostia

929 2795 1047 2826 munita
1062 2797 1119 2829 est,
1148 2793 1227 2823 idem
1254 2791 1317 2821 locu
1335 2786 1458 2820 nat-2018
1473 2786 1626 2827 polchrcis
