1876 3025
262 135 345 175 720
704 144 850 174 suxri

887 142 1086 172 POMPEI!
1124 143 1260 173 FES'I'I

320 244 364 279 et
395 237 567 291 Oppius
597 235 808 286 Aurelius,
839 235 989 276 dictum
1013 240 1154 289 putat,
1205 235 1313 291 quod
1341 236 1385 276 in
1414 248 1466 276 eo
1495 239 1539 275 ct
1567 235 1708 276 triente

324 303 748 360 ratissieei·ite2ſj1'gie.s‚
770 308 816 345 ut
836 303 963 344 navis
985 303 1030 343 in
1052 316 1162 354 asse,
1185 318 1209 342 a
1229 317 1310 358 qua
1327 301 1487 357 quidem
1510 316 1551 342 re
1571 301 1709 355 appel-

324 372 451 412 latum
473 384 647 425 quoque
666 372 842 413 ratitum
861 370 1015 411 dicunt.

1075 369 1269 410 Meminit
1300 369 1458 410 trientis
1478 369 1598 410 ratiti
1619 368 1710 409 An-

324 440 486 489 tonius,
517 438 588 494 qui
614 438 758 480 ratitos
788 452 834 479 ex
864 437 937 478 hac
968 452 1091 478 causa
1120 437 1200 477 dici
1228 438 1406 479 trientes
1436 440 1575 491 putat,
1606 434 1713 490 quod

323 506 426 546 ratis
456 504 676 560 appellatio
708 506 836 547 tertiae
859 505 1002 559 partis
1033 505 1149 546 assis
1180 505 1253 555 sit,
1283 505 1422 558 quince
1453 509 1604 553 autem,
1637 508 1712 542 aut

321 573 428 614 alius
442 572 578 627 partis
598 573 718 614 riccila
736 573 827 621 sit‚⁹
848 572 925 613 sed
946 571 1166 612 secundum
1188 584 1413 621 numerum,
1434 577 1481 610 ut
1505 569 1682 610 Sextans
1699 584 1709 611 :

324 653 401 682 nec
431 641 512 681 hac
541 652 586 679 re
605 645 732 679 ratem
751 638 831 679 diei
855 637 991 688 solere,
1013 637 1092 677 nisi
1112 636 1160 678 ‹Ie
1181 644 1326 679 terna:
1357 650 1411 678 ae
1431 637 1599 690 legibus
1624 634 1712 675 Nu-

325 711 450 755 mae,¹0
479 719 603 745 ‘urtam
634 712 763 745 ratem
794 705 941 746 triente
969 704 1196 758 significat,
1227 704 1345 759 quod
1375 704 1418 745 hi
1439 702 1713 757 penderentur

327 774 506 821 trientes,
537 786 625 812 cum
646 773 757 813 ratio
780 785 881 814 cum
899 772 969 813 his
999 776 1243 825 putaretur,
1274 770 1420 826 quibus
1440 769 1634 811 soli-endec
1655 784 1714 809 res

327 846 487 881 CSSent.

873 925 990 938 eeeeee

993 925 1109 938 eeeeee

312 1004 333 1031 9
357 1001 421 1033 Ed.
437 1002 527 1033 Scal.
548 1002 558 1019 ‘
569 1003 602 1033 in
617 1002 675 1033 illa
693 1001 846 1034 sit.'-10
871 1001 955 1034 Ead.
971 1001 1026 1033 ed.
1041 1012 1076 1033 ac
1092 1003 1245 1042 legionum
1260 1011 1360 1033 uname

923 1096 954 1128 N
961 1095 1067 1129 OTAE

272 1163 301 1190 3.
318 1158 471 1198 ejusdem
488 1158 579 1190 libri,
603 1160 682 1191 Aut.
698 1160 783 1199 Aug.

315 1207 476 1247 Ratitum]
501 1207 615 1239 Infra:
651 1210 797 1240 Rutitum
813 1209 965 1249 quadran-

272 1263 333 1289 tem
349 1258 484 1296 signavit
509 1258 695 1297 Tarquinius
718 1259 801 1298 Rex,
815 1269 914 1298 quem.

546 1310 574 1337 et
596 1308 720 1347 Opilius
736 1308 882 1339 Aurelius
905 1308 968 1338 dic·

271 1362 337 1388 tum
357 1360 483 1397 putant,
510 1359 589 1397 quod
604 1358 636 1389 in
651 1369 684 1389 eo
705 1362 736 1389 et
757 1359 867 1390 triente
888 1359 969 1390 ratis

265 1408 366 1443 fuerit
382 1408 509 1449 effigieS,
525 1411 559 1438 ut
571 1409 657 1438 navis
672 1409 704 1439 iu
720 1418 799 1447 usse,
814 1409 893 1440 unde
906 1409 968 1439 Lu-

272 1457 363 1488 cilius
377 1458 579 1497 quadrantem
594 1468 710 1498 quoque
725 1458 856 1489 ratitum
870 1463 969 1499 vocat,

270 1516 340 1537 cum
354 1507 413 1537 ait.
459 1529 467 1537 .
514 1529 522 1537 .
569 1508 765 1547 .qua‹lrantz’,
780 1508 882 1538 ratiti.
907 1509 972 1539 An-

272 1556 374 1586 tonius
387 1556 511 1587 ‘ratitos
533 1557 595 1587 (lici
619 1558 748 1588 trientes
768 1562 873 1598 putat,
894 1559 973 1598 quod

272 1605 354 1636 ratis
378 1606 545 1646 appellatio
569 1607 673 1637 tertioe
694 1608 797 1647 partis
821 1609 902 1639 assis
917 1609 973 1648 sit,

272 1655 434 1695 quinoeaut
447 1656 526 1686 alins
533 1656 638 1695 partis
645 1658 729 1688 nulla
740 1658 853 1697 sic,sed
866 1668 973 1689 secun·

270 1707 343 1735 dum
352 1714 523 1742 numerum,
533 1709 567 1736 ut
579 1706 732 1738 Sea-tans.-
747 1718 799 1738 nec
811 1709 867 1739 hac
878 1719 912 1739 re
924 1718 973 1738 ra-

272 1759 333 1786 tem
348 1756 484 1786 dicinisi
496 1757 532 1787 de
556 1760 667 1788 terna:
693 1768 729 1788 ac
751 1758 844 1797 legib.
864 1760 974 1790 Numoe

272 1815 365 1835 unam
379 1809 478 1835 ratem
494 1806 640 1838 trientem
660 1807 833 1849 siguificat,
849 1811 927 1849 quod
943 1809 975 1839 Ιιί

271 1857 489 1895 penderentur,
511 1867 579 1887 cum
602 1858 684 1888 ratio
699 1859 831 1889 cumnis
852 1862 974 1898 putare·

274 1909 338 1939 tur,
352 1905 461 1945 quibus
476 1907 613 1937 solvendi
630 1912 740 1938 essent.
780 1908 911 1939 Plinius
928 1908 976 1939 ait

277 1955 446 1994 signatum
465 1965 510 1986 aes
532 1955 676 1995 primum
699 1967 719 1987 a
737 1958 858 1988 Servio
884 1967 976 1997 rege,

275 2003 340 2034 hoe
376 2008 442 2039 est,
474 2014 584 2035 assem
600 2015 608 2035 :
648 2006 739 2038 unde
770 2008 894 2038 classes
933 2017 975 2038 ex

277 2064 382 2085 censu
393 2055 515 2085 assium
529 2056 571 2086 ab
582 2056 700 2087 eodem
712 2056 876 2088 definitae.
894 2059 977 2089 Post

277 2106 369 2136 illum
400 2105 534 2136 videtur
571 2106 771 2147 Tarquinius
803 2108 976 2148 Superbus

279 2154 354 2184 aeris
385 2154 558 2194 portiones
589 2155 791 2195 signavisse,
820 2156 883 2187 hoc
915 2163 977 2193 est,

279 2204 360 2234 assis
379 2204 566 2244 portiones,
582 2205 726 2236 trientes
750 2212 786 2237 et
810 2206 976 2247 quadran-

280 2260 345 2292 tes,
361 2259 523 2294 quautum
551 2265 594 2285 ex
619 2255 682 2286 hoc
709 2257 782 2286 loco
807 2257 977 2297 conjicere

279 2312 468 2343 possumus.
513 2304 603 2334 Nam
630 2309 730 2336 antea
756 2307 872 2336 eadem
902 2307 978 2337 aeris

282 2363 348 2384 nou
361 2353 483 2393 signati
500 2354 694 2394 aestimatio,
712 2361 747 2386 nt
765 2363 841 2396 post
854 2357 979 2397 signati

281 2403 369 2434 itlein
384 2403 536 2444 pondus:
563 2404 652 2435 unde
667 2405 698 2435 in
715 2406 845 2445 legibus
858 2407 979 2438 Numae

282 2458 389 2483 ratem
406 2453 440 2483 id
453 2453 597 2484 valuisse
609 2456 756 2485 nondum
771 2456 901 2495 signato
913 2466 980 2487 aere

282 2503 385 2542 idem,
415 2503 502 2544 quod
530 2508 648 2542 postea
671 2505 815 2545 signato,
832 2507 893 2537 hoc
917 2511 980 2543 est,

285 2553 420 2584 tertiam
450 2559 580 2593 partem
605 2555 691 2586 aeris.
737 2555 861 2586 Locum
881 2556 979 2587 Luci-

283 2604 331 2637 lii,
346 2612 445 2643 quem
462 2613 526 2634 non
544 2604 681 2635 dubium
700 2611 752 2636 est
772 2606 825 2636 nic
848 2607 942 2637 ritari
961 2617 979 2637 a

285 2653 400 2693 Festo,
416 2654 646 2694 supplevimus
662 2664 702 2686 ex
719 2657 880 2687 Varrone,
913 2656 979 2687 An-

1023 1160 1132 1192 tonius
1149 1165 1202 1192 est
1219 1160 1341 1192 nobilis
1357 1159 1608 1192 Grammaticus
1632 1169 1719 1200 prae-

1022 1216 1141 1252 ceptor
1159 1212 1345 1248 Ciceronis,
1362 1211 1558 1251 cognomine
1575 1211 1719 1250 Cnipho,

959 1278 968 1288 .
1022 1260 1111 1301 quod
1135 1261 1295 1292 Graecum
1322 1266 1374 1292 est
1395 1259 1519 1299 κνίπων,
1540 1270 1606 1292 non
1632 1261 1720 1291 enim

1022 1309 1224 1349 intelligitur
1240 1310 1283 1341 de
1303 1310 1360 1341 illo
1384 1309 1548 1348 Antonio,
1564 1309 1620 1350 qui
1645 1310 1721 1340 mis-

1024 1360 1094 1391 cuit
1117 1360 1243 1392 ferrum
1269 1366 1433 1402 argenteo
1457 1361 1610 1400 denario,
1632 1360 1720 1401 quod

1023 1410 1123 1441 video
1134 1411 1305 1451 placuisse
1318 1411 1523 1442 doctissimis
1540 1411 1639 1441 viris:
1661 1410 1722 1441 nisi

1025 1471 1085 1502 pro
1102 1461 1259 1493 Antonius
1279 1462 1433 1493 malimus
1450 1462 1610 1502 Artorius,
1633 1461 1722 1502 quod

1024 1512 1122 1542 valde
1141 1512 1264 1552 placet.
1308 1512 1480 1543 Praeclara
1502 1517 1554 1542 est
1570 1517 1605 1542 et
1621 1511 1724 1542 docta

1024 1562 1112 1593 illius
1128 1562 1190 1592 viri
1207 1563 1333 1602 opinio,
1350 1562 1439 1603 apud
1450 1562 1610 1600 Veteres,
1623 1562 1724 1592 etiam

1025 1611 1170 1642 nondum
1200 1612 1333 1652 signato
1358 1621 1439 1651 aere,
1466 1616 1573 1642 ratem
1598 1610 1723 1651 signifi-

1025 1672 1120 1692 casse
1139 1662 1273 1692 tertiam
1293 1661 1481 1702 portionem
1505 1661 1580 1692 anis
1594 1672 1603 1690 2
1636 1660 1725 1690 unde

1027 1712 1058 1742 in
1076 1711 1208 1752 legibus
1228 1711 1350 1742 Numae
1368 1710 1456 1751 quod
1472 1711 1635 1750 seriptum
1653 1713 1727 1740 erat

1026 1771 1124 1791 unani
1157 1766 1278 1796 ratem,
1308 1760 1342 1791 id
1382 1759 1595 1800 significabat
1624 1769 1726 1789 unum

1027 1811 1206 1841 trientem:
1255 1810 1343 1850 ‹juod
1382 1810 1513 1841 scilicet
1547 1809 1727 1840 trientibus

1028 1860 1115 1891 ratio
1132 1865 1321 1900 putaretur,
1339 1865 1373 1891 ct
1398 1861 1536 1890 trientes
1557 1860 1728 1889 solveren-

1028 1915 1084 1941 tur
1102 1910 1222 1950 quibus
1240 1909 1404 1940 solvenda
1421 1919 1473 1939 res
1491 1914 1575 1938 erat.
1620 1908 1727 1948 Insig-

1028 1959 1079 1990 nis
1105 1969 1187 1989 sane
1214 1958 1269 1989 hie
1290 1963 1344 1989 est
1369 1959 1475 1997 locus,
1499 1967 1600 1998 quem
1627 1959 1668 1992 si,
1691 1963 1728 1988 ut

1028 2008 1123 2047 alios,
1140 2017 1205 2039 non
1225 2008 1342 2038 iisdem
1360 2008 1453 2039 Festi
1479 2008 1589 2038 verbis
1618 2008 1728 2038 reddi-

1029 2056 1150 2095 dimus,
1167 2063 1201 2087 at
1217 2057 1249 2087 id
1272 2057 1416 2088 sensisse
1442 2063 1614 2088 auctorem
1632 2067 1729 2088 nemo

1031 2110 1093 2140 est,
1110 2106 1182 2146 qui,
1199 2106 1225 2137 si
1243 2108 1345 2147 paulo
1367 2107 1491 2137 mentis
1515 2107 1629 2137 oculos
1646 2108 1731 2146 adji-

1030 2156 1111 2197 ciat,
1139 2157 1229 2187 clare
1256 2166 1294 2187 ac
1322 2157 1501 2197 perspicue
1528 2157 1559 2187 id
1588 2167 1728 2187 cernere

1030 2216 1095 2237 nou
1114 2207 1233 2247 possit.
1259 2208 1329 2238 Jos.
1347 2207 1431 2239 Scal.

1074 2258 1219 2288 Rutilum
1244 2257 1462 2297 quadrantem]
1494 2257 1634 2296 Optime
1653 2259 1729 2288 Sca-

1030 2307 1116 2346 liger
1141 2318 1201 2348 pro
1228 2308 1346 2347 Oppius
1362 2308 1508 2339 Aurelius
1527 2309 1661 2348 legebat
1688 2310 1729 2337 0-

1027 2358 1125 2398 ]›ilius
1149 2358 1308 2388 Aurelius.
1353 2358 1420 2388 Sed
1448 2359 1534 2389 male
1560 2360 1646 2389 idem
1672 2369 1730 2398 pro

1034 2407 1228 2447 Tarquitius,
1254 2408 1456 2447 Tarquinium
1478 2418 1581 2446 regem
1607 2409 1731 2438 subsu-

1033 2457 1173 2488 tuebat:
1210 2458 1299 2488 Nam
1322 2458 1375 2488 nic
1398 2464 1517 2498 aperte
1538 2459 1732 2499 'Tarquitium

1032 2508 1290 2548 grammaticum
1305 2510 1467 2539 nominari
1485 2510 1584 2540 fulcu·
1601 2510 1732 2541 faciunt

1034 2558 1179 2589 schedae.
1227 2559 1326 2591 Quod
1344 2566 1457 2590 antem
1474 2560 1516 2590 de
1541 2560 1731 2600 quadrante

1036 2609 1136 2639 ratito
1153 2619 1193 2639 ex
1210 2609 1386 2649 Tarquitio
1403 2616 1438 2641 et
1457 2611 1591 2641 Aurelio
1614 2611 1730 2641 Festus

1037 2657 1157 2697 refert,
1183 2659 1216 2689 id
1239 2660 1374 2690 omnino
1397 2659 1549 2692 firmatur
1575 2670 1614 2691 ex
1647 2661 1729 2690 Plin.
