1876 3025
485 183 633 213 SEX'I'I
671 181 873 213 POMPEII
907 181 1043 213 FES'I'I
1074 182 1176 216 LIB.
1209 182 1282 212 XI.

143 281 350 309 &emeritum
389 276 516 309 addere
553 277 677 317 vei-bix,
723 277 843 318 quibus

143 329 370 370 praeponitur,
386 333 424 359 ut
441 338 485 359 ex
510 329 572 368 his,
596 338 670 369 quae
699 329 769 359 illic
796 327 843 358 af-

143 379 226 419 fert,
255 379 422 420 exemplis
453 385 562 421 patet.
595 380 780 411 Brissouius
805 380 843 410 de

143 431 262 462 verbor.
275 431 412 473 signfflc.
426 431 503 463 libro
520 441 545 463 1.
567 432 576 449 ‘
590 430 827 464 Abnutinum.’

187 483 279 514 PAG.
295 485 368 514 327.
392 482 606 522 Industrium]
628 482 842 519 Indostruum,

143 532 326 573 legendum
340 537 394 564 est
415 532 617 564 endostrz‘um.
647 533 743 564 Idem
763 532 844 564 ibid.

145 581 279 614 ‘enda’

186 633 281 664 PAG.
297 634 371 664 333.
395 631 559 673 Insanum]
583 633 650 663 Pro
661 633 748 663 valde
758 643 847 672 mag-

142 693 216 715 ἠιιιη
227 694 236 712 .·
261 683 374 722 potius
388 682 594 722 scripserim,
606 682 749 714 insanum
760 693 847 722 mag-

144 745 218 766 num
235 744 295 774 pro
311 735 398 764 valde
418 743 576 772 magnum,
597 742 672 763 nam
696 733 848 773 respexit

146 786 233 816 hunc
253 783 366 814 Plauti
386 793 530 823 versum,
555 788 563 801 ‘
579 783 739 814 Insanum
757 793 849 823 mag-

147 845 225 866 num
243 834 361 865 molior
376 833 574 874 negotium?
612 834 739 874 Lipsius
757 834 849 874 Epis-

737 989 879 1036 LIB.

194 1105 286 1136 PAG.
312 1107 384 1136 347.
408 1105 506 1135 Lacus
531 1105 700 1146 Lucrinus]
727 1105 856 1136 Primus

150 1155 439 1193 locMursruemlus,
455 1156 503 1186 sic
514 1156 580 1186 illic
595 1156 775 1196 legendum
793 1161 856 1186 est.

152 1207 335 1237 Brissonius
361 1208 398 1237 de
422 1206 541 1237 verbor.
567 1206 703 1247 signific.
727 1205 782 1236 lib.
804 1214 854 1238 Vl.

151 1260 159 1272 ‘
173 1255 266 1287 frui!
287 1260 318 1287 et
333 1257 365 1287 in
380 1257 433 1287 lib.
448 1256 648 1294 deformati&

196 1307 289 1338 PAG.
318 1310 393 1338 353.
434 1306 589 1348 Lectosia]
633 1307 702 1337 Cur
732 1307 853 1337 Festus

154 1357 347 1389 Lectosiam
371 1357 514 1388 insulam
537 1357 579 1388 ab
605 1357 720 1388 AEneae
736 1366 855 1388 conso-

152 1408 251 1440 brina
281 1408 409 1439 ibidem
434 1408 567 1448 sepulta
595 1407 721 1439 dictam
752 1407 855 1439 fuisse

155 1459 216 1498 ait,
245 1468 320 1489 cum
352 1457 394 1489 de
421 1468 460 1488 eo
488 1458 571 1489 nihil
597 1462 711 1489 exstet
735 1468 754 1489 a
775 1467 854 1499 quo-

155 1519 269 1550 quam,
294 1509 383 1549 quod
417 1508 535 1544 sciam,
567 1507 760 1548 proditum?
793 1518 857 1540 nec

157 1572 239 1593 vero
277 1562 414 1602 placere
452 1565 568 1601 potest
607 1561 653 1598 id,
683 1561 773 1601 quod
801 1560 858 1591 alii

157 1613 341 1644 commenti
355 1611 527 1647 videntur,
538 1616 575 1642 ut
587 1611 768 1642 Leucosiam
781 1611 858 1642 sub-

159 1663 329 1693 stituant:
366 1663 530 1693 Leucosia
551 1662 639 1692 enim
658 1671 724 1692 non
743 1661 858 1692 AEneae

158 1713 377 1752 consobrina,
394 1723 509 1744 verum
527 1713 679 1744 Sirenum
696 1722 763 1743 una
784 1711 863 1751 fuit,

159 1774 236 1806 quae
252 1765 286 1795 in
311 1765 523 1805 Neptunium
552 1762 819 1804 promontorium
844 1773 863 1793 a

161 1816 248 1847 mari
265 1815 378 1856 ejecta
404 1815 580 1846 Leucosiae
606 1814 721 1844 insulae
739 1823 862 1844 nomen

161 1866 271 1905 dedit,
287 1865 381 1906 cujus
400 1865 449 1895 rei
468 1864 563 1895 testis
581 1869 633 1894 est
661 1863 865 1904 Lycophron

163 1915 355 1946 Cassandra
370 1927 376 1944 :
409 1915 524 1952 Ἀκτὴν
540 1913 573 1945 δὲ
594 1914 654 1951 τὴν
668 1914 865 1954 προῦχουσαν

162 1964 204 1996 εἷς
217 1964 358 1996 Ἐνιπέως
369 1963 527 1996 Λευκωσῖα
541 1965 674 2004 ῥιφεῖσα,
683 1964 742 2002 τὴν
754 1963 866 1994 ἐπώνυ-

163 2027 220 2055 μον
236 2014 357 2054 Πέτραν
369 2014 482 2054 ὀχήσει
494 2013 596 2055 δαρόν.
612 2015 750 2045 tandem
768 2024 864 2055 repe-

163 2066 192 2096 ri
218 2074 282 2096 non
300 2065 488 2102 Lectosiam,
508 2074 570 2095 nec
587 2064 779 2104 Leuc-osiam,
804 2064 864 2095 sed

165 2116 345 2147 Leucasiam
363 2114 487 2145 debere
510 2115 596 2144 hane
617 2115 760 2144 insulam
785 2114 864 2145 dici.

165 2166 207 2197 ld
225 2171 335 2197 autem
353 2174 413 2196 nos
433 2164 549 2195 docuit
565 2164 749 2205 Dionysius
767 2164 866 2195 Hali-

738 2320 880 2367 LIB.

216 2437 308 2467 PAG.
325 2439 399 2468 378.
424 2434 625 2474 Mamertini]
653 2435 697 2465 Ut
717 2434 744 2464 si
759 2435 870 2465 vellent

173 2497 207 2518 eo
222 2488 320 2518 mulo:
347 2487 436 2517 hune
459 2487 568 2516 locum
593 2485 803 2516 librariorum
823 2485 872 2515 in-

176 2539 269 2569 curia
292 2538 324 2568 in
351 2537 599 2576 Augustiniana
624 2535 774 2566 editione
800 2543 873 2566 cor-

176 2593 313 2628 ruptum
324 2587 481 2619 arbitror.
505 2588 577 2618 Pet.
589 2587 732 2617 Pithoeus
741 2587 872 2617 Advers.

176 2639 229 2669 lib.
243 2648 267 2669 1.
284 2648 350 2678 cap.
365 2641 396 2669 6.

222 2689 314 2719 ΡΑῦ.
331 2691 404 2719 382.
436 2686 611 2728 ΣΙΙαηαΙειη]
650 2688 725 2718 Orci
751 2687 873 2718 ostium.

179 2741 336 2774 Veteres,
362 2749 437 2771 cum
462 2739 586 2770 animas
610 2738 651 2770 ad
673 2737 798 2770 inferos
814 2737 873 2768 de-

265 2793 378 2833 Delplz.
394 2796 422 2824 et
441 2793 514 2824 Vur.
530 2793 612 2825 Clas.

801 2791 910 2831 Pomp.

1484 173 1596 215 1217

899 279 954 308 tol.
969 278 1030 312 Qu.
1046 287 1112 318 cap.
1128 280 1181 309 20.

939 328 1033 358 PAG.
1051 330 1127 359 338.
1169 326 1318 367 Jovz'seoe]
1339 326 1548 367 Compositum
1580 341 1599 360 a

895 378 974 409 Jove
995 381 1025 409 et
1045 378 1162 416 justoe:
1185 376 1406 417 ineptissimae
1437 379 1598 418 ineptiae:

897 428 1056 459 tentabat
1065 427 1313 468 Scaliger‚jous
1322 430 1385 458 esto
1397 438 1407 458 .·
1419 429 1476 459 sed
1494 428 1599 460 absis-

898 479 954 518 tii,
966 479 1043 519 quia
1053 478 1230 519 sequentia
1241 482 1387 519 arguunt
1398 479 1600 512 vanitatem:

901 529 1065 570 quidquid
1100 529 1193 560 verbi
1217 528 1293 568 fuit,
1321 529 1443 561 remoti
1473 530 1601 570 aliquid

901 579 979 611 fuit.
1024 581 1127 620 Lego,
1143 580 1260 620 Iosipse
1283 580 1482 620 compositum
1504 580 1542 611 ab
1556 581 1602 612 ios

903 634 932 661 et
955 631 1042 670 ipse.-
1067 630 1115 661 ita
1131 630 1219 661 enim
1245 630 1382 672 antique
1408 640 1468 671 pro
1491 631 1604 672 isipse:

905 691 1007 712 unum
1026 686 1148 712 testem
1164 681 1287 722 habeo,
1303 681 1360 712 sed
1383 681 1605 722 luculentum,

903 733 1029 772 glossas
1046 737 1179 762 veteres
1197 731 1239 762 ab
1256 731 1300 763 H.
1315 731 1509 772 Stephano:
1536 733 1602 764 Ios-

902 782 976 823 z‘pse‚
993 780 1095 813 αὐτός.
1112 782 1199 813 Idem
1220 781 1273 812 lib.
1290 790 1348 814 111.
1363 782 1454 822 epist.
1469 786 1521 815 20.

940 989 1017 1036 Χ.

911 1114 1002 1136 carn.
1033 1104 1129 1144 cujus
1160 1103 1232 1135 haec
1264 1108 1343 1135 sunt
1381 1104 1467 1135 libro
1498 1102 1608 1143 primo

912 1155 1036 1186 verba:
1055 1153 1161 1185 ἔπειτα
1171 1153 1254 1194 νήσῳ
1264 1153 1454 1196 προσέσχον,
1468 1150 1491 1195 ᾖ
1505 1155 1608 1184 τοῦνο-

909 1217 952 1243 μα
973 1204 1078 1236 ἔθεντο
1094 1204 1280 1244 Λευκασίαν,
1298 1205 1358 1236 ἀπὸ
1379 1204 1520 1244 ’γυναικὸς
1541 1205 1610 1235 ἆνε·

908 1257 980 1295 ilias
996 1255 1127 1295 Αἲνείου,
1143 1254 1212 1295 περὶ
1226 1254 1315 1286 τόνδε
1337 1255 1392 1286 τὸν
1415 1254 1514 1286 ’τόπον
1535 1255 1610 1285 ἀπο-

908 1305 1070 1344 θανούσης.
1096 1312 1200 1347 atque
1219 1306 1297 1337 hinc
1318 1307 1482 1345 Plinium,
1499 1310 1534 1337 et
1550 1306 1611 1336 So·

909 1358 1027 1397 linum,
1045 1357 1100 1388 ubi
1116 1357 1212 1398 hujus
1229 1357 1347 1388 insulae
1373 1358 1613 1395 meminerunt,

910 1408 1139 1439 emendandos
1168 1413 1262 1448 puto.
1308 1409 1463 1439 Canterus
1493 1408 1613 1438 Novar.

910 1459 978 1488 lect.
994 1457 1049 1489 lib.
1067 1466 1121 1489 nr.
1137 1467 1204 1497 cap.
1221 1460 1271 1488 10.

956 1508 1051 1540 PAG.
1079 1511 1153 1540 358.
1192 1507 1379 1547 Lingulaca]
1412 1508 1615 1547 Auguratrix

913 1559 975 1590 hoc
990 1558 1204 1590 emendaturi
1225 1559 1359 1600 quidam
1381 1563 1556 1590 mutarunt
1580 1560 1614 1589 in

911 1609 1224 1651 ga⁷·r2ila11·ix‚quod
1235 1610 1371 1641 verbum
1386 1611 1485 1650 plane
1495 1610 1616 1640 barba-

915 1671 985 1692 rum
1002 1667 1055 1691 est
1072 1666 1106 1691 et
1121 1661 1331 1692 inauditum:
1365 1662 1481 1702 itaque
1503 1661 1614 1692 malim

915 1712 1134 1747 substituere,
1150 1712 1358 1751 argutatrix:
1382 1722 1461 1743 usus
1481 1712 1615 1752 quidem

915 1762 1007 1792 vocis
1030 1765 1127 1792 extat
1151 1762 1185 1793 in
1211 1762 1347 1793 Casina.
1370 1762 1458 1793 Idem
1483 1761 1536 1792 zib.
1565 1771 1615 1792 iv.

914 1825 981 1853 cap.
998 1816 1052 1844 28.

959 1864 1053 1896 PAG.
1069 1867 1141 1895 360.
1167 1864 1259 1895 Locos
1273 1863 1391 1894 arboris
1400 1863 1514 1903 genus]
1534 1863 1618 1893 Rec-

917 1920 949 1946 te
967 1920 1083 1945 censet
1102 1915 1251 1944 Festus:
1286 1912 1417 1944 fatetur
1442 1913 1473 1943 in
1497 1917 1618 1954 quarto

919 1965 1102 1996 Athenaeus
1119 1975 1125 1992 :
1158 1964 1235 1994 inde
1251 1965 1332 1995 loton
1349 1973 1410 2004 pro
1426 1963 1553 2003 fistula,
1570 1965 1618 1995 uti

918 2013 1044 2044 buxum
1085 2024 1103 2044 a
1141 2014 1283 2050 Latinis,
1319 2013 1476 2053 usurpari
1510 2014 1619 2046 trade.

919 2063 1099 2104 Philippus
1115 2075 1122 2093 z
1155 2063 1277 2104 Ἵμερον
1306 2063 1491 2101 αὐλήσαντι,
1521 2069 1618 2095 πολυ-

918 2113 1040 2153 τρήτων
1056 2114 1104 2145 διὰ
1118 2116 1237 2146 λωτῶν.
1261 2114 1397 2145 Alcaeus
1412 2124 1420 2144 :
1437 2112 1537 2143 Λωτοὶ
1552 2115 1576 2144 δ’
1592 2114 1621 2144 οἷ

921 2163 1102 2205 κλάζοντες.
1127 2166 1282 2196 Brodaeus
1298 2165 1351 2196 lib.
1364 2174 1402 2195 ιι.
1418 2174 1484 2205 cap.
1500 2167 1553 2196 25.

940 2320 1045 2367 XI.

924 2433 1087 2466 scendere
1104 2443 1218 2465 omnes
1232 2437 1403 2474 putarent,
1416 2432 1528 2463 multis
1542 2432 1623 2463 locis

926 2494 1002 2515 esse
1027 2485 1150 2516 ostium
1181 2485 1263 2516 Orci
1290 2484 1466 2525 putabant,
1491 2488 1528 2514 ut
1557 2493 1624 2523 qua

927 2534 1095 2575 spiracula
1113 2539 1209 2566 erant
1234 2544 1306 2576 quae
1331 2533 1442 2565 odoris
1465 2532 1623 2564 foeditate

927 2590 963 2616 et
990 2586 1160 2625 gravitate
1187 2585 1332 2616 animam
1368 2584 1560 2615 adimebant
1588 2587 1624 2615 et

928 2635 1199 2676 extorquebant:
1238 2635 1287 2665 sic
1316 2634 1349 2664 in
1379 2633 1517 2664 Averno
1548 2634 1625 2664 lacu

928 2686 1050 2717 ostium
1075 2694 1147 2716 esse
1174 2684 1256 2716 Orci
1284 2683 1483 2720 credebant,
1512 2688 1549 2714 ut
1572 2689 1623 2714 est

928 2736 1018 2776 apud
1044 2736 1154 2768 Cicer.
1179 2735 1238 2766 lib.
1265 2743 1289 2766 1.
1312 2734 1580 2764 Tusculanarum
1606 2743 1624 2764 e

925 2791 955 2822 F
955 2794 1011 2821 est.
1461 2790 1478 2816 4
1504 2786 1537 2817 H
