1876 3025
318 161 380 191 DE
414 158 685 190 VERBORUM

144 258 271 298 Sarte
302 256 528 309 ponebant
556 267 636 309 pro
676 255 870 306 integre:

720 155 1127 187 SlGNlFIGATIONE
1162 155 1256 184 [AB.
1288 153 1416 184 XVII.

1512 143 1597 185 823

914 253 971 294 ob
1011 264 1145 306 quam
1184 262 1364 291 causam
1415 249 1595 304 [PAUL.

199 339 335 380 opera
373 325 569 379 publica,
612 337 712 378 quae
763 323 980 372 locantur,
1020 325 1068 362 ut
1116 320 1283 373 integra
1321 321 1595 373 praestentur,

201 398 323 435 sarta
344 397 462 435 tecta
481 396 698 435 vocantur
717 397 762 433 :¹³
800 391 962 433 etenim
991 389 1154 431 sarcire
1177 392 1248 429 est
1286 387 1500 440 integrum
1530 385 1595 425 fa-

199 475 311 503 Gere-

142 528 290 572 Sarte‘
317 531 360 571 in
383 528 660 583 auguralibus
692 543 771 583 pro
800 528 959 582 integro
988 527 1176 582 ponitur,
1196 537 1291 564 sane
1311 537 1397 563 sar·
1429 521 1595 576 [Fsss'r.

199 604 339 653 tequeg
358 598 509 640 audire
531 597 764 652 videreque,
783 595 832 636 ob
852 609 975 651 quam
993 608 1154 635 causam
1171 604 1304 647 opera
1324 589 1492 645 publica
1508 603 1596 644 quae

197 665 383 707 locantur
402 672 447 706 ut
468 666 636 719 integra
653 668 926 720 praestentur,
949 669 1063 703 sarta
1084 668 1185 703 tecta
1207 663 1428 709 vocantur,
1443 658 1594 700 etenim

195 734 345 775 sarcire
366 741 422 775 est
436 734 642 789 integrum
663 733 822 774 facere.

140 800 253 842 Sash
289 802 470 844 Verrius
491 805 618 856 putat
649 799 899 854 significare
933 811 1028 849 eas,
1053 802 1162 841 teste
1186 797 1341 846 Ennio,
1363 795 1442 850 qui
1472 794 1593 835 dicat

744 928 986 942 “NOOC‘ONO'

182 1012 221 1040 13
244 1009 325 1040 Vet.
343 1008 401 1039 lib.
418 1009 570 1039 locantur.

794 1093 936 1126 NOTAE

137 1161 212 1193 tro?
255 1161 392 1193 Servius
415 1161 551 1201 Tyriam
577 1170 761 1202 purpuram
787 1161 835 1191 in·-

136 1216 360 1253 terpretatur,
387 1212 475 1253 quod
498 1212 605 1251 'Pyros
623 1212 725 1243 Sarra
741 1211 835 1242 dicta

137 1264 194 1303 sit,
206 1273 223 1293 a
242 1263 334 1303 pisce
350 1263 410 1293 Sar
427 1263 615 1303 appellato.
651 1263 706 1294 Sic
717 1263 834 1294 Sarra-

134 1323 184 1344 nae
203 1313 294 1344 tibiae
320 1313 435 1352 dictae,
449 1313 504 1344 vel
528 1313 655 1353 Tyriae,
672 1312 724 1344 vel
745 1312 833 1343 Afri-

132 1373 241 1395 canae.
288 1364 420 1395 Probus
452 1364 595 1395 Ennium
629 1366 676 1396 ait
708 1364 834 1396 dixisse

134 1415 259 1446 Poenos
276 1415 379 1446 Sarra
402 1415 576 1455 oriundos,
593 1415 625 1446 id
650 1420 715 1455 est,
731 1416 833 1457 Tyro.

133 1466 212 1497 Ant.
227 1467 314 1505 Aug.

178 1516 293 1557 Sarra]
315 1516 415 1548 Sarra
429 1517 517 1557 prius
536 1518 649 1558 insula,
670 1528 738 1558 quae
754 1528 833 1549 nunc

133 1567 249 1607 Epiros
264 1570 321 1599 est.
360 1567 415 1598 lia
432 1568 532 1608 plane
546 1569 684 1609 scripsit
703 1569 832 1600 Festus.

132 1618 323 1658 Significat,
354 1620 445 1660 prins
477 1621 587 1651 insula
616 1630 692 1652 cum
731 1626 834 1660 esset,

132 1676 252 1710 postea
268 1680 342 1701 cum
367 1670 410 1701 ab
436 1671 634 1702 Alexandro
658 1671 832 1703 obsidere-

133 1726 197 1755 tur,
235 1721 432 1760 ὴπειρῶσθαι.
480 1722 573 1753 Nota
611 1732 649 1753 ae
685 1722 831 1753 celebris

131 1771 283 1803 historia.
352 1771 485 1802 Nomen
523 1773 586 1803 hoc
624 1773 831 1813 incognitum

131 1821 196 1854 fuit
213 1823 362 1855 Graecis:
388 1833 477 1859 nam,
493 1828 530 1854 nt
545 1824 621 1864 Syri
639 1824 715 1865 ipsi,
733 1834 830 1855 voca-

132 1874 213 1905 bant
228 1875 365 1913 Tyron:
391 1879 426 1905 at
442 1874 620 1905 Phoenices
643 1875 830 1916 antiquitus

130 1924 192 1956 Sor
207 1924 380 1956 dicebant.
417 1925 542 1956 Eorum
559 1925 669 1956 coloni
687 1925 828 1956 Carma-

129 1975 312 2017 ginienses,
329 1975 448 2006 eadem
467 1976 583 2016 lingua
599 1982 747 2013 utentes,
765 1976 828 2008 Sar

129 2033 302 2059 vocarunt.
340 2027 395 2058 Ab
412 2027 477 2058 illis
494 2027 689 2059 didicerunt
708 2028 829 2059 Roma-

127 2079 174 2110 ni.
197 2078 297 2110 Unde
314 2078 440 2110 Ennius
458 2079 581 2110 Poenos
597 2079 700 2111 Sarra
718 2080 829 2111 oriun-

127 2130 188 2160 dos
218 2129 318 2168 dixit,
339 2128 403 2160 hoc
430 2135 494 2168 est,
518 2129 620 2170 Tyro.
665 2129 826 2162 Obsoles.

128 2186 230 2212 cente
246 2180 463 2220 Hebraismo‚
478 2181 568 2222 quod
582 2180 693 2213 fuerat
707 2181 829 2214 idioma

127 2231 342 2268 Phoenicum,
359 2231 447 2272 Syri,
472 2241 533 2272 pro
556 2233 628 2272 Sor,
648 2233 716 2263 Tur
732 2233 827 2265 dixe-

128 2289 226 2316 runt:
241 2285 385 2325 primum
399 2285 477 2326 quia
488 2284 576 2315 Sade
589 2290 623 2316 et
637 2285 694 2316 Sin
709 2285 826 2317 literas

128 2340 263 2366 mutant
278 2337 311 2367 in
327 2336 418 2367 Tau:
437 2335 572 2372 deinde,
587 2337 664 2377 quia
678 2337 741 2377 ipsi
758 2348 826 2368 non

127 2390 267 2416 utuntur
281 2387 325 2422 Ο,
340 2386 399 2417 sed
415 2397 474 2427 pro
491 2397 544 2427 ea,
556 2387 600 2428 U,
612 2388 723 2419 solent
734 2398 826 2419 usur-

126 2445 220 2477 pare.
267 2438 334 2470 Qui
365 2438 499 2479 utrique
532 2438 655 2478 linguae
685 2449 824 2480 operam

127 2487 307 2528 dederunt,
338 2490 449 2520 sciunt
485 2499 538 2520 me
575 2499 689 2521 verum
720 2490 824 2532 loqui.

123 2540 192 2570 Jos.
209 2538 292 2570 Scal.

171 2587 183 2607 f
201 2588 310 2629 Sarte]
334 2589 464 2621 Charis.
490 2591 549 2622 lib.
573 2601 611 2623 11.
633 2592 824 2634 Porpliyrio

125 2651 168 2672 ex
185 2641 318 2680 Verrio,
333 2646 369 2673 et
393 2642 508 2682 Festo,
530 2643 570 2674 In
592 2645 823 2685 auguralibus,

125 2693 247 2734 inquit,
261 2692 356 2723 libris
371 2693 419 2725 ita
432 2697 502 2725 est:
519 2694 527 2710 ‘
538 2704 628 2729 sane,
643 2696 824 2738 sarteque.'

124 2744 203 2775 Ant.
224 2745 310 2783 Aug.

931 1159 1043 1200 Sarte]
1068 1160 1167 1191 sarta
1185 1164 1278 1191 tecta
1298 1158 1432 1190 Graecis
1449 1158 1589 1189 oratori-

887 1214 960 1253 bus,
973 1218 1008 1244 et
1023 1212 1097 1243 aliis
1113 1212 1244 1243 dictum
1258 1208 1426 1242 ἐπισκευαῖ.
1445 1215 1479 1240 at
1493 1208 1590 1241 Glos-

887 1264 955 1295 sis:
990 1262 1175 1303 ὑποῤῥαφαί.
1203 1262 1283 1303 quia
1323 1266 1359 1293 et
1384 1260 1502 1292 sarcire
1537 1266 1591 1292 est

886 1313 1026 1355 ῥάπτειν.
1072 1315 1112 1345 In
1130 1314 1302 1345 locatione
1320 1322 1459 1353 operum
1477 1311 1589 1353 publi-

886 1376 1014 1406 corum,
1052 1376 1127 1407 quae
1165 1364 1272 1395 fiebat
1307 1364 1383 1404 lege
1416 1363 1591 1402 Censoria,

886 1424 1015 1449 certum
1045 1422 1099 1448 est
1127 1416 1278 1447 additum
1306 1415 1428 1446 fnisse:
1464 1423 1589 1446 PonTr-

885 1478 975 1502 cum.
993 1478 1147 1500 SARTAM.
1159 1475 1318 1500 ΤΕΟΤΑΜ.
1332 1475 1505 1498 PRODmT.
1519 1467 1589 1498 Jos.

885 1520 971 1552 Scal.

928 1577 943 1598 g
968 1571 1052 1601 Sane
1067 1568 1226 1610 sorteque]
1257 1568 1371 1600 Verba
1389 1578 1427 1600 ex
1448 1578 1590 1609 augura-

886 1622 972 1654 libus
986 1623 1154 1653 desnmta.
1182 1622 1263 1652 Duc.

928 1672 942 1693 ¹¹
964 1672 1040 1713 Sos]
1077 1672 1176 1703 Ennii
1195 1680 1310 1702 versus
1333 1670 1391 1701 lib.
1410 1679 1474 1701 vn.
1495 1679 1587 1700 men-

885 1723 958 1754 dosi
975 1729 1066 1759 sunt,
1084 1721 1238 1763 quamvis
1256 1731 1275 1752 a
1292 1721 1401 1752 Paulo
1418 1730 1482 1752 non
1499 1721 1587 1751 male

885 1773 1089 1805 referantur.
1116 1775 1194 1804 Ant.
1211 1774 1295 1812 Aug.

927 1825 1004 1866 Sus]
1028 1825 1152 1857 Graece
1168 1824 1238 1861 σάς,
1256 1831 1293 1856 ut
1308 1826 1317 1843 ‘
1332 1823 1410 1862 sos‚'
1430 1825 1438 1841 ‘
1450 1824 1551 1861 suos‚’
1567 1834 1586 1854 a

883 1878 1014 1909 Dorico
1039 1877 1111 1913 σὼς,
1134 1875 1218 1908 σούς.
1265 1876 1352 1907 Vide
1380 1875 1483 1907 ‘s0s.'
1528 1876 1585 1906 Sic

882 1930 892 1946 ‘
907 1938 944 1960 so
957 1928 964 1941 '
982 1938 1041 1969 pro
1064 1927 1170 1967 ι5ιιο,’
1192 1931 1201 1945 ‘
1214 1937 1251 1958 sa
1264 1926 1272 1939 ’
1299 1937 1359 1967 pro
1375 1926 1476 1966 ‘sua,'
1500 1927 1562 1958 ‘sis
1578 1926 1585 1937 '

884 1989 945 2021 pro
961 1980 970 1996 ‘
983 1979 1075 2014 snis,’
1090 1982 1153 2010 &c-
1180 1980 1262 2010 Dac-

925 2030 1000 2071 Sus]
1037 2030 1159 2060 Versus
1182 2029 1284 2061 Ennii
1301 2029 1585 2070 elegantissimos,

882 2081 1020 2122 rejectis
1039 2081 1103 2112 illis
1121 2081 1244 2121 spuriis
1266 2081 1490 2121 glossematis,
1507 2091 1582 2122 quae

882 2132 916 2163 in
947 2131 1096 2163 medinm
1120 2133 1253 2163 illorum
1283 2138 1411 2163 temere
1439 2132 1568 2173 irrepse

881 2188 970 2222 rant,
988 2184 1036 2214 ita
1054 2182 1216 2224 legendos
1233 2183 1390 2214 curabis:
1415 2183 1484 2213 Nec
1499 2183 1583 2223 quis-

879 2244 969 2275 quam
983 2234 1136 2274 sophiam,
1151 2234 1304 2275 sapz'entia
1315 2244 1381 2274 quae
1392 2234 1584 2274 perhibetur,

880 2285 919 2316 ln
935 2286 1049 2316 somnis
1065 2286 1144 2316 vidit
1163 2285 1266 2325 prius,
1282 2294 1373 2325 quam
1387 2294 1452 2315 sam
1467 2284 1582 2316 discere

877 2336 979 2377 caepit.
1029 2336 1115 2366 Nam
1148 2336 1290 2366 Romani
1326 2335 1476 2374 ignotum
1510 2344 1582 2365 ver—

880 2388 958 2419 bum
985 2387 1076 2428 plebi
1103 2387 1241 2427 sophiam
1264 2387 1420 2417 solebant
1445 2396 1581 2427 semper

879 2440 1002 2471 Latine
1027 2439 1185 2471 reddere.
1232 2438 1396 2470 Afranius
1418 2439 1450 2469 in
1468 2439 1578 2469 Sellae

880 2493 889 2508 ‘
902 2492 990 2522 Usus
1008 2501 1061 2522 me
1078 2492 1208 2532 genuit,
1225 2496 1333 2522 mater
1358 2491 1493 2532 peperit
1510 2501 1579 2522 me-

878 2543 995 2574 moria.
1040 2542 1197 2583 Sophiam
1224 2547 1347 2573 vocant
1369 2552 1423 2573 me
1440 2543 1578 2573 Graeci:

879 2604 936 2624 vos
953 2593 1185 2634 Sapientiam!
1233 2593 1361 2624 Ennius
1378 2594 1449 2624 sine
1473 2593 1576 2624 dubio

879 2646 1005 2676 extulit
1028 2646 1089 2676 lios
1116 2654 1242 2684 versus,
1257 2654 1332 2676 cum
1362 2645 1449 2674 visus
1474 2645 1576 2675 estin

879 2695 1004 2726 somnis
1031 2696 1093 2727 sibi
1120 2696 1239 2726 adesse
1271 2695 1438 2726 Homerus
1462 2694 1578 2735 poeta.

878 2747 1015 2788 Neque,
1031 2747 1150 2787 inquit,
1166 2746 1342 2787 quisquam
1369 2746 1514 2777 somniat
1540 2755 1575 2776 se
