<?xml version="1.0" encoding="UTF-8"?>
<!DOCTYPE html PUBLIC "-//W3C//DTD XHTML 1.0 Transitional//EN"
    "http://www.w3.org/TR/xhtml1/DTD/xhtml1-transitional.dtd">
<html xmlns="http://www.w3.org/1999/xhtml" xml:lang="en" lang="en">
 <head>
  <title>
</title>
<meta http-equiv="Content-Type" content="text/html;charset=utf-8" />
  <meta name='ocr-system' content='tesseract 3.04.00' />
  <meta name='ocr-capabilities' content='ocr_page ocr_carea ocr_par ocr_line ocrx_word'/>
</head>
<body>
  <div class='ocr_page' id='page_1' title='image "./mverriiflacciqua02verruoft/mverriiflacciqua02verruoft_0538.png"; bbox 0 0 1876 3025; ppageno 0'>
   <div class='ocr_carea' id='block_1_1' title="bbox 1124 2 1131 21">
    <p class='ocr_par' dir='ltr' id='par_1_1' title="bbox 1124 2 1131 21">
     <span class='ocr_line' id='line_1_1' title="bbox 1124 2 1131 21; baseline 0 0"><span class='ocrx_word' id='word_1_1' title='bbox 1124 2 1131 21; x_wconf 74' lang='lat' dir='ltr'>l</span> 
     </span>
    </p>
   </div>
   <div class='ocr_carea' id='block_1_2' title="bbox 269 127 1260 169">
    <p class='ocr_par' dir='ltr' id='par_1_2' title="bbox 269 127 1260 169">
     <span class='ocr_line' id='line_1_2' title="bbox 269 127 1260 169; baseline -0.005 -2"><span class='ocrx_word' id='word_1_2' title='bbox 269 127 381 169; x_wconf 80' lang='lat'>1166</span> <span class='ocrx_word' id='word_1_3' title='bbox 698 135 847 166; x_wconf 71' lang='lat' dir='ltr'>snx‘ri</span> <span class='ocrx_word' id='word_1_4' title='bbox 885 134 1087 164; x_wconf 84' lang='lat' dir='ltr'>POMPElI</span> <span class='ocrx_word' id='word_1_5' title='bbox 1123 133 1260 163; x_wconf 69' lang='lat' dir='ltr'>pnsrr</span> 
     </span>
    </p>
   </div>
   <div class='ocr_carea' id='block_1_3' title="bbox 270 226 1720 417">
    <p class='ocr_par' dir='ltr' id='par_1_3' title="bbox 270 226 1720 417">
     <span class='ocr_line' id='line_1_3' title="bbox 270 226 1715 273; baseline -0.003 0"><span class='ocrx_word' id='word_1_6' title='bbox 270 233 421 273; x_wconf 74' lang='lat' dir='ltr'>vinum</span> <span class='ocrx_word' id='word_1_7' title='bbox 444 232 576 273; x_wconf 70' lang='grc' dir='ltr'>,ςοΙίιο</span> <span class='ocrx_word' id='word_1_8' title='bbox 598 231 819 273; x_wconf 79' lang='lat' dir='ltr'>condilum</span> <span class='ocrx_word' id='word_1_9' title='bbox 842 236 935 269; x_wconf 79' lang='lat' dir='ltr'>aute</span> <span class='ocrx_word' id='word_1_10' title='bbox 955 227 1162 268; x_wconf 74' lang='lat' dir='ltr'><strong><em>meridiem</em></strong></span> <span class='ocrx_word' id='word_1_11' title='bbox 1183 228 1492 268; x_wconf 82' lang='lat' dir='ltr'>obsorbebant.</span> <span class='ocrx_word' id='word_1_12' title='bbox 1553 226 1715 268; x_wconf 84' lang='lat' dir='ltr'>Suffra-</span> 
     </span>
     <span class='ocr_line' id='line_1_4' title="bbox 273 295 1717 351; baseline -0.006 -10"><span class='ocrx_word' id='word_1_13' title='bbox 273 304 437 351; x_wconf 75' lang='lat' dir='ltr'>gatores</span> <span class='ocrx_word' id='word_1_14' title='bbox 451 305 468 321; x_wconf 76' lang='lat'>¹¹</span> <span class='ocrx_word' id='word_1_15' title='bbox 491 298 726 339; x_wconf 75' lang='lat' dir='ltr'><em>dicebantur</em></span> <span class='ocrx_word' id='word_1_16' title='bbox 755 295 866 350; x_wconf 78' lang='lat' dir='ltr'>apud</span> <span class='ocrx_word' id='word_1_17' title='bbox 892 296 1084 350; x_wconf 84' lang='lat' dir='ltr'>majores</span> <span class='ocrx_word' id='word_1_18' title='bbox 1113 295 1159 335; x_wconf 89' lang='lat' dir='ltr'>hi</span> <span class='ocrx_word' id='word_1_19' title='bbox 1179 295 1253 348; x_wconf 88' lang='lat' dir='ltr'>qui</span> <span class='ocrx_word' id='word_1_20' title='bbox 1274 296 1405 347; x_wconf 87' lang='lat' dir='ltr'>vulgo</span> <span class='ocrx_word' id='word_1_21' title='bbox 1427 296 1472 335; x_wconf 87' lang='lat' dir='ltr'>in</span> <span class='ocrx_word' id='word_1_22' title='bbox 1492 307 1577 335; x_wconf 91' lang='lat' dir='ltr'>usu</span> <span class='ocrx_word' id='word_1_23' title='bbox 1601 300 1717 334; x_wconf 79' lang='lat' dir='ltr'>erant</span> 
     </span>
     <span class='ocr_line' id='line_1_5' title="bbox 273 358 1720 417; baseline -0.005 -11"><span class='ocrx_word' id='word_1_24' title='bbox 273 366 527 408; x_wconf 79' lang='lat' dir='ltr'>candidatis:</span> <span class='ocrx_word' id='word_1_25' title='bbox 557 380 652 406; x_wconf 79' lang='lat' dir='ltr'>nam</span> <span class='ocrx_word' id='word_1_26' title='bbox 668 371 712 403; x_wconf 79' lang='lat' dir='ltr'>ut</span> <span class='ocrx_word' id='word_1_27' title='bbox 731 363 877 405; x_wconf 79' lang='lat' dir='ltr'>melius</span> <span class='ocrx_word' id='word_1_28' title='bbox 895 366 1156 417; x_wconf 83' lang='lat' dir='ltr'>apparerent</span> <span class='ocrx_word' id='word_1_29' title='bbox 1164 363 1320 417; x_wconf 85' lang='lat' dir='ltr'>juncta</span> <span class='ocrx_word' id='word_1_30' title='bbox 1335 361 1549 416; x_wconf 76' lang='lat' dir='ltr'>suffragia,</span> <span class='ocrx_word' id='word_1_31' title='bbox 1570 358 1720 414; x_wconf 76' lang='lat' dir='ltr'>suffra-</span> 
     </span>
    </p>
   </div>
   <div class='ocr_carea' id='block_1_4' title="bbox 270 429 1722 541">
    <p class='ocr_par' dir='ltr' id='par_1_4' title="bbox 270 429 1722 541">
     <span class='ocr_line' id='line_1_6' title="bbox 270 429 1720 488; baseline -0.005 -14"><span class='ocrx_word' id='word_1_32' title='bbox 270 440 394 488; x_wconf 74' lang='lat' dir='ltr'>gator</span> <span class='ocrx_word' id='word_1_33' title='bbox 434 447 563 486; x_wconf 89' lang='lat' dir='ltr'>quem</span> <span class='ocrx_word' id='word_1_34' title='bbox 603 433 750 486; x_wconf 85' lang='lat' dir='ltr'>quisq.</span> <span class='ocrx_word' id='word_1_35' title='bbox 791 431 885 471; x_wconf 87' lang='lat' dir='ltr'>fieri</span> <span class='ocrx_word' id='word_1_36' title='bbox 921 429 1065 479; x_wconf 84' lang='lat' dir='ltr'>vellet,</span> <span class='ocrx_word' id='word_1_37' title='bbox 1105 431 1289 470; x_wconf 81' lang='lat' dir='ltr'>notabat</span> <span class='ocrx_word' id='word_1_38' title='bbox 1328 429 1510 482; x_wconf 81' lang='lat' dir='ltr'>apposito</span> <span class='ocrx_word' id='word_1_39' title='bbox 1542 431 1720 481; x_wconf 76' lang='lat' dir='ltr'>puncto,</span> 
     </span>
     <span class='ocr_line' id='line_1_7' title="bbox 273 495 1722 541; baseline -0.006 0"><span class='ocrx_word' id='word_1_40' title='bbox 273 501 446 541; x_wconf 86' lang='lat' dir='ltr'>scribtis</span> <span class='ocrx_word' id='word_1_41' title='bbox 477 499 808 541; x_wconf 81' lang='lat' dir='ltr'>candidatorum</span> <span class='ocrx_word' id='word_1_42' title='bbox 840 498 1059 539; x_wconf 88' lang='lat' dir='ltr'>hominum</span> <span class='ocrx_word' id='word_1_43' title='bbox 1087 496 1281 538; x_wconf 71' lang='lat' dir='ltr'>nominib.</span> <span class='ocrx_word' id='word_1_44' title='bbox 1322 496 1465 537; x_wconf 82' lang='lat' dir='ltr'>Varro</span> <span class='ocrx_word' id='word_1_45' title='bbox 1491 497 1533 536; x_wconf 88' lang='lat' dir='ltr'>in</span> <span class='ocrx_word' id='word_1_46' title='bbox 1556 495 1608 535; x_wconf 90' lang='lat' dir='ltr'>L.</span> <span class='ocrx_word' id='word_1_47' title='bbox 1632 505 1722 533; x_wconf 78' lang='lat' dir='ltr'>vlt.</span> 
     </span>
    </p>
   </div>
   <div class='ocr_carea' id='block_1_5' title="bbox 272 562 1727 821">
    <p class='ocr_par' dir='ltr' id='par_1_5' title="bbox 272 562 1727 821">
     <span class='ocr_line' id='line_1_8' title="bbox 272 562 1717 618; baseline -0.004 -10"><span class='ocrx_word' id='word_1_48' title='bbox 272 581 413 608; x_wconf 83' lang='lat' dir='ltr'>rerum</span> <span class='ocrx_word' id='word_1_49' title='bbox 433 569 715 608; x_wconf 83' lang='lat' dir='ltr'>humanarum</span> <span class='ocrx_word' id='word_1_50' title='bbox 747 566 818 607; x_wconf 76' lang='lat' dir='ltr'>hoc</span> <span class='ocrx_word' id='word_1_51' title='bbox 842 565 987 606; x_wconf 74' lang='lat' dir='ltr'>tradit.</span> <span class='ocrx_word' id='word_1_52' title='bbox 1047 565 1232 618; x_wconf 84' lang='lat' dir='ltr'>Struppi</span> <span class='ocrx_word' id='word_1_53' title='bbox 1246 570 1263 586; x_wconf 56' lang='grc' dir='ltr'>Χ</span> <span class='ocrx_word' id='word_1_54' title='bbox 1283 567 1491 606; x_wconf 84' lang='lat' dir='ltr'>vocantur</span> <span class='ocrx_word' id='word_1_55' title='bbox 1512 563 1553 603; x_wconf 92' lang='lat' dir='ltr'>in</span> <span class='ocrx_word' id='word_1_56' title='bbox 1573 562 1717 615; x_wconf 89' lang='lat' dir='ltr'>pulvi-</span> 
     </span>
     <span class='ocr_line' id='line_1_9' title="bbox 273 628 1727 689; baseline -0.005 -14"><span class='ocrx_word' id='word_1_57' title='bbox 273 633 622 689; x_wconf 72' lang='lat' dir='ltr'>narib.fasciculi</span> <span class='ocrx_word' id='word_1_58' title='bbox 648 634 771 688; x_wconf 82' lang='lat'>[155]</span> <span class='ocrx_word' id='word_1_59' title='bbox 791 633 838 674; x_wconf 83' lang='lat' dir='ltr'>de</span> <span class='ocrx_word' id='word_1_60' title='bbox 858 630 1177 684; x_wconf 67' lang='lat' dir='ltr'>verbenisfacti,</span> <span class='ocrx_word' id='word_1_61' title='bbox 1199 631 1270 685; x_wconf 80' lang='lat' dir='ltr'>qui</span> <span class='ocrx_word' id='word_1_62' title='bbox 1291 645 1371 684; x_wconf 80' lang='lat' dir='ltr'>pro</span> <span class='ocrx_word' id='word_1_63' title='bbox 1398 628 1581 669; x_wconf 80' lang='lat' dir='ltr'><em>Deorum</em></span> <span class='ocrx_word' id='word_1_64' title='bbox 1602 629 1727 681; x_wconf 85' lang='lat' dir='ltr'>capi-</span> 
     </span>
     <span class='ocr_line' id='line_1_10' title="bbox 274 695 1725 754; baseline -0.005 -12"><span class='ocrx_word' id='word_1_65' title='bbox 274 701 354 742; x_wconf 79' lang='lat' dir='ltr'>tib.</span> <span class='ocrx_word' id='word_1_66' title='bbox 378 706 606 754; x_wconf 75' lang='lat' dir='ltr'>ponuntur,</span> <span class='ocrx_word' id='word_1_67' title='bbox 670 700 701 740; x_wconf 84' lang='lat' dir='ltr'><strong><em>S</em></strong></span> <span class='ocrx_word' id='word_1_68' title='bbox 977 730 987 739; x_wconf 88' lang='lat'><strong>.</strong></span> <span class='ocrx_word' id='word_1_69' title='bbox 1047 698 1161 752; x_wconf 79' lang='lat' dir='ltr'>apud</span> <span class='ocrx_word' id='word_1_70' title='bbox 1186 699 1335 738; x_wconf 74' lang='lat' dir='ltr'>urbem</span> <span class='ocrx_word' id='word_1_71' title='bbox 1364 697 1475 737; x_wconf 87' lang='lat' dir='ltr'>Calo</span> <span class='ocrx_word' id='word_1_72' title='bbox 1503 695 1725 736; x_wconf 81' lang='lat' dir='ltr'><strong>Antistius</strong></span> 
     </span>
     <span class='ocr_line' id='line_1_11' title="bbox 278 766 1157 821; baseline -0.001 -14"><span class='ocrx_word' id='word_1_73' title='bbox 278 766 416 808; x_wconf 78' lang='lat' dir='ltr'>Labeo</span> <span class='ocrx_word' id='word_1_74' title='bbox 436 767 515 808; x_wconf 70' lang='lat' dir='ltr'>dici</span> <span class='ocrx_word' id='word_1_75' title='bbox 528 769 590 808; x_wconf 83' lang='lat' dir='ltr'>ait</span> <span class='ocrx_word' id='word_1_76' title='bbox 610 769 906 821; x_wconf 79' lang='lat' dir='ltr'>magistratum</span> <span class='ocrx_word' id='word_1_77' title='bbox 930 767 1157 820; x_wconf 85' lang='lat' dir='ltr'>publicum</span> 
     </span>
    </p>
   </div>
   <div class='ocr_carea' id='block_1_6' title="bbox 277 830 1727 890">
    <p class='ocr_par' dir='ltr' id='par_1_6' title="bbox 277 830 1727 890">
     <span class='ocr_line' id='line_1_12' title="bbox 277 830 1727 890; baseline -0.004 -15"><span class='ocrx_word' id='word_1_78' title='bbox 277 835 583 890; x_wconf 66' lang='lat' dir='ltr'>Secespitamy</span> <span class='ocrx_word' id='word_1_79' title='bbox 604 850 703 877; x_wconf 83' lang='lat' dir='ltr'>esse</span> <span class='ocrx_word' id='word_1_80' title='bbox 732 835 946 876; x_wconf 78' lang='lat' dir='ltr'><strong>Antistius</strong></span> <span class='ocrx_word' id='word_1_81' title='bbox 974 832 1113 874; x_wconf 80' lang='lat' dir='ltr'><em>Labeo</em></span> <span class='ocrx_word' id='word_1_82' title='bbox 1135 833 1196 874; x_wconf 76' lang='lat' dir='ltr'>ait</span> <span class='ocrx_word' id='word_1_83' title='bbox 1229 832 1403 873; x_wconf 77' lang='lat' dir='ltr'>cultrum</span> <span class='ocrx_word' id='word_1_84' title='bbox 1411 830 1622 887; x_wconf 83' lang='lat' dir='ltr'>ferreum,</span> <span class='ocrx_word' id='word_1_85' title='bbox 1648 830 1727 870; x_wconf 86' lang='lat' dir='ltr'>ob·</span> 
     </span>
    </p>
   </div>
   <div class='ocr_carea' id='block_1_7' title="bbox 322 1052 499 1086">
    <p class='ocr_par' dir='ltr' id='par_1_7' title="bbox 322 1052 499 1086">
     <span class='ocr_line' id='line_1_13' title="bbox 322 1052 499 1086; baseline 0 -1"><span class='ocrx_word' id='word_1_86' title='bbox 322 1057 363 1085; x_wconf 90' lang='lat'>10</span> <span class='ocrx_word' id='word_1_87' title='bbox 387 1052 412 1086; x_wconf 87' lang='lat' dir='ltr'>f.</span> <span class='ocrx_word' id='word_1_88' title='bbox 436 1054 499 1086; x_wconf 81' lang='lat' dir='ltr'>sili.</span> 
     </span>
    </p>
   </div>
   <div class='ocr_carea' id='block_1_8' title="bbox 927 1138 1071 1170">
    <p class='ocr_par' dir='ltr' id='par_1_8' title="bbox 927 1138 1071 1170">
     <span class='ocr_line' id='line_1_14' title="bbox 927 1138 1071 1170; baseline -0.007 0"><span class='ocrx_word' id='word_1_89' title='bbox 927 1138 1071 1170; x_wconf 80' lang='lat' dir='ltr'>NOTAE</span> 
     </span>
    </p>
   </div>
   <div class='ocr_carea' id='block_1_9' title="bbox 280 1213 1001 2713">
    <p class='ocr_par' dir='ltr' id='par_1_9' title="bbox 280 1213 990 2008">
     <span class='ocr_line' id='line_1_15' title="bbox 324 1213 982 1256; baseline -0.003 -10"><span class='ocrx_word' id='word_1_90' title='bbox 324 1221 338 1236; x_wconf 77' lang='lat'>¹¹</span> <span class='ocrx_word' id='word_1_91' title='bbox 361 1213 612 1256; x_wconf 64' lang='lat' dir='ltr'>Suffragatores]</span> <span class='ocrx_word' id='word_1_92' title='bbox 658 1213 849 1254; x_wconf 79' lang='lat' dir='ltr'>Porpliyrio</span> <span class='ocrx_word' id='word_1_93' title='bbox 864 1214 896 1245; x_wconf 90' lang='lat' dir='ltr'>in</span> <span class='ocrx_word' id='word_1_94' title='bbox 912 1213 982 1244; x_wconf 89' lang='lat' dir='ltr'>Ho-</span> 
     </span>
     <span class='ocr_line' id='line_1_16' title="bbox 282 1264 982 1304; baseline -0.003 -8"><span class='ocrx_word' id='word_1_95' title='bbox 282 1267 359 1296; x_wconf 87' lang='lat' dir='ltr'>ratii</span> <span class='ocrx_word' id='word_1_96' title='bbox 400 1275 533 1296; x_wconf 88' lang='lat' dir='ltr'>versum</span> <span class='ocrx_word' id='word_1_97' title='bbox 575 1266 607 1295; x_wconf 91' lang='lat' dir='ltr'>in</span> <span class='ocrx_word' id='word_1_98' title='bbox 652 1264 813 1304; x_wconf 68' lang='lat' dir='ltr'>poetica:</span> <span class='ocrx_word' id='word_1_99' title='bbox 849 1266 982 1295; x_wconf 80' lang='lat' dir='ltr'>‘Omne</span> 
     </span>
     <span class='ocr_line' id='line_1_17' title="bbox 283 1313 983 1355; baseline -0.006 -9"><span class='ocrx_word' id='word_1_100' title='bbox 283 1317 361 1346; x_wconf 88' lang='lat' dir='ltr'>tulit</span> <span class='ocrx_word' id='word_1_101' title='bbox 392 1320 555 1355; x_wconf 89' lang='lat' dir='ltr'>punctum</span> <span class='ocrx_word' id='word_1_102' title='bbox 575 1314 598 1345; x_wconf 87' lang='lat'>:&#39;</span> <span class='ocrx_word' id='word_1_103' title='bbox 641 1318 649 1332; x_wconf 93' lang='lat'>‘</span> <span class='ocrx_word' id='word_1_104' title='bbox 669 1313 835 1354; x_wconf 84' lang='lat' dir='ltr'>Antiqui,’</span> <span class='ocrx_word' id='word_1_105' title='bbox 865 1314 983 1354; x_wconf 84' lang='lat' dir='ltr'>inquit,</span> 
     </span>
     <span class='ocr_line' id='line_1_18' title="bbox 280 1363 983 1405; baseline -0.004 -9"><span class='ocrx_word' id='word_1_106' title='bbox 280 1369 290 1383; x_wconf 87' lang='lat'>‘</span> <span class='ocrx_word' id='word_1_107' title='bbox 307 1365 465 1405; x_wconf 84' lang='lat' dir='ltr'>suffragia</span> <span class='ocrx_word' id='word_1_108' title='bbox 483 1375 548 1395; x_wconf 90' lang='lat' dir='ltr'>non</span> <span class='ocrx_word' id='word_1_109' title='bbox 563 1364 770 1403; x_wconf 79' lang='lat' dir='ltr'>scribebant,</span> <span class='ocrx_word' id='word_1_110' title='bbox 783 1363 841 1394; x_wconf 82' lang='lat' dir='ltr'>sed</span> <span class='ocrx_word' id='word_1_111' title='bbox 857 1369 983 1404; x_wconf 89' lang='lat' dir='ltr'>puncto</span> 
     </span>
     <span class='ocr_line' id='line_1_19' title="bbox 284 1414 985 1454; baseline -0.004 -8"><span class='ocrx_word' id='word_1_112' title='bbox 284 1414 476 1446; x_wconf 82' lang='lat' dir='ltr'>notabant.&#39;</span> <span class='ocrx_word' id='word_1_113' title='bbox 523 1415 617 1445; x_wconf 85' lang='lat' dir='ltr'>Idem</span> <span class='ocrx_word' id='word_1_114' title='bbox 644 1414 750 1445; x_wconf 80' lang='lat' dir='ltr'>refert</span> <span class='ocrx_word' id='word_1_115' title='bbox 774 1415 985 1454; x_wconf 77' lang='lat' dir='ltr'>epigramma</span> 
     </span>
     <span class='ocr_line' id='line_1_20' title="bbox 284 1461 984 1504; baseline -0.007 -8"><span class='ocrx_word' id='word_1_116' title='bbox 284 1465 405 1496; x_wconf 78' lang='lat' dir='ltr'>incerti</span> <span class='ocrx_word' id='word_1_117' title='bbox 437 1464 546 1504; x_wconf 67' lang='lat' dir='ltr'>poetae</span> <span class='ocrx_word' id='word_1_118' title='bbox 573 1463 616 1494; x_wconf 84' lang='lat' dir='ltr'>‹le</span> <span class='ocrx_word' id='word_1_119' title='bbox 648 1463 782 1503; x_wconf 83' lang='lat' dir='ltr'>punctis</span> <span class='ocrx_word' id='word_1_120' title='bbox 809 1461 984 1502; x_wconf 81' lang='lat' dir='ltr'>suffragio-</span> 
     </span>
     <span class='ocr_line' id='line_1_21' title="bbox 286 1513 985 1546; baseline -0.003 -1"><span class='ocrx_word' id='word_1_121' title='bbox 286 1525 380 1546; x_wconf 85' lang='lat' dir='ltr'><strong>rum:</strong></span> <span class='ocrx_word' id='word_1_122' title='bbox 404 1515 642 1545; x_wconf 77' lang='lat' dir='ltr'>‘Ciconiarum</span> <span class='ocrx_word' id='word_1_123' title='bbox 672 1513 779 1544; x_wconf 73' lang='lat' dir='ltr'>Rufus</span> <span class='ocrx_word' id='word_1_124' title='bbox 810 1513 875 1544; x_wconf 86' lang='lat' dir='ltr'>iste</span> <span class='ocrx_word' id='word_1_125' title='bbox 906 1523 985 1543; x_wconf 91' lang='lat' dir='ltr'>con-</span> 
     </span>
     <span class='ocr_line' id='line_1_22' title="bbox 286 1564 985 1604; baseline -0.007 -6"><span class='ocrx_word' id='word_1_126' title='bbox 286 1567 390 1604; x_wconf 84' lang='lat' dir='ltr'>ditor,</span> <span class='ocrx_word' id='word_1_127' title='bbox 407 1566 473 1597; x_wconf 90' lang='lat' dir='ltr'>Hic</span> <span class='ocrx_word' id='word_1_128' title='bbox 492 1570 543 1596; x_wconf 89' lang='lat' dir='ltr'>est</span> <span class='ocrx_word' id='word_1_129' title='bbox 560 1565 661 1595; x_wconf 85' lang='lat' dir='ltr'>duob.</span> <span class='ocrx_word' id='word_1_130' title='bbox 679 1565 866 1603; x_wconf 84' lang='lat' dir='ltr'>elegantior</span> <span class='ocrx_word' id='word_1_131' title='bbox 882 1564 985 1594; x_wconf 91' lang='lat' dir='ltr'>Plan·</span> 
     </span>
     <span class='ocr_line' id='line_1_23' title="bbox 287 1614 987 1656; baseline -0.006 -9"><span class='ocrx_word' id='word_1_132' title='bbox 287 1618 346 1656; x_wconf 81' lang='lat' dir='ltr'>cis,</span> <span class='ocrx_word' id='word_1_133' title='bbox 378 1614 612 1655; x_wconf 78' lang='lat' dir='ltr'>suffragiorum</span> <span class='ocrx_word' id='word_1_134' title='bbox 645 1620 773 1654; x_wconf 86' lang='lat' dir='ltr'>puncta</span> <span class='ocrx_word' id='word_1_135' title='bbox 804 1623 870 1643; x_wconf 88' lang='lat' dir='ltr'>non</span> <span class='ocrx_word' id='word_1_136' title='bbox 908 1614 987 1643; x_wconf 90' lang='lat' dir='ltr'>tulit</span> 
     </span>
     <span class='ocr_line' id='line_1_24' title="bbox 289 1662 985 1706; baseline -0.007 -9"><span class='ocrx_word' id='word_1_137' title='bbox 289 1665 445 1706; x_wconf 63' lang='lat' dir='ltr'>septem!</span> <span class='ocrx_word' id='word_1_138' title='bbox 490 1665 608 1695; x_wconf 85' lang='lat' dir='ltr'>Cicero</span> <span class='ocrx_word' id='word_1_139' title='bbox 641 1673 700 1703; x_wconf 87' lang='lat' dir='ltr'>pro</span> <span class='ocrx_word' id='word_1_140' title='bbox 732 1664 795 1694; x_wconf 89' lang='lat' dir='ltr'>Cn.</span> <span class='ocrx_word' id='word_1_141' title='bbox 824 1662 985 1693; x_wconf 87' lang='lat' dir='ltr'>Plancio:</span> 
     </span>
     <span class='ocr_line' id='line_1_25' title="bbox 289 1714 988 1756; baseline -0.007 -8"><span class='ocrx_word' id='word_1_142' title='bbox 289 1718 405 1748; x_wconf 88' lang='lat' dir='ltr'>‘Nam</span> <span class='ocrx_word' id='word_1_143' title='bbox 433 1715 521 1756; x_wconf 85' lang='lat' dir='ltr'>quod</span> <span class='ocrx_word' id='word_1_144' title='bbox 553 1719 694 1755; x_wconf 82' lang='lat' dir='ltr'>questus</span> <span class='ocrx_word' id='word_1_145' title='bbox 725 1718 778 1744; x_wconf 80' lang='lat' dir='ltr'>est</span> <span class='ocrx_word' id='word_1_146' title='bbox 810 1714 922 1753; x_wconf 77' lang='lat' dir='ltr'>plures</span> <span class='ocrx_word' id='word_1_147' title='bbox 954 1718 988 1743; x_wconf 83' lang='lat' dir='ltr'>te</span> 
     </span>
     <span class='ocr_line' id='line_1_26' title="bbox 290 1763 988 1804; baseline -0.009 -5"><span class='ocrx_word' id='word_1_148' title='bbox 290 1773 396 1799; x_wconf 85' lang='lat' dir='ltr'>testes</span> <span class='ocrx_word' id='word_1_149' title='bbox 423 1766 548 1796; x_wconf 72' lang='lat' dir='ltr'>habere</span> <span class='ocrx_word' id='word_1_150' title='bbox 575 1765 616 1794; x_wconf 87' lang='lat' dir='ltr'>de</span> <span class='ocrx_word' id='word_1_151' title='bbox 633 1763 798 1797; x_wconf 80' lang='lat' dir='ltr'>Voltinia,</span> <span class='ocrx_word' id='word_1_152' title='bbox 824 1772 922 1804; x_wconf 92' lang='lat' dir='ltr'>quam</span> <span class='ocrx_word' id='word_1_153' title='bbox 954 1763 988 1793; x_wconf 90' lang='lat' dir='ltr'>in</span> 
     </span>
     <span class='ocr_line' id='line_1_27' title="bbox 290 1812 990 1855; baseline -0.009 -8"><span class='ocrx_word' id='word_1_154' title='bbox 290 1827 331 1848; x_wconf 82' lang='lat' dir='ltr'>ea</span> <span class='ocrx_word' id='word_1_155' title='bbox 369 1816 456 1847; x_wconf 84' lang='lat' dir='ltr'>tribu</span> <span class='ocrx_word' id='word_1_156' title='bbox 497 1819 623 1855; x_wconf 90' lang='lat' dir='ltr'>puncta</span> <span class='ocrx_word' id='word_1_157' title='bbox 663 1813 798 1844; x_wconf 69' lang='lat' dir='ltr'>tuleris!</span> <span class='ocrx_word' id='word_1_158' title='bbox 854 1813 903 1843; x_wconf 84' lang='lat' dir='ltr'>Ex</span> <span class='ocrx_word' id='word_1_159' title='bbox 941 1812 990 1842; x_wconf 85' lang='lat' dir='ltr'>liis</span> 
     </span>
     <span class='ocr_line' id='line_1_28' title="bbox 290 1863 990 1903; baseline -0.009 -4"><span class='ocrx_word' id='word_1_160' title='bbox 290 1868 374 1899; x_wconf 86' lang='lat' dir='ltr'>locis</span> <span class='ocrx_word' id='word_1_161' title='bbox 407 1866 499 1898; x_wconf 83' lang='lat' dir='ltr'>Festi</span> <span class='ocrx_word' id='word_1_162' title='bbox 529 1865 748 1903; x_wconf 85' lang='lat' dir='ltr'>sententiam,</span> <span class='ocrx_word' id='word_1_163' title='bbox 777 1863 846 1894; x_wconf 82' lang='lat' dir='ltr'>sive</span> <span class='ocrx_word' id='word_1_164' title='bbox 878 1863 990 1902; x_wconf 86' lang='lat' dir='ltr'>potius</span> 
     </span>
     <span class='ocr_line' id='line_1_29' title="bbox 290 1914 990 1956; baseline -0.01 -6"><span class='ocrx_word' id='word_1_165' title='bbox 290 1918 467 1955; x_wconf 76' lang='lat' dir='ltr'>Varronis,</span> <span class='ocrx_word' id='word_1_166' title='bbox 489 1917 584 1956; x_wconf 85' lang='lat' dir='ltr'>cujus</span> <span class='ocrx_word' id='word_1_167' title='bbox 601 1915 703 1945; x_wconf 86' lang='lat' dir='ltr'>verba</span> <span class='ocrx_word' id='word_1_168' title='bbox 719 1914 893 1945; x_wconf 82' lang='lat' dir='ltr'>referebat</span> <span class='ocrx_word' id='word_1_169' title='bbox 910 1914 990 1944; x_wconf 85' lang='lat' dir='ltr'>Fes-</span> 
     </span>
     <span class='ocr_line' id='line_1_30' title="bbox 292 1965 735 2008; baseline -0.014 -7"><span class='ocrx_word' id='word_1_170' title='bbox 292 1975 359 2008; x_wconf 86' lang='lat' dir='ltr'>tus,</span> <span class='ocrx_word' id='word_1_171' title='bbox 377 1969 570 2007; x_wconf 86' lang='lat' dir='ltr'>intelligere</span> <span class='ocrx_word' id='word_1_172' title='bbox 594 1965 735 2005; x_wconf 86' lang='lat' dir='ltr'>poteris.</span> 
     </span>
    </p>

    <p class='ocr_par' dir='ltr' id='par_1_10' title="bbox 294 2015 992 2109">
     <span class='ocr_line' id='line_1_31' title="bbox 335 2015 992 2058; baseline -0.009 -8"><span class='ocrx_word' id='word_1_173' title='bbox 335 2024 350 2039; x_wconf 63' lang='lat'>³·</span> <span class='ocrx_word' id='word_1_174' title='bbox 375 2017 520 2058; x_wconf 77' lang='lat' dir='ltr'>Struppz&#39;]</span> <span class='ocrx_word' id='word_1_175' title='bbox 565 2016 653 2047; x_wconf 75' lang='lat' dir='ltr'>Vide</span> <span class='ocrx_word' id='word_1_176' title='bbox 670 2025 772 2056; x_wconf 86' lang='lat' dir='ltr'>supra</span> <span class='ocrx_word' id='word_1_177' title='bbox 788 2015 821 2046; x_wconf 88' lang='lat' dir='ltr'>in</span> <span class='ocrx_word' id='word_1_178' title='bbox 849 2021 856 2033; x_wconf 80' lang='lat'><em>¹</em></span> <span class='ocrx_word' id='word_1_179' title='bbox 874 2015 992 2055; x_wconf 86' lang='lat' dir='ltr'>Strop-</span> 
     </span>
     <span class='ocr_line' id='line_1_32' title="bbox 294 2068 379 2109; baseline 0.012 -11"><span class='ocrx_word' id='word_1_180' title='bbox 294 2068 379 2109; x_wconf 79' lang='lat' dir='ltr'>pns.’</span> 
     </span>
    </p>

    <p class='ocr_par' dir='ltr' id='par_1_11' title="bbox 296 2116 1001 2713">
     <span class='ocr_line' id='line_1_33' title="bbox 338 2116 992 2157; baseline -0.009 -7"><span class='ocrx_word' id='word_1_181' title='bbox 338 2124 350 2145; x_wconf 69' lang='grc' dir='ltr'><strong><em>Υ</em></strong></span> <span class='ocrx_word' id='word_1_182' title='bbox 374 2117 578 2157; x_wconf 79' lang='lat' dir='ltr'>Secespitam]</span> <span class='ocrx_word' id='word_1_183' title='bbox 634 2116 837 2151; x_wconf 80' lang='lat' dir='ltr'>sacrarium,</span> <span class='ocrx_word' id='word_1_184' title='bbox 867 2119 905 2145; x_wconf 88' lang='lat' dir='ltr'>ut</span> <span class='ocrx_word' id='word_1_185' title='bbox 934 2124 992 2154; x_wconf 88' lang='lat' dir='ltr'>ap-</span> 
     </span>
     <span class='ocr_line' id='line_1_34' title="bbox 296 2166 993 2210; baseline -0.009 -10"><span class='ocrx_word' id='word_1_186' title='bbox 296 2174 394 2210; x_wconf 86' lang='lat' dir='ltr'>paret</span> <span class='ocrx_word' id='word_1_187' title='bbox 410 2179 451 2200; x_wconf 83' lang='lat' dir='ltr'>ex</span> <span class='ocrx_word' id='word_1_188' title='bbox 470 2168 565 2199; x_wconf 80' lang='lat' dir='ltr'>Festi</span> <span class='ocrx_word' id='word_1_189' title='bbox 589 2167 751 2207; x_wconf 76' lang='lat' dir='ltr'>reliquiis,</span> <span class='ocrx_word' id='word_1_190' title='bbox 769 2166 884 2206; x_wconf 87' lang='lat' dir='ltr'>templi</span> <span class='ocrx_word' id='word_1_191' title='bbox 901 2167 993 2197; x_wconf 92' lang='lat' dir='ltr'>locus</span> 
     </span>
     <span class='ocr_line' id='line_1_35' title="bbox 296 2216 995 2256; baseline -0.009 -4"><span class='ocrx_word' id='word_1_192' title='bbox 296 2220 476 2252; x_wconf 80' lang='lat' dir='ltr'>dicebatur</span> <span class='ocrx_word' id='word_1_193' title='bbox 510 2218 686 2256; x_wconf 83' lang='lat' dir='ltr'>secretior,</span> <span class='ocrx_word' id='word_1_194' title='bbox 716 2222 753 2248; x_wconf 84' lang='lat' dir='ltr'>ut</span> <span class='ocrx_word' id='word_1_195' title='bbox 776 2217 927 2256; x_wconf 85' lang='lat' dir='ltr'>adytum,</span> <span class='ocrx_word' id='word_1_196' title='bbox 953 2216 995 2247; x_wconf 90' lang='lat' dir='ltr'>ad</span> 
     </span>
     <span class='ocr_line' id='line_1_36' title="bbox 297 2266 994 2313; baseline -0.01 -11"><span class='ocrx_word' id='word_1_197' title='bbox 297 2281 396 2313; x_wconf 84' lang='lat' dir='ltr'>quem</span> <span class='ocrx_word' id='word_1_198' title='bbox 413 2270 494 2301; x_wconf 90' lang='lat' dir='ltr'>nulli</span> <span class='ocrx_word' id='word_1_199' title='bbox 509 2274 583 2300; x_wconf 88' lang='lat' dir='ltr'>erat</span> <span class='ocrx_word' id='word_1_200' title='bbox 599 2268 723 2307; x_wconf 79' lang='lat' dir='ltr'>aditus,</span> <span class='ocrx_word' id='word_1_201' title='bbox 739 2268 802 2298; x_wconf 86' lang='lat' dir='ltr'>nisi</span> <span class='ocrx_word' id='word_1_202' title='bbox 817 2266 994 2297; x_wconf 84' lang='lat' dir='ltr'>sacerdoti.</span> 
     </span>
     <span class='ocr_line' id='line_1_37' title="bbox 299 2318 995 2352; baseline -0.009 0"><span class='ocrx_word' id='word_1_203' title='bbox 299 2322 397 2352; x_wconf 89' lang='lat' dir='ltr'>Serv.</span> <span class='ocrx_word' id='word_1_204' title='bbox 423 2320 481 2351; x_wconf 85' lang='lat' dir='ltr'>lib.</span> <span class='ocrx_word' id='word_1_205' title='bbox 498 2329 539 2350; x_wconf 88' lang='lat'>11.</span> <span class='ocrx_word' id='word_1_206' title='bbox 565 2319 640 2349; x_wconf 85' lang='lat' dir='ltr'>AEn.</span> <span class='ocrx_word' id='word_1_207' title='bbox 663 2318 718 2347; x_wconf 89' lang='lat' dir='ltr'>‘in</span> <span class='ocrx_word' id='word_1_208' title='bbox 747 2327 787 2348; x_wconf 93' lang='lat' dir='ltr'>eo</span> <span class='ocrx_word' id='word_1_209' title='bbox 812 2327 865 2347; x_wconf 84' lang='lat' dir='ltr'>res</span> <span class='ocrx_word' id='word_1_210' title='bbox 891 2325 995 2347; x_wconf 85' lang='lat' dir='ltr'>sacrae</span> 
     </span>
     <span class='ocr_line' id='line_1_38' title="bbox 300 2367 997 2411; baseline -0.009 -9"><span class='ocrx_word' id='word_1_211' title='bbox 300 2368 576 2411; x_wconf 66' lang='lat' dir='ltr'>reponebantur!</span> <span class='ocrx_word' id='word_1_212' title='bbox 620 2368 788 2408; x_wconf 85' lang='lat' dir='ltr'>Ulpianus</span> <span class='ocrx_word' id='word_1_213' title='bbox 806 2367 884 2407; x_wconf 86' lang='lat' dir='ltr'>Dig.</span> <span class='ocrx_word' id='word_1_214' title='bbox 919 2368 957 2398; x_wconf 90' lang='lat' dir='ltr'>L.</span> <span class='ocrx_word' id='word_1_215' title='bbox 973 2375 997 2396; x_wconf 86' lang='grc' dir='ltr'>ῐ.</span> 
     </span>
     <span class='ocr_line' id='line_1_39' title="bbox 298 2418 999 2459; baseline -0.006 -7"><span class='ocrx_word' id='word_1_216' title='bbox 298 2422 354 2454; x_wconf 78' lang='lat' dir='ltr'>tit.</span> <span class='ocrx_word' id='word_1_217' title='bbox 384 2424 415 2452; x_wconf 81' lang='lat'>8.</span> <span class='ocrx_word' id='word_1_218' title='bbox 471 2418 715 2457; x_wconf 82' lang='lat' dir='ltr'>‘Sacrarium,’</span> <span class='ocrx_word' id='word_1_219' title='bbox 756 2418 877 2459; x_wconf 89' lang='lat' dir='ltr'>inquit,</span> <span class='ocrx_word' id='word_1_220' title='bbox 920 2419 999 2448; x_wconf 84' lang='lat' dir='ltr'>‘est</span> 
     </span>
     <span class='ocr_line' id='line_1_40' title="bbox 299 2472 998 2511; baseline -0.006 -9"><span class='ocrx_word' id='word_1_221' title='bbox 299 2473 407 2511; x_wconf 84' lang='lat' dir='ltr'>locus,</span> <span class='ocrx_word' id='word_1_222' title='bbox 438 2472 470 2501; x_wconf 87' lang='lat' dir='ltr'>in</span> <span class='ocrx_word' id='word_1_223' title='bbox 498 2479 563 2511; x_wconf 86' lang='lat' dir='ltr'>qno</span> <span class='ocrx_word' id='word_1_224' title='bbox 596 2479 701 2500; x_wconf 82' lang='lat' dir='ltr'>sacrae</span> <span class='ocrx_word' id='word_1_225' title='bbox 731 2479 783 2500; x_wconf 91' lang='lat' dir='ltr'>res</span> <span class='ocrx_word' id='word_1_226' title='bbox 814 2473 998 2509; x_wconf 87' lang='lat' dir='ltr'>ponuntur,</span> 
     </span>
     <span class='ocr_line' id='line_1_41' title="bbox 302 2519 1001 2563; baseline -0.006 -11"><span class='ocrx_word' id='word_1_227' title='bbox 302 2522 392 2563; x_wconf 89' lang='lat' dir='ltr'>quod</span> <span class='ocrx_word' id='word_1_228' title='bbox 417 2521 517 2552; x_wconf 85' lang='lat' dir='ltr'>etiam</span> <span class='ocrx_word' id='word_1_229' title='bbox 543 2521 576 2550; x_wconf 87' lang='lat' dir='ltr'>in</span> <span class='ocrx_word' id='word_1_230' title='bbox 601 2519 743 2550; x_wconf 78' lang='lat' dir='ltr'>aedificio</span> <span class='ocrx_word' id='word_1_231' title='bbox 768 2519 902 2558; x_wconf 90' lang='lat' dir='ltr'>privato</span> <span class='ocrx_word' id='word_1_232' title='bbox 925 2527 1001 2548; x_wconf 85' lang='lat' dir='ltr'>esse</span> 
     </span>
     <span class='ocr_line' id='line_1_42' title="bbox 303 2567 998 2612; baseline -0.009 -9"><span class='ocrx_word' id='word_1_233' title='bbox 303 2576 439 2612; x_wconf 85' lang='lat' dir='ltr'>potest:</span> <span class='ocrx_word' id='word_1_234' title='bbox 465 2570 674 2610; x_wconf 68' lang='lat' dir='ltr'>saepiebatur</span> <span class='ocrx_word' id='word_1_235' title='bbox 686 2574 800 2599; x_wconf 86' lang='lat' dir='ltr'>autem</span> <span class='ocrx_word' id='word_1_236' title='bbox 817 2567 998 2598; x_wconf 85' lang='lat' dir='ltr'>sacrarium</span> 
     </span>
     <span class='ocr_line' id='line_1_43' title="bbox 304 2618 1000 2661; baseline -0.009 -8"><span class='ocrx_word' id='word_1_237' title='bbox 304 2621 487 2661; x_wconf 74' lang='lat' dir='ltr'>secespita,</span> <span class='ocrx_word' id='word_1_238' title='bbox 507 2620 569 2650; x_wconf 86' lang='lat' dir='ltr'>lioc</span> <span class='ocrx_word' id='word_1_239' title='bbox 596 2625 662 2657; x_wconf 88' lang='lat' dir='ltr'>est,</span> <span class='ocrx_word' id='word_1_240' title='bbox 687 2618 832 2649; x_wconf 86' lang='lat' dir='ltr'>reticulo</span> <span class='ocrx_word' id='word_1_241' title='bbox 857 2618 1000 2659; x_wconf 89' lang='lat' dir='ltr'>quodam</span> 
     </span>
     <span class='ocr_line' id='line_1_44' title="bbox 306 2668 1001 2713; baseline -0.004 -10"><span class='ocrx_word' id='word_1_242' title='bbox 306 2680 413 2713; x_wconf 82' lang='lat' dir='ltr'>aeneo,</span> <span class='ocrx_word' id='word_1_243' title='bbox 437 2672 470 2703; x_wconf 91' lang='lat' dir='ltr'>in</span> <span class='ocrx_word' id='word_1_244' title='bbox 496 2679 561 2713; x_wconf 89' lang='lat' dir='ltr'>quo</span> <span class='ocrx_word' id='word_1_245' title='bbox 585 2669 676 2701; x_wconf 79' lang='lat' dir='ltr'>tuboe</span> <span class='ocrx_word' id='word_1_246' title='bbox 707 2678 767 2700; x_wconf 83' lang='lat' dir='ltr'>seu</span> <span class='ocrx_word' id='word_1_247' title='bbox 791 2668 864 2700; x_wconf 90' lang='lat' dir='ltr'>tubi</span> <span class='ocrx_word' id='word_1_248' title='bbox 892 2668 1001 2700; x_wconf 87' lang='lat' dir='ltr'>relicti</span> 
     </span>
    </p>
   </div>
   <div class='ocr_carea' id='block_1_10' title="bbox 1034 1209 1749 2708">
    <p class='ocr_par' dir='ltr' id='par_1_12' title="bbox 1034 1209 1749 2708">
     <span class='ocr_line' id='line_1_45' title="bbox 1035 1209 1733 1252; baseline -0.003 -9"><span class='ocrx_word' id='word_1_249' title='bbox 1035 1216 1143 1249; x_wconf 88' lang='lat' dir='ltr'>erant,</span> <span class='ocrx_word' id='word_1_250' title='bbox 1162 1221 1222 1252; x_wconf 89' lang='lat' dir='ltr'>per</span> <span class='ocrx_word' id='word_1_251' title='bbox 1239 1221 1322 1252; x_wconf 86' lang='lat' dir='ltr'>quos</span> <span class='ocrx_word' id='word_1_252' title='bbox 1339 1209 1463 1241; x_wconf 89' lang='lat' dir='ltr'>manib.</span> <span class='ocrx_word' id='word_1_253' title='bbox 1481 1219 1576 1241; x_wconf 84' lang='lat' dir='ltr'>sacra</span> <span class='ocrx_word' id='word_1_254' title='bbox 1592 1213 1733 1249; x_wconf 71' lang='lat' dir='ltr'>tangere</span> 
     </span>
     <span class='ocr_line' id='line_1_46' title="bbox 1034 1259 1735 1303; baseline -0.007 -9"><span class='ocrx_word' id='word_1_255' title='bbox 1034 1264 1184 1294; x_wconf 84' lang='lat' dir='ltr'>licebat:</span> <span class='ocrx_word' id='word_1_256' title='bbox 1227 1269 1297 1303; x_wconf 85' lang='lat' dir='ltr'>atq.</span> <span class='ocrx_word' id='word_1_257' title='bbox 1338 1259 1525 1301; x_wconf 80' lang='lat' dir='ltr'>hujusmodi</span> <span class='ocrx_word' id='word_1_258' title='bbox 1566 1262 1735 1301; x_wconf 76' lang='lat' dir='ltr'>secespita</span> 
     </span>
     <span class='ocr_line' id='line_1_47' title="bbox 1035 1310 1736 1349; baseline -0.004 -5"><span class='ocrx_word' id='word_1_259' title='bbox 1035 1314 1219 1344; x_wconf 83' lang='lat' dir='ltr'>utebantur</span> <span class='ocrx_word' id='word_1_260' title='bbox 1232 1317 1300 1342; x_wconf 90' lang='lat' dir='ltr'>tum</span> <span class='ocrx_word' id='word_1_261' title='bbox 1319 1312 1353 1341; x_wconf 91' lang='lat' dir='ltr'>in</span> <span class='ocrx_word' id='word_1_262' title='bbox 1366 1310 1536 1347; x_wconf 80' lang='lat' dir='ltr'>sacrariis,</span> <span class='ocrx_word' id='word_1_263' title='bbox 1550 1320 1622 1349; x_wconf 76' lang='lat' dir='ltr'>qua&gt;</span> <span class='ocrx_word' id='word_1_264' title='bbox 1636 1315 1736 1341; x_wconf 84' lang='lat' dir='ltr'>erant</span> 
     </span>
     <span class='ocr_line' id='line_1_48' title="bbox 1035 1360 1735 1402; baseline -0.006 -9"><span class='ocrx_word' id='word_1_265' title='bbox 1035 1364 1066 1393; x_wconf 89' lang='lat' dir='ltr'>in</span> <span class='ocrx_word' id='word_1_266' title='bbox 1085 1363 1233 1402; x_wconf 74' lang='lat' dir='ltr'>templis,</span> <span class='ocrx_word' id='word_1_267' title='bbox 1259 1366 1328 1392; x_wconf 87' lang='lat' dir='ltr'>tum</span> <span class='ocrx_word' id='word_1_268' title='bbox 1356 1361 1389 1390; x_wconf 89' lang='lat' dir='ltr'>in</span> <span class='ocrx_word' id='word_1_269' title='bbox 1412 1361 1464 1397; x_wconf 81' lang='lat' dir='ltr'>iis,</span> <span class='ocrx_word' id='word_1_270' title='bbox 1481 1369 1556 1400; x_wconf 86' lang='lat' dir='ltr'>quae</span> <span class='ocrx_word' id='word_1_271' title='bbox 1582 1364 1677 1390; x_wconf 84' lang='lat' dir='ltr'>erant</span> <span class='ocrx_word' id='word_1_272' title='bbox 1702 1360 1735 1390; x_wconf 77' lang='lat' dir='ltr'>in</span> 
     </span>
     <span class='ocr_line' id='line_1_49' title="bbox 1035 1409 1737 1450; baseline -0.007 -7"><span class='ocrx_word' id='word_1_273' title='bbox 1035 1413 1106 1443; x_wconf 86' lang='lat' dir='ltr'>aliis</span> <span class='ocrx_word' id='word_1_274' title='bbox 1135 1412 1240 1442; x_wconf 84' lang='lat' dir='ltr'>locis:</span> <span class='ocrx_word' id='word_1_275' title='bbox 1272 1416 1403 1450; x_wconf 84' lang='lat' dir='ltr'>erantq.</span> <span class='ocrx_word' id='word_1_276' title='bbox 1434 1409 1612 1449; x_wconf 80' lang='lat' dir='ltr'>secespitae</span> <span class='ocrx_word' id='word_1_277' title='bbox 1642 1409 1737 1439; x_wconf 85' lang='lat' dir='ltr'>velut</span> 
     </span>
     <span class='ocr_line' id='line_1_50' title="bbox 1038 1458 1736 1503; baseline -0.009 -10"><span class='ocrx_word' id='word_1_278' title='bbox 1038 1463 1200 1503; x_wconf 82' lang='lat' dir='ltr'>repagula</span> <span class='ocrx_word' id='word_1_279' title='bbox 1217 1459 1396 1502; x_wconf 57' lang='lat' dir='ltr'>quandam?</span> <span class='ocrx_word' id='word_1_280' title='bbox 1454 1459 1553 1491; x_wconf 79' lang='lat' dir='ltr'>Quod</span> <span class='ocrx_word' id='word_1_281' title='bbox 1572 1464 1684 1489; x_wconf 87' lang='lat' dir='ltr'>autem</span> <span class='ocrx_word' id='word_1_282' title='bbox 1704 1458 1736 1488; x_wconf 90' lang='lat' dir='ltr'>in</span> 
     </span>
     <span class='ocr_line' id='line_1_51' title="bbox 1036 1509 1735 1553; baseline -0.007 -10"><span class='ocrx_word' id='word_1_283' title='bbox 1036 1514 1164 1553; x_wconf 83' lang='lat' dir='ltr'>templo</span> <span class='ocrx_word' id='word_1_284' title='bbox 1182 1513 1285 1543; x_wconf 83' lang='lat' dir='ltr'>Bonae</span> <span class='ocrx_word' id='word_1_285' title='bbox 1302 1513 1388 1542; x_wconf 82' lang='lat' dir='ltr'>Deae</span> <span class='ocrx_word' id='word_1_286' title='bbox 1415 1510 1617 1547; x_wconf 76' lang='lat' dir='ltr'>addidimus,</span> <span class='ocrx_word' id='word_1_287' title='bbox 1634 1509 1735 1539; x_wconf 87' lang='lat' dir='ltr'>intel-</span> 
     </span>
     <span class='ocr_line' id='line_1_52' title="bbox 1038 1560 1737 1603; baseline -0.007 -9"><span class='ocrx_word' id='word_1_288' title='bbox 1038 1564 1208 1603; x_wconf 79' lang='lat' dir='ltr'>ligendum</span> <span class='ocrx_word' id='word_1_289' title='bbox 1227 1568 1291 1597; x_wconf 84' lang='lat' dir='ltr'>est,</span> <span class='ocrx_word' id='word_1_290' title='bbox 1315 1571 1380 1592; x_wconf 91' lang='lat' dir='ltr'>non</span> <span class='ocrx_word' id='word_1_291' title='bbox 1402 1561 1444 1592; x_wconf 89' lang='lat' dir='ltr'>de</span> <span class='ocrx_word' id='word_1_292' title='bbox 1467 1561 1615 1591; x_wconf 81' lang='lat' dir='ltr'>sacrario</span> <span class='ocrx_word' id='word_1_293' title='bbox 1632 1560 1737 1590; x_wconf 80' lang='lat' dir='ltr'>Bonae</span> 
     </span>
     <span class='ocr_line' id='line_1_53' title="bbox 1039 1609 1739 1654; baseline -0.01 -9"><span class='ocrx_word' id='word_1_294' title='bbox 1039 1616 1138 1653; x_wconf 75' lang='lat' dir='ltr'>Dea’,</span> <span class='ocrx_word' id='word_1_295' title='bbox 1154 1613 1242 1654; x_wconf 90' lang='lat' dir='ltr'>quod</span> <span class='ocrx_word' id='word_1_296' title='bbox 1259 1613 1346 1643; x_wconf 85' lang='lat' dir='ltr'>ultra</span> <span class='ocrx_word' id='word_1_297' title='bbox 1372 1611 1521 1641; x_wconf 86' lang='lat' dir='ltr'>Bovillas</span> <span class='ocrx_word' id='word_1_298' title='bbox 1547 1610 1579 1640; x_wconf 90' lang='lat' dir='ltr'>in</span> <span class='ocrx_word' id='word_1_299' title='bbox 1598 1609 1652 1639; x_wconf 86' lang='lat' dir='ltr'>via</span> <span class='ocrx_word' id='word_1_300' title='bbox 1669 1609 1739 1649; x_wconf 89' lang='lat' dir='ltr'>Ap-</span> 
     </span>
     <span class='ocr_line' id='line_1_54' title="bbox 1040 1659 1740 1705; baseline -0.009 -10"><span class='ocrx_word' id='word_1_301' title='bbox 1040 1665 1096 1705; x_wconf 86' lang='lat' dir='ltr'>pia</span> <span class='ocrx_word' id='word_1_302' title='bbox 1127 1664 1204 1703; x_wconf 86' lang='lat' dir='ltr'>fuit,</span> <span class='ocrx_word' id='word_1_303' title='bbox 1233 1663 1330 1703; x_wconf 88' lang='lat' dir='ltr'>cujus</span> <span class='ocrx_word' id='word_1_304' title='bbox 1363 1671 1424 1702; x_wconf 86' lang='lat' dir='ltr'>pro</span> <span class='ocrx_word' id='word_1_305' title='bbox 1459 1661 1588 1691; x_wconf 84' lang='lat' dir='ltr'>Milone</span> <span class='ocrx_word' id='word_1_306' title='bbox 1619 1659 1740 1690; x_wconf 84' lang='lat' dir='ltr'>Cicero</span> 
     </span>
     <span class='ocr_line' id='line_1_55' title="bbox 1040 1708 1739 1748; baseline -0.009 -4"><span class='ocrx_word' id='word_1_307' title='bbox 1040 1713 1204 1747; x_wconf 85' lang='lat' dir='ltr'>meminit,</span> <span class='ocrx_word' id='word_1_308' title='bbox 1237 1712 1294 1742; x_wconf 90' lang='lat' dir='ltr'>sed</span> <span class='ocrx_word' id='word_1_309' title='bbox 1326 1711 1368 1741; x_wconf 91' lang='lat' dir='ltr'>de</span> <span class='ocrx_word' id='word_1_310' title='bbox 1399 1711 1547 1740; x_wconf 79' lang='lat' dir='ltr'>sacrario</span> <span class='ocrx_word' id='word_1_311' title='bbox 1571 1718 1623 1743; x_wconf 86' lang='lat' dir='ltr'>eo,</span> <span class='ocrx_word' id='word_1_312' title='bbox 1652 1708 1739 1748; x_wconf 82' lang='lat' dir='ltr'>quod</span> 
     </span>
     <span class='ocr_line' id='line_1_56' title="bbox 1040 1758 1743 1797; baseline -0.007 -4"><span class='ocrx_word' id='word_1_313' title='bbox 1040 1762 1104 1794; x_wconf 82' lang='lat' dir='ltr'>fnit</span> <span class='ocrx_word' id='word_1_314' title='bbox 1131 1763 1163 1793; x_wconf 90' lang='lat' dir='ltr'>in</span> <span class='ocrx_word' id='word_1_315' title='bbox 1192 1762 1265 1792; x_wconf 70' lang='lat' dir='ltr'>aede</span> <span class='ocrx_word' id='word_1_316' title='bbox 1288 1762 1392 1791; x_wconf 87' lang='lat' dir='ltr'>Bonae</span> <span class='ocrx_word' id='word_1_317' title='bbox 1410 1762 1492 1792; x_wconf 76' lang='lat' dir='ltr'>Deae</span> <span class='ocrx_word' id='word_1_318' title='bbox 1510 1760 1542 1790; x_wconf 91' lang='lat' dir='ltr'>in</span> <span class='ocrx_word' id='word_1_319' title='bbox 1561 1758 1743 1797; x_wconf 75' lang='lat' dir='ltr'>Aventino,</span> 
     </span>
     <span class='ocr_line' id='line_1_57' title="bbox 1042 1808 1742 1854; baseline -0.011 -9"><span class='ocrx_word' id='word_1_320' title='bbox 1042 1814 1139 1854; x_wconf 86' lang='lat' dir='ltr'>cujus</span> <span class='ocrx_word' id='word_1_321' title='bbox 1171 1813 1212 1844; x_wconf 92' lang='lat' dir='ltr'>P.</span> <span class='ocrx_word' id='word_1_322' title='bbox 1244 1812 1366 1842; x_wconf 80' lang='lat' dir='ltr'>Victor</span> <span class='ocrx_word' id='word_1_323' title='bbox 1396 1810 1479 1842; x_wconf 82' lang='lat' dir='ltr'>facit</span> <span class='ocrx_word' id='word_1_324' title='bbox 1510 1808 1742 1840; x_wconf 83' lang='lat' dir='ltr'>mentionem:</span> 
     </span>
     <span class='ocr_line' id='line_1_58' title="bbox 1042 1860 1740 1907; baseline -0.01 -10"><span class='ocrx_word' id='word_1_325' title='bbox 1042 1870 1157 1907; x_wconf 85' lang='lat' dir='ltr'>potest</span> <span class='ocrx_word' id='word_1_326' title='bbox 1177 1865 1282 1895; x_wconf 85' lang='lat' dir='ltr'>etiam</span> <span class='ocrx_word' id='word_1_327' title='bbox 1307 1864 1360 1894; x_wconf 85' lang='lat' dir='ltr'>liic</span> <span class='ocrx_word' id='word_1_328' title='bbox 1383 1864 1477 1894; x_wconf 86' lang='lat' dir='ltr'>locus</span> <span class='ocrx_word' id='word_1_329' title='bbox 1494 1863 1539 1893; x_wconf 87' lang='lat' dir='ltr'>ita</span> <span class='ocrx_word' id='word_1_330' title='bbox 1557 1860 1713 1892; x_wconf 82' lang='lat' dir='ltr'>resarciri</span> <span class='ocrx_word' id='word_1_331' title='bbox 1733 1870 1740 1891; x_wconf 92' lang='lat'>:</span> 
     </span>
     <span class='ocr_line' id='line_1_59' title="bbox 1042 1913 1742 1956; baseline -0.01 -8"><span class='ocrx_word' id='word_1_332' title='bbox 1042 1921 1087 1948; x_wconf 80' lang='lat' dir='ltr'>est</span> <span class='ocrx_word' id='word_1_333' title='bbox 1103 1917 1250 1956; x_wconf 76' lang='lat' dir='ltr'>secespita</span> <span class='ocrx_word' id='word_1_334' title='bbox 1270 1916 1304 1946; x_wconf 81' lang='lat' dir='ltr'>in</span> <span class='ocrx_word' id='word_1_335' title='bbox 1328 1915 1433 1955; x_wconf 77' lang='lat' dir='ltr'>templi</span> <span class='ocrx_word' id='word_1_336' title='bbox 1453 1913 1619 1944; x_wconf 72' lang='lat' dir='ltr'>sacrariis.-</span> <span class='ocrx_word' id='word_1_337' title='bbox 1641 1913 1692 1943; x_wconf 80' lang='lat' dir='ltr'>sed</span> <span class='ocrx_word' id='word_1_338' title='bbox 1713 1915 1742 1942; x_wconf 80' lang='lat' dir='ltr'>et</span> 
     </span>
     <span class='ocr_line' id='line_1_60' title="bbox 1043 1961 1744 2000; baseline -0.007 -3"><span class='ocrx_word' id='word_1_339' title='bbox 1043 1968 1076 1997; x_wconf 76' lang='lat' dir='ltr'>in</span> <span class='ocrx_word' id='word_1_340' title='bbox 1092 1968 1163 1998; x_wconf 73' lang='lat' dir='ltr'>aliis</span> <span class='ocrx_word' id='word_1_341' title='bbox 1179 1967 1271 1997; x_wconf 87' lang='lat' dir='ltr'>Iocis:</span> <span class='ocrx_word' id='word_1_342' title='bbox 1297 1969 1327 1996; x_wconf 85' lang='lat' dir='ltr'>et</span> <span class='ocrx_word' id='word_1_343' title='bbox 1345 1970 1389 1996; x_wconf 77' lang='lat' dir='ltr'>est</span> <span class='ocrx_word' id='word_1_344' title='bbox 1413 1965 1494 1995; x_wconf 75' lang='lat' dir='ltr'>velut</span> <span class='ocrx_word' id='word_1_345' title='bbox 1519 1963 1672 1994; x_wconf 71' lang='lat' dir='ltr'>clathrata</span> <span class='ocrx_word' id='word_1_346' title='bbox 1690 1961 1744 2000; x_wconf 81' lang='lat' dir='ltr'>se-</span> 
     </span>
     <span class='ocr_line' id='line_1_61' title="bbox 1044 2012 1744 2057; baseline -0.01 -9"><span class='ocrx_word' id='word_1_347' title='bbox 1044 2021 1149 2048; x_wconf 70' lang='lat' dir='ltr'>mestra</span> <span class='ocrx_word' id='word_1_348' title='bbox 1166 2018 1327 2057; x_wconf 79' lang='lat' dir='ltr'>quoedam:</span> <span class='ocrx_word' id='word_1_349' title='bbox 1350 2017 1396 2045; x_wconf 78' lang='lat' dir='ltr'>ita</span> <span class='ocrx_word' id='word_1_350' title='bbox 1418 2014 1574 2053; x_wconf 78' lang='lat' dir='ltr'>secespitoe</span> <span class='ocrx_word' id='word_1_351' title='bbox 1596 2012 1744 2043; x_wconf 51' lang='lat' dir='ltr'>‹lit-untur</span> 
     </span>
     <span class='ocr_line' id='line_1_62' title="bbox 1044 2063 1743 2102; baseline -0.009 -5"><span class='ocrx_word' id='word_1_352' title='bbox 1044 2067 1135 2097; x_wconf 74' lang='lat' dir='ltr'>duob.</span> <span class='ocrx_word' id='word_1_353' title='bbox 1160 2066 1279 2096; x_wconf 78' lang='lat' dir='ltr'>modis.-</span> <span class='ocrx_word' id='word_1_354' title='bbox 1303 2074 1379 2095; x_wconf 88' lang='lat' dir='ltr'>nam</span> <span class='ocrx_word' id='word_1_355' title='bbox 1402 2064 1443 2094; x_wconf 90' lang='lat' dir='ltr'>de</span> <span class='ocrx_word' id='word_1_356' title='bbox 1471 2063 1649 2102; x_wconf 84' lang='lat' dir='ltr'>secespita,</span> <span class='ocrx_word' id='word_1_357' title='bbox 1666 2071 1743 2102; x_wconf 86' lang='lat' dir='ltr'>quae</span> 
     </span>
     <span class='ocr_line' id='line_1_63' title="bbox 1045 2111 1743 2154; baseline -0.01 -7"><span class='ocrx_word' id='word_1_358' title='bbox 1045 2118 1189 2148; x_wconf 87' lang='lat' dir='ltr'>cultrum</span> <span class='ocrx_word' id='word_1_359' title='bbox 1217 2114 1401 2154; x_wconf 79' lang='lat' dir='ltr'>significat,</span> <span class='ocrx_word' id='word_1_360' title='bbox 1426 2114 1474 2144; x_wconf 90' lang='lat' dir='ltr'>sic</span> <span class='ocrx_word' id='word_1_361' title='bbox 1501 2112 1682 2143; x_wconf 84' lang='lat' dir='ltr'>Suetonius</span> <span class='ocrx_word' id='word_1_362' title='bbox 1710 2111 1743 2141; x_wconf 89' lang='lat' dir='ltr'>in</span> 
     </span>
     <span class='ocr_line' id='line_1_64' title="bbox 1045 2161 1746 2197; baseline -0.011 1"><span class='ocrx_word' id='word_1_363' title='bbox 1045 2166 1200 2197; x_wconf 84' lang='lat' dir='ltr'>Tiberio:</span> <span class='ocrx_word' id='word_1_364' title='bbox 1233 2167 1243 2182; x_wconf 85' lang='lat'>‘</span> <span class='ocrx_word' id='word_1_365' title='bbox 1262 2165 1348 2195; x_wconf 87' lang='lat' dir='ltr'>Nam</span> <span class='ocrx_word' id='word_1_366' title='bbox 1374 2163 1462 2194; x_wconf 83' lang='lat' dir='ltr'>inter</span> <span class='ocrx_word' id='word_1_367' title='bbox 1487 2161 1671 2193; x_wconf 68' lang='lat' dir='ltr'>Pontifices</span> <span class='ocrx_word' id='word_1_368' title='bbox 1695 2170 1746 2191; x_wconf 85' lang='lat' dir='ltr'>sa-</span> 
     </span>
     <span class='ocr_line' id='line_1_65' title="bbox 1048 2211 1746 2254; baseline -0.009 -7"><span class='ocrx_word' id='word_1_369' title='bbox 1048 2215 1212 2248; x_wconf 84' lang='lat' dir='ltr'>crificanti</span> <span class='ocrx_word' id='word_1_370' title='bbox 1232 2214 1328 2244; x_wconf 87' lang='lat' dir='ltr'>simul</span> <span class='ocrx_word' id='word_1_371' title='bbox 1352 2223 1413 2254; x_wconf 85' lang='lat' dir='ltr'>pro</span> <span class='ocrx_word' id='word_1_372' title='bbox 1437 2211 1620 2251; x_wconf 87' lang='lat' dir='ltr'>secespita,</span> <span class='ocrx_word' id='word_1_373' title='bbox 1639 2211 1746 2251; x_wconf 90' lang='lat' dir='ltr'>plum-</span> 
     </span>
     <span class='ocr_line' id='line_1_66' title="bbox 1047 2259 1748 2297; baseline -0.007 -1"><span class='ocrx_word' id='word_1_374' title='bbox 1047 2267 1144 2297; x_wconf 79' lang='lat' dir='ltr'>beum</span> <span class='ocrx_word' id='word_1_375' title='bbox 1168 2265 1312 2295; x_wconf 85' lang='lat' dir='ltr'>cultrum</span> <span class='ocrx_word' id='word_1_376' title='bbox 1339 2262 1571 2294; x_wconf 87' lang='lat' dir='ltr'>subiciendum</span> <span class='ocrx_word' id='word_1_377' title='bbox 1589 2259 1748 2292; x_wconf 58' lang='lat' dir='ltr'>curavit?</span> 
     </span>
     <span class='ocr_line' id='line_1_67' title="bbox 1051 2310 1749 2355; baseline -0.01 -8"><span class='ocrx_word' id='word_1_378' title='bbox 1051 2316 1201 2347; x_wconf 77' lang='lat' dir='ltr'>Rediculo</span> <span class='ocrx_word' id='word_1_379' title='bbox 1219 2324 1279 2355; x_wconf 90' lang='lat' dir='ltr'>pro</span> <span class='ocrx_word' id='word_1_380' title='bbox 1293 2314 1422 2344; x_wconf 77' lang='lat' dir='ltr'>reticulo</span> <span class='ocrx_word' id='word_1_381' title='bbox 1441 2313 1474 2343; x_wconf 89' lang='lat' dir='ltr'>in</span> <span class='ocrx_word' id='word_1_382' title='bbox 1491 2310 1676 2351; x_wconf 83' lang='lat' dir='ltr'>exemplari</span> <span class='ocrx_word' id='word_1_383' title='bbox 1693 2320 1749 2340; x_wconf 83' lang='lat' dir='ltr'>ex-</span> 
     </span>
     <span class='ocr_line' id='line_1_68' title="bbox 1050 2360 1748 2404; baseline -0.011 -7"><span class='ocrx_word' id='word_1_384' title='bbox 1050 2371 1181 2397; x_wconf 84' lang='lat' dir='ltr'>aratum</span> <span class='ocrx_word' id='word_1_385' title='bbox 1198 2369 1251 2395; x_wconf 87' lang='lat' dir='ltr'>est</span> <span class='ocrx_word' id='word_1_386' title='bbox 1266 2364 1404 2404; x_wconf 85' lang='lat' dir='ltr'>antiqua</span> <span class='ocrx_word' id='word_1_387' title='bbox 1426 2363 1482 2393; x_wconf 89' lang='lat' dir='ltr'>illa</span> <span class='ocrx_word' id='word_1_388' title='bbox 1504 2360 1748 2392; x_wconf 87' lang='lat' dir='ltr'>consuetudine</span> 
     </span>
     <span class='ocr_line' id='line_1_69' title="bbox 1050 2409 1746 2457; baseline -0.01 -10"><span class='ocrx_word' id='word_1_389' title='bbox 1050 2415 1197 2457; x_wconf 82' lang='lat' dir='ltr'>ponendi</span> <span class='ocrx_word' id='word_1_390' title='bbox 1221 2417 1242 2445; x_wconf 83' lang='lat' dir='ltr'>d</span> <span class='ocrx_word' id='word_1_391' title='bbox 1267 2424 1328 2455; x_wconf 86' lang='lat' dir='ltr'>pro</span> <span class='ocrx_word' id='word_1_392' title='bbox 1349 2417 1372 2450; x_wconf 84' lang='lat' dir='ltr'>t,</span> <span class='ocrx_word' id='word_1_393' title='bbox 1389 2413 1430 2443; x_wconf 91' lang='lat' dir='ltr'>de</span> <span class='ocrx_word' id='word_1_394' title='bbox 1447 2422 1513 2452; x_wconf 82' lang='lat' dir='ltr'>qua</span> <span class='ocrx_word' id='word_1_395' title='bbox 1529 2419 1650 2450; x_wconf 86' lang='lat' dir='ltr'>snpra:</span> <span class='ocrx_word' id='word_1_396' title='bbox 1667 2409 1746 2441; x_wconf 78' lang='lat' dir='ltr'>tubae</span> 
     </span>
     <span class='ocr_line' id='line_1_70' title="bbox 1051 2460 1748 2506; baseline -0.011 -9"><span class='ocrx_word' id='word_1_397' title='bbox 1051 2466 1167 2506; x_wconf 86' lang='lat' dir='ltr'>etiam,</span> <span class='ocrx_word' id='word_1_398' title='bbox 1195 2474 1275 2504; x_wconf 91' lang='lat' dir='ltr'>non,</span> <span class='ocrx_word' id='word_1_399' title='bbox 1304 2470 1342 2495; x_wconf 87' lang='lat' dir='ltr'>ut</span> <span class='ocrx_word' id='word_1_400' title='bbox 1375 2463 1408 2493; x_wconf 90' lang='lat' dir='ltr'>in</span> <span class='ocrx_word' id='word_1_401' title='bbox 1436 2462 1508 2492; x_wconf 89' lang='lat' dir='ltr'>aliis</span> <span class='ocrx_word' id='word_1_402' title='bbox 1532 2460 1748 2496; x_wconf 80' lang='lat' dir='ltr'>editionibus,</span> 
     </span>
     <span class='ocr_line' id='line_1_71' title="bbox 1051 2511 1746 2554; baseline -0.01 -7"><span class='ocrx_word' id='word_1_403' title='bbox 1051 2517 1153 2554; x_wconf 74' lang='lat' dir='ltr'>miboe,</span> <span class='ocrx_word' id='word_1_404' title='bbox 1180 2516 1213 2546; x_wconf 94' lang='lat' dir='ltr'>in</span> <span class='ocrx_word' id='word_1_405' title='bbox 1239 2514 1357 2545; x_wconf 87' lang='lat' dir='ltr'>eodem</span> <span class='ocrx_word' id='word_1_406' title='bbox 1375 2511 1560 2552; x_wconf 85' lang='lat' dir='ltr'>exemplari</span> <span class='ocrx_word' id='word_1_407' title='bbox 1582 2511 1746 2551; x_wconf 85' lang='lat' dir='ltr'>scriptum</span> 
     </span>
     <span class='ocr_line' id='line_1_72' title="bbox 1054 2560 1747 2602; baseline -0.013 -4"><span class='ocrx_word' id='word_1_408' title='bbox 1054 2572 1128 2598; x_wconf 84' lang='lat' dir='ltr'>est:</span> <span class='ocrx_word' id='word_1_409' title='bbox 1154 2565 1242 2596; x_wconf 86' lang='lat' dir='ltr'>tubae</span> <span class='ocrx_word' id='word_1_410' title='bbox 1266 2569 1377 2595; x_wconf 86' lang='lat' dir='ltr'>autem</span> <span class='ocrx_word' id='word_1_411' title='bbox 1403 2572 1463 2602; x_wconf 86' lang='lat' dir='ltr'>pro</span> <span class='ocrx_word' id='word_1_412' title='bbox 1491 2560 1577 2592; x_wconf 87' lang='lat' dir='ltr'>tubis</span> <span class='ocrx_word' id='word_1_413' title='bbox 1602 2560 1747 2599; x_wconf 86' lang='lat' dir='ltr'>positum</span> 
     </span>
     <span class='ocr_line' id='line_1_73' title="bbox 1055 2610 1749 2653; baseline -0.012 -6"><span class='ocrx_word' id='word_1_414' title='bbox 1055 2622 1132 2648; x_wconf 87' lang='lat' dir='ltr'>est:</span> <span class='ocrx_word' id='word_1_415' title='bbox 1156 2616 1288 2646; x_wconf 78' lang='lat' dir='ltr'>cancella</span> <span class='ocrx_word' id='word_1_416' title='bbox 1308 2615 1340 2645; x_wconf 91' lang='lat' dir='ltr'>in</span> <span class='ocrx_word' id='word_1_417' title='bbox 1366 2613 1636 2653; x_wconf 84' lang='lat' dir='ltr'>supplementum</span> <span class='ocrx_word' id='word_1_418' title='bbox 1653 2610 1749 2650; x_wconf 85' lang='lat' dir='ltr'>hujus</span> 
     </span>
     <span class='ocr_line' id='line_1_74' title="bbox 1055 2661 1748 2708; baseline -0.012 -10"><span class='ocrx_word' id='word_1_419' title='bbox 1055 2666 1237 2708; x_wconf 83' lang='lat' dir='ltr'>fragmenti</span> <span class='ocrx_word' id='word_1_420' title='bbox 1271 2665 1383 2696; x_wconf 86' lang='lat' dir='ltr'>nescio</span> <span class='ocrx_word' id='word_1_421' title='bbox 1413 2661 1580 2705; x_wconf 86' lang='lat' dir='ltr'>quomodo</span> <span class='ocrx_word' id='word_1_422' title='bbox 1613 2670 1748 2692; x_wconf 85' lang='lat' dir='ltr'>amanu-</span> 
     </span>
    </p>
   </div>
  </div>
 </body>
</html>
