1876 3025
327 171 392 201 DE
426 168 699 200 VERBORUM
736 167 1150 198 SIGNIFICATIONE
1185 168 1282 197 LIB.
1315 167 1445 199 XVII.

1517 157 1601 199 867

208 266 396 307 dicimus
414 265 716 319 appellabant,
731 264 985 319 quiajejuni
999 264 1146 304 vinum
1169 263 1241 304 sili
1262 263 1486 304 conditum
1505 268 1602 306 ante

208 334 431 374 meridiem
452 333 760 373 absorbebant.

156 400 333 442 Silarum
353 400 608 455 autiquipro
631 414 685 441 eo
708 400 827 454 quod
859 413 972 440 nunc
987 399 1260 453 jentaculum
1295 398 1405 438 dici—
1436 397 1602 451 [FEST.

207 482 306 510 mus
342 468 623 523 appellabunt,
660 469 766 522 quia
795 468 942 523 jejuni
974 468 1122 509 vinum
1151 467 1232 507 soli
1269 464 1486 506 conditum
1509 472 1603 505 ante

207 535 412 577 meridiem
433 537 739 578 absorbebant.

153 604 289 645 Silere
309 608 451 645 tacere
470 605 691 658 significat
711 604 814 645 ficto
832 605 966 645 verbo
989 604 1044 645 ab
1068 603 1097 645 S
1120 603 1263 650 litera,
1285 614 1387 655 quae
1422 601 1603 654 [PAUL.

207 676 311 713 nota
333 673 501 713 silentii
521 677 603 712 est.

154 739 309 789 Silere,
331 743 505 793 tangere
521 740 536 763 ⁸
551 746 565 762 θ
586 737 914 795 signfficut,ficlo
944 739 1107 779 initium
1128 739 1213 793 ejus
1239 736 1346 778 vocis
1366 742 1422 776 est
1442 735 1604 791 [FES'r.

208 805 401 848 vocabulo
422 820 450 848 a
466 808 495 849 S
518 808 654 857 litera,
677 821 775 860 quae
796 806 979 848 initium.
1376 839 1378 841 >

156 873 327 915 Silentia
349 889 512 929 scm-gere
526 873 539 896 f
564 875 624 915 ait
645 875 748 925 dici,
771 875 847 915 ubi
875 875 951 928 qui
971 877 1076 927 post
1091 874 1279 915 mediam
1299 878 1452 914 noctem
1472 871 1607 926 auspi-

768 983 890 995 eeeeee

196 1052 214 1079 8
239 1048 320 1079 Vet.
345 1047 402 1079 lib.
424 1051 535 1081 lacere.

892 983 994 995 ooooo

806 1134 945 1167 NOTAE

150 1208 248 1249 τίζει.’
262 1209 490 1242 ‘Jentaculum
503 1208 659 1249 ἄκρατον.Ι
683 1210 737 1240 De
755 1219 852 1241 mane

153 1260 240 1290 enim
267 1259 411 1290 Veteres
438 1269 565 1290 merum
593 1260 769 1298 bibebant,
797 1261 849 1291 vel

151 1310 252 1341 etiam
270 1319 391 1349 panem
409 1310 487 1340 vino
498 1310 726 1342 madefactum
741 1320 851 1341 come-

152 1360 291 1397 debant,
318 1365 355 1391 ut
383 1369 425 1390 ex
459 1360 626 1392 Athenaeo
650 1359 757 1392 refert
785 1361 850 1391 Eu-

152 1411 254 1442 stath.
280 1411 378 1441 Idem.

192 1465 206 1480 ²
229 1460 338 1497 Silere,
356 1462 500 1502 tangere]
526 1462 640 1502 Lege:
666 1461 778 1502 Silere,
806 1465 853 1492 ta-

150 1521 229 1552 cere,
259 1512 422 1553 siguificat
448 1513 529 1554 ficta
556 1512 701 1544 vocabulo
727 1523 746 1543 α
768 1511 795 1542 S
815 1513 852 1542 lz'-

151 1566 218 1594 tera
242 1573 309 1602 quae
336 1564 463 1594 initium
487 1567 532 1594 est
547 1564 612 1602 ejus
626 1564 718 1595 vocis.
764 1563 852 1595 Haec

152 1613 286 1645 Festus.
333 1614 432 1645 Hanc
459 1612 688 1645 differentiam
709 1614 798 1644 inter
814 1615 855 1644 si-

150 1663 211 1694 lere
236 1668 271 1695 et
297 1666 399 1694 tacere
434 1669 590 1695 statuunt
617 1664 856 1703 Grammafici,

151 1718 189 1743 ut
205 1715 341 1754 proprie
357 1714 446 1744 silere
467 1714 628 1745 dicantur
644 1716 700 1755 qui
713 1715 786 1754 jam
803 1715 853 1746 lo-

150 1763 207 1803 qui
225 1769 416 1803 coeperunt,
431 1768 531 1795 tacere
548 1774 627 1795 vero
645 1764 699 1805 qui
716 1774 781 1795 non
798 1774 853 1795 an-

151 1818 208 1843 tea
221 1813 460 1853 loquebantur.
495 1813 561 1844 Sed
580 1818 692 1845 tamen
709 1813 851 1845 confun-

152 1862 280 1893 duntur
294 1863 473 1895 interdum.
496 1864 594 1895 Idem.

197 1913 311 1954 Silere]
335 1913 445 1955 Silere,
476 1918 600 1946 tacere.-
634 1916 711 1955 quod
735 1916 853 1947 (lictum

150 1974 213 1996 esse
239 1966 363 1996 videtur
377 1976 396 1996 α
412 1966 550 2007 Sliteru,
567 1977 635 2006 quse
645 1967 771 1997 initium
786 1967 852 2005 ejus

151 2016 234 2046 vacis
249 2019 306 2047 est.
354 2016 487 2047 Deinde
511 2017 554 2048 de
580 2017 712 2048 Silentia
738 2018 850 2058 auspi-

151 2066 249 2097 candi
266 2067 377 2107 gratia
402 2067 603 2108 loquebatur
619 2069 775 2108 sequenti
795 2078 850 2099 ca-

154 2116 247 2155 pite:
273 2116 333 2147 sed
351 2117 478 2157 primus
506 2127 622 2148 versus
647 2118 756 2150 deest.
800 2118 851 2149 Si-

151 2166 245 2197 lentia
257 2177 385 2206 surgere
407 2168 544 2198 Verrius
562 2168 610 2198 ait
635 2168 715 2208 dici,
730 2169 783 2199 ubi
798 2169 851 2209 qui

148 2220 220 2256 post
236 2218 366 2248 mediam
381 2221 500 2249 noctem
511 2218 691 2259 auspicandi
705 2229 797 2250 causa
812 2229 852 2250 ex

153 2267 263 2297 lectula
278 2277 330 2297 suo
346 2268 464 2307 surgit,
478 2272 509 2298 et
525 2268 674 2299 liberatus
689 2278 708 2298 α
725 2270 801 2299 lecto
817 2269 851 2299 in

153 2317 248 2347 solido
263 2319 346 2348 sedet
361 2319 500 2358 siletque,
527 2329 565 2350 ne
580 2320 654 2358 quid
668 2330 702 2350 eo
718 2323 853 2360 tempore

104 2374 107 2376 ·
154 2365 298 2403 dejiciat:
322 2367 392 2398 inde
407 2368 488 2399 sein
504 2370 614 2399 lectum
628 2370 774 2409 reposuit.
797 2370 853 2401 Ita

155 2416 289 2446 omniuo
313 2417 403 2447 nullo
428 2418 542 2449 labore
558 2419 643 2449 hane
671 2420 853 2450 lectionem

155 2465 315 2496 eruimuS.
360 2466 490 2507 Aperte
514 2469 652 2499 solidam
669 2470 784 2500 sellam
802 2469 853 2500 fu-

157 2515 223 2545 isse
247 2515 305 2555 ait,
332 2521 368 2546 ut
391 2517 544 2548 stabilior
569 2525 670 2558 esset,
697 2529 738 2550 ne
763 2519 852 2550 forte

157 2564 237 2605 quid
255 2565 287 2594 in
313 2565 475 2603 sedendo,
493 2572 550 2598 aut
567 2568 646 2598 dum
673 2570 778 2601 vellet
803 2580 852 2600 se-

159 2614 252 2654 dere,
269 2620 361 2644 motu
388 2616 477 2647 sellae
500 2616 679 2656 dejiceret,
705 2625 740 2650 et
768 2625 853 2650 stre-

159 2665 234 2705 pitu
267 2665 384 2697 vitium
415 2666 563 2708 auspicio
602 2668 742 2700 faceret.
784 2672 853 2701 Jus.

160 2715 240 2747 ScaL

949 1208 962 1229 f
981 1209 1112 1240 Silentia
1128 1206 1271 1248 surgere]
1290 1207 1410 1239 Cicero
1431 1206 1490 1238 lib.
1507 1216 1546 1238 11.
1563 1207 1606 1239 de

906 1260 1026 1292 Divin.
1072 1259 1253 1291 ‘Peritum
1282 1267 1358 1289 esse
1390 1267 1528 1289 necesse
1556 1262 1607 1289 est

906 1321 998 1349 eum,
1026 1311 1083 1352 qui
1110 1310 1281 1341 silentium
1312 1308 1392 1349 quid
1415 1308 1459 1339 sit
1482 1308 1606 1339 intelli-

905 1366 982 1402 gat:
1023 1361 1057 1392 id
1088 1361 1176 1391 enim
1203 1359 1373 1390 silentium
1400 1358 1543 1389 dicimus
1573 1358 1607 1389 in

905 1412 1077 1453 auspiciis,
1095 1410 1184 1453 quod
1201 1410 1291 1442 omni
1306 1409 1389 1441 vitio
1407 1413 1521 1441 caret:
1544 1409 1607 1441 hoc

903 1464 1098 1504 intelligere
1115 1461 1264 1503 perfecti
1279 1460 1414 1501 auguris
1431 1464 1495 1491 est.
1543 1460 1606 1491 Ille

905 1518 1031 1554 autem,
1064 1513 1119 1553 qui
1149 1513 1182 1543 in
1221 1511 1375 1552 auspicio
1413 1510 1607 1550 adhibetur,

904 1575 979 1596 cum
1004 1565 1052 1595 ita
1075 1564 1254 1605 imperavit
1272 1563 1310 1603 is,
1325 1563 1382 1604 qui
1400 1562 1607 1603 auspicatur,

905 1616 1038 1654 Dicito,
1064 1616 1234 1646 silentium
1253 1624 1327 1646 esse
1355 1614 1515 1645 videtur?
1541 1622 1605 1644 nec

904 1667 1062 1706 suspicit,
1084 1675 1146 1696 nec
1163 1664 1407 1704 circumspicit,
1424 1664 1541 1695 statim
1555 1673 1608 1694 re-

905 1716 1074 1756 spondet:
1124 1715 1304 1747 Silentium
1335 1724 1411 1744 esse
1451 1712 1610 1744 videtur.'

905 1767 1021 1798 Verba
1038 1767 1129 1798 Festi
1156 1767 1202 1797 ita
1227 1766 1328 1797 scribi
1356 1770 1507 1806 possunt.
1553 1764 1606 1795 Si-

906 1819 1002 1849 tentio
1017 1828 1148 1856 surgere
1163 1817 1237 1857 dici,
1254 1817 1305 1847 ubi
1320 1816 1372 1856 qui
1383 1819 1455 1856 post
1474 1815 1608 1845 mediam

905 1872 1025 1900 noctem
1037 1869 1141 1907 surgit
1166 1868 1347 1908 auspicandi
1368 1876 1461 1897 causa
1483 1875 1522 1896 ex
1548 1865 1608 1896 lec-

907 1920 972 1950 tulo
983 1921 1032 1950 sui
1045 1930 1055 1949 .·
1077 1920 1142 1950 sive
1156 1919 1269 1959 alieno,
1285 1923 1315 1949 et
1331 1917 1479 1948 liberatus
1494 1927 1513 1947 a
1528 1915 1607 1946 lecto

907 1972 940 2002 in
956 1970 1053 2001 solido
1069 1971 1144 2001 salio
1166 1971 1262 2010 sedet,
1282 1969 1412 2008 siletque
1435 1967 1546 2007 nequid
1573 1976 1607 1997 eo

908 2023 1041 2059 tempore
1065 2019 1193 2057 dejiciat
1215 2019 1300 2059 sputi
1323 2019 1500 2058 auspicatus
1514 2020 1607 2057 recte,

905 2070 978 2100 inde
993 2071 1070 2100 sein
1083 2071 1197 2100 lectum
1212 2069 1357 2110 reposuit.
1382 2068 1453 2098 Hoc
1465 2068 1547 2098 enim
1563 2070 1608 2097 est

905 2120 1076 2161 silentium,
1105 2122 1156 2160 35⁶·
1201 2120 1289 2150 Vide
1322 2117 1535 2150 ‘Sinistrum'
1573 2121 1609 2148 et

907 2171 916 2187 ‘
929 2170 1038 2201 Salida
1054 2169 1163 2201 sella!
1184 2170 1262 2202 Ant.
1279 2170 1364 2208 Aug.

949 2221 1083 2252 Silentia
1098 2221 1242 2261 surgere]
1273 2220 1341 2252 Qui
1356 2218 1610 2259 auspicabatur,

906 2276 984 2310 post
1001 2270 1146 2301 mediam
1162 2276 1297 2302 noctem
1314 2269 1489 2309 surgebat,
1504 2277 1607 2308 seque

905 2321 938 2351 in
968 2321 1050 2351 sella
1075 2321 1314 2361 componebat,
1340 2329 1440 2360 qnam
1467 2317 1608 2349 solidam

905 2369 1006 2401 fuisse
1023 2371 1082 2410 ait,
1111 2375 1148 2401 ut
1171 2371 1327 2401 stabilior
1344 2374 1444 2407 esset,
1461 2379 1502 2399 ne
1518 2368 1607 2399 forte

907 2422 986 2463 quid
1005 2422 1036 2452 in
1054 2422 1219 2461 sedendo,
1235 2427 1293 2453 aut
1311 2422 1388 2452 dum
1406 2421 1524 2452 sedere
1540 2421 1608 2450 vel-

910 2472 968 2510 let,
986 2476 1076 2503 motu
1094 2473 1184 2503 sellae
1202 2472 1377 2512 dejiceret,
1402 2476 1434 2501 et
1461 2470 1607 2509 strepitu

909 2522 1028 2552 vitium
1045 2523 1196 2563 auspicio
1212 2521 1357 2553 faceret.
1404 2521 1538 2552 Deinde
1564 2520 1610 2549 in-

909 2571 1108 2610 terrogabat
1125 2582 1201 2603 eum
1219 2573 1273 2612 qui
1297 2573 1330 2602 in
1348 2572 1533 2611 auspicium
1552 2571 1608 2600 ad-

908 2620 1101 2662 hibebatur,
1129 2632 1169 2652 an
1197 2622 1367 2652 silentium
1385 2631 1459 2651 essc
1477 2620 1608 2650 videre-

911 2676 977 2711 tur,
1006 2674 1071 2703 &m
1126 2671 1216 2703 Audi
1245 2673 1399 2703 Ciceron.
1426 2672 1482 2702 lib.
1511 2670 1608 2700 11.de

911 2722 1063 2752 Divinat.
1086 2728 1166 2753 sect.
1183 2726 1235 2753 34.
1283 2723 1291 2738 ‘
1308 2723 1372 2753 Hic
1398 2721 1488 2761 apud
1504 2722 1608 2761 majo—
