1876 3025
274 179 336 207 DE
370 175 643 207 VERBoRuM
678 174 1093 206 SlGNIFIGATIONE
1131 174 1221 205 ΜΒ.
1257 174 1409 205 xvni.
1497 164 1582 205 959

183 274 282 314 dam
305 274 349 313 in
372 272 467 314 aede
488 271 620 312 Jovis·
641 268 889 320 Metellina,
913 270 1011 324 ejus
1033 270 1242 311 videlicet
1263 271 1306 310 in
1328 271 1581 311 memoriam

184 342 380 395 virginis,
403 353 505 394 quae·
538 344 667 394 pacta
692 354 718 383 a
741 339 921 380 Sabinis
946 339 1164 390 hostibus,
1186 353 1286 393 quae
1317 341 1358 380 in
1391 340 1581 380 sinistris

182 410 388 451 manibus
422 408 650 459 haberent,
671 412 719 449 ut
756 408 839 448 sibi
861 407 1026 458 darent,
1058 408 1340 449 intromiserit
1371 420 1451 448 eos
1484 420 1582 447 cum

184 478 311 531 Rege
333 477 480 526 Tatio,
504 477 582 531 qui
622 482 777 530 postea
809 477 853 517 in
884 490 996 530 pace
1028 476 1233 517 facienda
1254 477 1424 518 caverit
1444 488 1469 516 a
1490 475 1585 516 Ro-

181 546 316 595 mulo,
333 548 382 586 ut
399 559 452 586 ea
474 545 650 586 Sabinis
670 558 840 599 semper
862 550 1041 599 pateret.

124 613 430 667 Tarquitias¹2
454 613 611 662 scalas,
643 626 752 666 quas
782 612 886 654 Rex
917 614 1182 667 Tarquinius
1217 613 1440 667 Superbus
1471 611 1584 652 fece-

182 682 251 730 rit,
274 680 556 721 abominandi
576 680 674 734 ejus
695 681 880 722 nominis
902 682 1040 734 gratia
1062 682 1124 722 ita
1145 682 1393 736 appellatas
1409 685 1437 709 ¹³
1468 692 1582 729 esse,

182 750 245 790 ait
261 749 394 801 vulgo
408 749 655 791 existimari
675 748 870 791 Verrius.

124 818 357 860 Tartarino
371 822 388 838 ‘¹
416 830 516 858 cum
539 818 657 858 dixit
675 818 859 866 Ennius,
879 818 1109 868 horrendo,
1132 822 1175 859 et
1195 818 1376 859 terribili
1398 815 1583 858 Verrius

182 885 278 926 vult
299 885 458 938 accipi,
481 899 508 926 a
528 885 728 935 Tartaro,
752 887 827 939 qui
850 886 974 927 locus
998 886 1116 940 apud
1141 886 1352 928 inferos.¹3

124 953 371 1002 Tartarino,
393 954 624 1004 horrendo,
645 958 686 995 et
706 954 904 995 terribili.
1404 952 1584 1004 [PAUL.

123 1022 302 1063 Tatium
327 1022 525 1062 occisum
546 1021 609 1063 ait
628 1022 800 1064 Lavinii
818 1028 833 1043 Χ
856 1023 912 1064 ab
931 1022 1085 1063 amicis
1106 1036 1248 1064 eorum
1271 1023 1387 1076 lega·
1417 1021 1475 1074 [F
1480 1031 1583 1061 EST.

182 1093 319 1130 torum
350 1102 464 1143 quos
497 1090 806 1131 interfecerant
829 1090 1054 1131 Tatiani¹4
1082 1091 1291 1141 latrones,
1326 1090 1400 1131 sed
1437 1088 1584 1142 sepul-

183 1163 274 1198 tum
306 1157 350 1198 in
381 1157 605 1199 Aventino
637 1159 845 1200 laureto:y
877 1159 994 1212 quod
1028 1158 1084 1199 ad
1107 1159 1466 1212 significationem
1490 1169 1584 1197 ver·

734 1279 851 1291 eeeeee

857 1280 972 1293 aeaeaeaeaeae

169 1360 208 1388 12
233 1356 288 1388 Al.
308 1357 506 1398 Tarquinius,
545 1357 624 1388 Vet.
638 1356 697 1389 lib.
713 1358 911 1389 dictas.-—13
937 1358 1022 1389 Haec
1036 1358 1171 1398 quidem
1191 1367 1265 1388 esse
1283 1357 1374 1388 Festi
1392 1359 1487 1388 notat
1497 1355 1584 1387 Scal-

126 1400 184 1430 sed
201 1410 266 1431 non
283 1410 325 1432 ex
339 1406 406 1431 vet.
423 1400 479 1432 lib.
499 1399 754 1431 desumta.-14
781 1401 860 1432 Vet.
876 1401 934 1433 lib.
954 1402 1064 1432 Titini.

784 1511 925 1542 NOTAE

168 1580 180 1594 ¹¹
209 1574 394 1615 Tartarino]
434 1575 574 1610 Ennius¹
603 1579 640 1606 ut
669 1575 829 1614 arbitror,

124 1625 273 1664 scripsit,
308 1635 433 1665 corpore
468 1626 635 1657 antarz'no
674 1629 829 1667 prognata

126 1676 250 1706 Paluda
261 1676 382 1714 virago,
413 1675 564 1708 vidend.
579 1677 689 1708 Varro
706 1677 765 1708 lib.
779 1686 829 1708 Vl.

124 1725 167 1756 de
194 1726 293 1765 Ling.
319 1726 393 1756 Lat.
421 1729 457 1756 et
488 1726 616 1758 Probus
641 1727 751 1767 eclog,
777 1736 827 1758 vr.

125 1776 203 1807 Ant.
222 1777 307 1815 Aug.

180 1827 362 1866 Tartari-no]
410 1828 554 1858 Versum
589 1828 690 1859 Ennii
723 1827 828 1859 refert

124 1880 231 1910 Varro
248 1878 303 1909 lib.
323 1887 370 1909 vr.
383 1878 426 1908 de
443 1879 478 1909 L.
491 1878 528 1908 L.
555 1878 563 1894 ‘
582 1879 731 1918 Corpore
748 1879 829 1909 Tar-

881 1580 992 1610 nocte,
1010 1575 1179 1606 laborem!
1202 1576 1284 1606 Dae.

924 1630 940 1646 Χ
975 1626 1100 1657 Tatium
1128 1626 1261 1657 occisum
1286 1625 1332 1656 aie
1365 1623 1506 1664 Lauinii]
1544 1624 1584 1655 In

880 1677 1036 1714 Sched1s,
1072 1677 1222 1708 Lanuvii.
1269 1675 1337 1707 Sed
1365 1675 1499 1706 omniuo
1538 1676 1585 1706 le-

880 1729 1028 1768 gendum
1043 1728 1183 1759 Lavinii.
1206 1727 1388 1759 Historiam
1404 1729 1519 1757 narrat
1533 1726 1586 1757 Lin

882 1780 954 1809 vius
967 1779 988 1809 l.
1003 1787 1028 1810 1.
1042 1783 1126 1810 sect.
1142 1781 1193 1809 14.
1216 1779 1225 1795 ‘
1238 1779 1322 1809 Post
1337 1778 1464 1818 aliquot
1479 1786 1584 1808 annos

883 1829 1061 1870 propinqui
1078 1830 1164 1869 regis
1179 1828 1268 1860 Tatii
1285 1829 1416 1868 legatos
1440 1827 1587 1858 Lauren-

882 1881 966 1912 tium
998 1881 1149 1921 pulsant.
1210 1880 1364 1920 Cumque
1397 1879 1585 1909 Laurentes

125 1929 235 1960 tarino
251 1933 420 1970 prognata
442 1929 565 1969 paluda
582 1929 710 1969 virago.
749 1931 829 1961 Tar·
877 1931 957 1971 jure
974 1931 1126 1971 gentium
1152 1935 1308 1971 agerent,
1330 1929 1422 1970 apud
1448 1929 1585 1959 Tatium

125 1980 235 2011 tarino
266 1989 286 2010 a
312 1980 457 2010 Tartaro
483 1979 626 2010 dictum.
664 1981 767 2012 Plato
796 1981 828 2011 in

125 2035 246 2072 quarto
273 2029 316 2061 de
343 2029 550 2068 fluminibus,
578 2029 668 2069 apud
695 2030 828 2062 queros

125 2090 201 2122 quae
219 2081 298 2119 siut,
320 2080 353 2110 in
380 2079 430 2109 bis
453 2089 553 2110 unum
571 2080 754 2111 Tartarum
772 2091 829 2122 ap-

125 2131 242 2171 pellat.
289 2131 405 2164 Quare
429 2130 566 2160 Tartari
583 2130 679 2171 origo
696 2131 830 2163 Graeca.

125 2181 259 2212 Paluda
287 2192 307 2212 a
332 2180 596 2221 paludamentis.
642 2182 731 2212 Sunt
758 2181 831 2213 haec

126 2232 270 2272 insignia
283 2236 317 2262 et
331 2235 529 2262 ornamenta
546 2231 737 2263 militaria.’
761 2232 829 2263 Ubi

126 2283 291 2323 Scaliger,
315 2283 426 2313 Purus
451 2287 566 2322 putus,
589 2282 711 2324 inquit,
747 2283 828 2315 Hel-

127 2334 299 2364 leuismus.
344 2332 501 2373 Ταρτάρου
525 2333 694 2372 ἐκγεγαυῖα
709 2333 830 2373 μελάμ-

127 2389 246 2413 πεπλος
254 2382 436 2423 ἀντιάνειρα.
449 2384 589 2415 Plenius
602 2384 729 2416 citatur
740 2385 830 2426 apud

128 2434 281 2464 Probum
297 2445 304 2463 ι
335 2434 344 2450 ‘
362 2434 514 2474 Corpora
529 2434 714 2466 Tartarino
732 2445 831 2476 prog-

128 2488 209 2514 nata
226 2483 349 2523 paluda
372 2484 506 2523 virago;
532 2484 595 2515 Cui
623 2495 685 2525 par
712 2486 832 2525 imber,

130 2538 166 2564 et
182 2533 266 2573 ignis
284 2533 438 2573 spiritus,
452 2538 488 2565 et
504 2535 609 2575 gravi'
628 2535 742 2567 terra!
776 2537 830 2576 Ig-

129 2585 179 2616 nis
194 2585 333 2625 spiritus,
349 2586 442 2626 πυρὸς
455 2586 564 2625 μένοςε
592 2593 626 2619 et
641 2590 753 2628 gravis
769 2594 832 2622 ter-

130 2646 179 2672 ra,
195 2635 337 2675 στυφελὴ
350 2636 445 2676 χθών.
492 2638 567 2677 Est,
588 2639 620 2669 ni
645 2638 757 2676 fallor,
774 2641 833 2672 illa

130 2697 228 2728 quam
239 2688 421 2729 alloquitur
432 2687 523 2720 Juno
536 2689 625 2728 apud
637 2690 827 2723 Maronem.

131 2742 138 2754 ‘
156 2737 254 2769 Hunc
272 2738 350 2769 milii
368 2737 408 2770 da
431 2739 614 2779 proprium,
635 2740 729 2781 virgo
753 2747 827 2774 sata

883 1981 994 2022 gratia
1020 1991 1157 2012 suorum
1185 1986 1221 2012 et
1247 1989 1366 2021 preces
1393 1979 1470 2019 plus
1489 1983 1584 2019 pote-

884 2036 981 2063 rant:
1016 2032 1120 2072 igitur
1152 2032 1284 2062 illorum
1318 2039 1452 2070 poenam
1483 2029 1516 2059 in
1549 2037 1585 2058 se

883 2082 996 2113 vertit.
1024 2083 1113 2113 Nam
1130 2082 1277 2120 Lavinii,
1290 2090 1367 2111 cum
1385 2079 1428 2110 ad
1446 2079 1586 2111 solenne

881 2132 1081 2164 sacrificium
1099 2142 1139 2163 eo
1157 2132 1315 2171 venisset,
1331 2139 1499 2161 concursu
1516 2129 1586 2161 fac-

883 2187 918 2213 to
942 2181 1173 2214 interficitur.'
1218 2183 1286 2213 Ubi
1309 2181 1518 2222 propinquos
1536 2190 1588 2211 re-

883 2234 933 2274 gis
949 2239 1050 2266 vocat
1069 2234 1196 2273 Livius,
1219 2243 1303 2275 quos
1326 2233 1491 2264 Latrones
1509 2232 1586 2262 Fes=

883 2290 949 2317 tus.
974 2286 1073 2317 Idem.

925 2342 938 2362 Y
964 2337 1024 2368 Sed
1048 2337 1200 2377 sepultum
1221 2335 1254 2365 iu
1281 2334 1436 2365 Aventino
1453 2332 1586 2372 laureto]

883 2388 994 2418 Varro
1009 2386 1066 2417 lib.
1086 2396 1137 2416 1v.
1155 2386 1196 2416 de
1213 2386 1253 2416 L.
1270 2386 1308 2416 L.
1349 2386 1357 2402 ‘
1377 2383 1461 2415 Inde
1478 2385 1586 2415 laure-

883 2442 953 2468 tum
980 2437 1022 2467 ab
1048 2446 1088 2467 eo
1115 2436 1204 2477 quod
1231 2436 1276 2466 ibi
1299 2435 1453 2475 sepultus
1477 2439 1529 2466 est
1543 2435 1584 2465 T.

881 2487 999 2518 Tatius
1024 2496 1097 2527 rex,
1121 2486 1177 2527 qui
1193 2497 1213 2517 a
1231 2484 1457 2516 Laurentibus
1481 2485 1587 2515 inter-

883 2537 993 2568 fectus
1012 2540 1074 2568 est.
1119 2536 1173 2568 Ab
1186 2537 1281 2577 sylva
1298 2537 1424 2575 laurea,
1440 2534 1527 2575 quod
1546 2543 1586 2564 ea

883 2588 929 2619 ibi
947 2588 1074 2627 excisa,
1091 2591 1127 2619 et
1148 2586 1336 2619 aedificatus
1362 2586 1468 2624 vicus,
1484 2589 1522 2615 ut
1539 2584 1587 2614 in-

884 2643 938 2670 ter
948 2649 1078 2670 sacram
1093 2638 1179 2670 viam
1192 2644 1226 2669 et
1238 2636 1415 2669 macellum
1431 2632 1587 2666 editum!

886 2689 982 2720 Idem.
