1876 3025
291 168 354 199 DE
387 162 660 195 VERBORUM
694 154 1103 190 SIGNIFIGATIONE
1138 152 1230 182 LIB·
1264 150 1414 181 XVIII.

136 263 414 304 'fermentum
435 257 553 312 apud
574 256 789 297 Plautum
810 252 1132 294 detrimentum.

1507 137 1592 179 967

1414 243 1541 297 [PAU
1553 253 1593 282 μ.

138 326 351 372 Termesb
382 338 528 368 ramus
559 324 758 377 direptus
776 327 804 346 ¹¹
840 333 896 362 ex
923 319 1094 368 arbore,
1124 327 1206 357 nec
1235 312 1356 355 soliis
1386 311 1597 365 repletus,

198 410 282 439 nec
304 395 434 436 nimis
449 399 482 417 ¹²
505 393 669 446 glaber.

142 466 373 509 Terminoc
396 462 756 510 sacrificabant,'³
781 457 903 512 quod
925 457 970 497 in
993 454 1091 508 ejus
1113 450 1251 494 tutela
1271 448 1376 489 fines
1398 458 1600 501 agrorum

202 547 300 575 esse
328 532 569 586 putabant:
602 528 794 580 denique
827 524 978 566 Numa
1011 519 1265 574 Pompilius
1294 515 1455 556 statuit
1483 525 1601 562 eum,

203 601 280 655 qui
303 599 534 641 terminum
554 599 798 642 exarasset,
829 597 875 632 et
902 592 1063 644 ipsum,
1084 593 1131 629 et
1151 588 1292 628 boves
1313 595 1464 624 sacros
1484 593 1601 621 esse.

145 669 397 717 Terminus,
417 679 506 720 quo
527 666 632 706 loco
653 657 915 709 colebatur,d
935 670 1066 712 super
1086 668 1186 697 eum
1206 653 1404 694 foramen
1425 649 1605 704 patebat

207 739 252 778 in
274 741 410 784 tecto,
433 733 552 788 quod
573 732 697 773 nefas
718 742 814 771 esse
835 731 1034 782 putarent
1052 724 1284 767 terminum
1303 720 1416 760 intra
1436 721 1605 759 tectum

208 804 462 846 consistere.

152 874 413 915 Termonem
436 868 607 910 Ennius
630 865 865 908 terminum
890 862 1018 903 dixit.

152 942 440 982 Termoneme
471 935 639 978 Ennius
693 934 858 975 Graeca
896 928 1209 971 consuetudine
1252 924 1379 973 dixit,

1445 921 1610 976 [FEST.

214 1020 342 1062 quem
364 1019 444 1047 nos
466 1017 580 1045 nunc
601 1001 850 1048 terminum,
872 998 954 1039 hoc
976 996 1108 1038 modo
1127 1009 1136 1036 :
1167 992 1337 1046 Ingenti
1370 990 1493 1031 vadit
1515 1002 1611 1030 cur·

215 1089 282 1125 su,
324 1087 414 1129 qua
443 1071 644 1114 redditus
676 1074 812 1111 termo
844 1079 936 1108 est:
969 1069 1014 1106 et
1043 1065 1185 1105 idem:
1230 1061 1467 1102 Hortatore
1496 1058 1613 1098 bono

214 1143 353 1198 prius,
377 1155 509 1196 quam
537 1140 629 1194 jam
654 1138 815 1179 finibus
838 1142 976 1177 termo
998 1138 1080 1174 est.

159 1212 343 1253 Tersum
367 1208 508 1251 diemf
537 1221 617 1262 pro
645 1218 801 1248 sereno
828 1204 997 1245 dietum
1029 1202 1085 1242 ab
1118 1198 1339 1252 antiquis3
1372 1208 1451 1236 nec
1472 1207 1519 1235 se
1540 1192 1616 1233 ha-

218 1280 322 1320 bere
344 1279 407 1319 rei
429 1283 651 1319 auctorem
676 1275 750 1316 ait.

772 1392 891 1405 αααααα

896 1389 1014 1403 eeeeee

207 1480 244 1508 ιι
276 1477 361 1507 Mss.
386 1477 621 1507 desectus.-12
647 1474 726 1504 νει.
751 1473 809 1504 ιιι).
834 1472 1033 1503 minua-13
1062 1468 1142 1498 Ver.
1168 1465 1228 1496 ub.
1253 1472 1342 1495 sacra
1365 1459 1540 1499 faciebant,
1566 1456 1622 1488 vel

157 1520 294 1562 fiebant.

813 1601 956 1634 NOTAE

167 1670 341 1703 tormento!
386 1670 455 1701 Per
478 1675 684 1701 tormentum
710 1668 871 1708 intelligit

171 1723 313 1752 arietem
331 1730 397 1761 quo
410 1725 648 1760 expugnantur
662 1719 775 1749 nrbes.
802 1718 871 1748 Pro

172 1776 344 1803 tormento
368 1770 472 1810 igitur
495 1768 560 1800 fuit
575 1768 725 1799 Achilles
743 1768 872 1807 Perga-

172 1832 239 1860 mo,
253 1831 319 1862 quo
336 1820 458 1852 moenia
473 1820 545 1860 ejus
564 1819 774 1860 quatiebant.
796 1819 847 1849 Id.

218 1872 232 1894 b
252 1871 390 1911 Termes]
411 1871 536 1902 Ramus
549 1871 703 1910 direptus,
720 1870 772 1900 vel
790 1874 825 1900 ut
841 1869 875 1899 in

175 1924 260 1954 Mss.
279 1924 429 1961 desectus,
444 1932 486 1953 ex
510 1921 645 1960 arbore,
659 1930 768 1962 neque
787 1919 876 1950 foliis

177 1976 328 2016 repletus
351 1983 462 2015 neque
487 1973 526 2004 iis
550 1972 751 2004 destitutus.
775 1972 878 2002 ‘Ter-

176 2035 247 2057 mes
264 2025 363 2056 olivae
376 2023 384 2035 '
410 2023 533 2054 Horat.
551 2022 662 2064 Epod.
675 2031 754 2054 xvr.
771 2023 779 2039 ‘
793 2022 879 2053 Ger-

176 2077 294 2116 miuat,
319 2083 354 2107 et
377 2084 546 2116 nunquam
575 2073 724 2105 fallentis
749 2077 875 2104 termes

179 2126 301 2160 olivae.’
345 2126 413 2157 Ubi
438 2130 536 2156 vetus
560 2125 751 2164 interpres:
777 2123 879 2153 ‘Ter-

179 2179 278 2210 mites
295 2177 457 2209 dicuntur
471 2176 597 2210 caules,
615 2175 737 2216 thyrsi,
753 2184 811 2206 seu
826 2183 880 2204 ra-

180 2230 226 2261 mi
263 2227 440 2260 olearum.'
498 2226 599 2258 Unde
642 2225 852 2256 Glossarium
872 2234 880 2254 ·.

178 2280 337 2311 ‘Termes
365 2277 492 2308 dicitur
516 2276 652 2318 proprie
669 2276 774 2307 caulis
792 2276 884 2306 olea-

184 2341 255 2362 rum
279 2329 459 2360 arborum:
504 2326 572 2358 Sed
598 2326 730 2357 Termis
761 2325 803 2356 de
829 2335 886 2356 cu-

182 2381 326 2422 juslibet
338 2379 471 2411 arboris
485 2387 577 2408 ramo
594 2377 723 2408 dictum
740 2381 805 2408 est.
827 2377 889 2407 Est

185 2436 298 2462 autem
325 2440 344 2460 a
369 2429 494 2460 Graeco
513 2427 631 2469 τέρμις,
648 2428 739 2470 quod
755 2428 788 2459 in
805 2427 889 2458 divi-

188 2481 282 2512 sione
313 2489 482 2520 agrorum,
505 2483 688 2520 autequam
712 2483 812 2510 metae
831 2487 889 2518 po-

190 2534 367 2565 nerentur,
403 2539 511 2560 ramos
541 2529 700 2560 arborum
735 2528 892 2569 figerent.

197 2582 296 2612 Idem.

234 2637 247 2653 e
273 2629 432 2669 Termino]
446 2638 550 2664 over.
563 2638 777 2662 TERM1NOM.
802 2638 890 2661 ΕΧΑ-

199 2689 329 2714 RASSIT.
359 2689 467 2711 lpSVS.
506 2688 560 2710 ET.
590 2689 734 2712 Bovius.
761 2688 889 2712 sAcnssi

196 2740 325 2764 ςνΝΤυ.
351 2731 419 2763 Jos.
437 2730 520 2762 Scal-

971 1663 1132 1704 Termino]
1143 1660 1380 1693 Tei-minorum
1392 1656 1484 1693 Deo,
1493 1653 1548 1695 qui
1563 1651 1625 1683 sub

926 1715 1034 1755 figura
1063 1711 1214 1750 termini,
1236 1710 1298 1740 hoc
1326 1712 1389 1745 est,
1417 1704 1508 1736 rudis
1524 1713 1563 1734 ae
1579 1703 1629 1733 iu-

927 1767 1045 1797 formis
1070 1762 1193 1804 lapidis
1212 1761 1266 1792 vel
1284 1758 1422 1799 stipitis,
1437 1754 1629 1787 colebatur..

929 1816 1034 1849 Ovid.
1055 1816 1150 1846 Fast.
1178 1812 1237 1844 lib.
1268 1820 1310 1841 ιι.
1335 1815 1344 1827 ‘
1361 1806 1535 1846 Termine,
1559 1804 1631 1835 sive

929 1867 1030 1906 lapis,
1047 1866 1116 1896 sive
1132 1873 1169 1895 es
1185 1861 1341 1893 defossus
1359 1859 1392 1889 in
1414 1866 1494 1896 agro
1505 1855 1632 1895 Stipes,

932 1919 974 1949 ab
992 1917 1139 1957 antiquis
1157 1920 1195 1946 tu
1218 1921 1348 1955 quoque
1363 1918 1487 1940 numen
1504 1905 1631 1937 habes-¹

933 1970 986 2000 De
1025 1966 1124 1998 modo
1153 1966 1231 1996 huic
1261 1959 1489 1998 sacrificandi,
1517 1957 1630 1998 deque

934 2020 1008 2061 ejus
1042 2017 1159 2056 sacris,
1189 2024 1264 2057 quae
1293 2010 1500 2044 Terminalia
1531 2007 1637 2047 dicta,

935 2069 1061 2101 ibidem
1078 2066 1183 2098 Ovid.
1210 2065 1296 2096 Duc.

976 2119 991 2140 d
1010 2118 1182 2155 Terminus,
1196 2125 1253 2156 quo
1269 2115 1333 2145 loco
1344 2111 1516 2152 colebatur]
1534 2109 1637 2141 Ovid.

937 2179 976 2201 11.
992 2170 1086 2200 Fast.
1111 2169 1119 2184 ‘
1136 2167 1392 2206 Nuncqrroque,
1410 2172 1445 2193 se
1462 2170 1565 2202 supra
1579 2169 1638 2190 ne-

937 2220 1017 2263 quid
1034 2220 1095 2251 nisi
1109 2219 1220 2250 sidera
1233 2219 1362 2255 cernat,
1381 2214 1545 2253 Exiguum
1555 2216 1640 2242 te1n=

940 2272 987 2314 pli
1017 2276 1108 2303 tecta
1134 2268 1288 2300 foramen
1304 2262 1456 2296 habent.’
1505 2261 1641 2293 Servius

942 2322 1001 2353 lib.
1017 2330 1069 2353 lx.
1086 2320 1162 2352 AEn.
1179 2320 1255 2349 448.
1285 2315 1404 2347 ‘Unde
1421 2314 1454 2344 in
1472 2312 1640 2353 Capitolio

944 2381 1090 2413 superna
1104 2379 1182 2410 pars
1194 2368 1276 2400 tecti
1289 2371 1397 2408 patet,
1407 2374 1479 2406 quae
1495 2362 1642 2403 lapidem

945 2424 1057 2464 ipsum
1082 2419 1232 2452 Termini
1262 2421 1418 2459 spectat:
1457 2423 1533 2444 nam
1563 2413 1642 2443 Ter—

944 2474 1034 2504 mino
1051 2481 1115 2502 non
1142 2470 1207 2501 nisi
1235 2469 1296 2500 sub
1327 2467 1405 2498 divo
1431 2462 1643 2496 sacrificaba-

946 2524 1024 2556 tur!
1042 2524 1140 2554 Idem.

988 2580 1002 2595 e
1023 2572 1216 2612 Ter-monem]
1237 2569 1265 2602 A
1282 2569 1406 2600 Graeco
1421 2565 1550 2605 τέρμων,
1567 2564 1646 2594 Ter-

945 2635 1011 2661 mo,
1029 2629 1066 2656 ut
1080 2623 1122 2655 ab
1143 2622 1281 2662 obliquo
1297 2618 1453 2658 τέρμονος,
1472 2615 1647 2647 terminus.

949 2677 1050 2707 Idem.

990 2726 999 2747 f
1022 2727 1149 2757 Tarsum
1161 2720 1310 2762 diem]1d
1324 2723 1388 2759 est,
1404 2717 1543 2749 siccum.
1564 2715 1648 2747 Ter-
