1876 3025
267 174 352 215 990

695 181 845 212 SEXTI
881 179 1084 210 ΡΟΜΡΕΙΙ
1119 177 1256 208 FESTI

322 278 429 320 unde
447 279 580 320 etiam
599 277 830 318 tumultum
848 275 937 315 dici
959 274 1022 315 ait
1043 272 1239 321 Verrius,
1261 270 1367 325 quia
1383 283 1462 310 uon
1482 266 1648 309 aliunde
1668 268 1706 309 is

325 348 521 398 oriatur,³
544 358 677 400 quam
698 345 753 384 ab
778 343 965 392 Italicis,
987 347 1032 382 et
1053 339 1242 382 Gallicis
1266 337 1461 380 hominib.
1488 337 1557 392 qui
1576 336 1709 377 immi-

322 422 418 455 nent
449 415 614 456 Italiae:
645 414 797 464 itaque
824 410 993 451 nullum
1015 407 1233 449 tumultum
1257 413 1545 461 praeterquam
1566 403 1710 446 Galli-

323 497 420 524 cum
444 487 518 523 aut
538 482 812 522 domesticum
831 476 1108 518 nominabant.

270 549 509 590 Tumulumt
531 547 637 588 Stilo
654 547 802 588 AElius
818 547 882 587 sic
899 545 1069 586 definit:
1091 543 1310 585 Tumulus
1333 545 1401 583 est
1413 539 1596 581 cumulus
1617 551 1708 578 are-

320 631 389 658 nae
419 617 564 658 editus
601 615 845 657 secundum
882 626 999 654 mare
1032 613 1237 653 fluctibus
1265 612 1307 651 in
1340 609 1467 649 altum
1497 606 1706 647 elevatas:

320 686 435 726 unde
469 684 664 725 similiter
695 688 739 724 et
768 695 901 722 manu
933 680 1089 729 sactus,
1126 685 1163 718 et
1190 677 1398 719 naturalis
1423 675 1596 730 proprie
1617 673 1709 714 dici

319 756 484 806 potest.

261 820 558 861 Turbellas4¹¹
588 819 757 860 dixisse
787 817 1003 870 antiquos,
1034 828 1142 869 quas
1183 827 1300 855 nunc
1330 813 1479 854 turbas
1510 808 1707 864 appella-

865 945 1104 959 “oooeeeeaeoo

304 1040 321 1068 3
348 1037 432 1068 Ead.
451 1037 506 1068 ed.
522 1038 729 1068 ornatura—4
748 1035 826 1066 Vet.
843 1034 919 1066 cod.
937 1033 1096 1065 mcv-helas.

911 1186 1052 1219 NOTAE

258 1287 345 1316 cum,
357 1275 446 1317 quod
464 1280 538 1307 erat
555 1276 664 1307 ltaliae
680 1274 852 1310 finitimus,
870 1283 956 1314 prae-

257 1333 353 1358 terea
370 1327 496 1357 nulium
513 1328 695 1357 tumultum
711 1324 957 1357 nominabant.'

254 1378 333 1408 Ant.
350 1377 436 1416 Aug.

302 1428 400 1458 'sumu
412 1448 421 1458 .
437 1449 444 1457 .
461 1450 469 1458 .
484 1451 490 1458 .
504 1426 517 1467 ]
553 1426 712 1458 Tumultus
731 1427 846 1458 dicitnr
862 1427 955 1457 timor

254 1479 380 1509 multus.
428 1479 573 1508 Tumultu
589 1477 705 1508 milites
719 1478 866 1508 dicuntur
883 1477 955 1507 lecti

254 1528 290 1557 ob
314 1528 449 1558 subitum
474 1529 625 1558 timorem.
675 1528 763 1558 Unde
789 1528 880 1558 etium
905 1530 954 1557 lu-

255 1578 385 1608 multum
397 1579 461 1609 dica·
476 1578 521 1608 uit
540 1578 677 1612 Verrius,
693 1578 765 1617 quia
781 1577 809 1607 is
823 1587 882 1607 non
897 1576 954 1607 ali·

254 1631 314 1669 ter,
332 1639 423 1668 quam
446 1628 484 1659 ab
502 1629 624 1659 Italicis
647 1632 676 1659 et
699 1629 833 1659 Gallicis
858 1627 952 1658 hosti-

255 1678 310 1709 bus
346 1680 505 1710 immineat
534 1679 661 1709 Itatioe:
702 1678 807 1718 itaque
838 1678 954 1707 nullum

253 1730 361 1769 alium,
386 1740 476 1770 quam
494 1730 661 1765 Gallicum,
677 1732 730 1759 aut
756 1728 953 1759 domesticum

254 1780 414 1811 timebant.
461 1780 545 1813 Quis
575 1779 754 1820 negaverit
776 1779 862 1810 hanc
879 1787 953 1809 esse

253 1830 360 1870 ipsam
390 1831 485 1861 Festi
516 1830 719 1861 lectionem?
746 1829 833 1870 quod
862 1828 953 1865 dico,

253 1881 334 1920 quia
357 1880 451 1911 docti
476 1880 538 1911 viri
560 1885 681 1911 contra
704 1878 798 1910 Festi
816 1884 952 1910 senten-

253 1930 333 1961 tiam
363 1935 467 1971 atque
499 1929 585 1961 adeo
622 1935 742 1961 contra
773 1929 952 1960 veritatem

252 1980 360 2020 ipsam
388 1980 487 2010 aliter
512 1980 651 2020 legunt:
677 1985 727 2019 ut,
750 1979 778 2009 si
805 1988 882 2009 vera
899 1984 953 2010 est

252 2039 367 2061 eorum
395 2031 510 2070 lectio,
538 2030 717 2061 tumultum
746 2029 847 2059 alium
865 2038 951 2063 esse,

253 2089 352 2120 quam
367 2080 421 2120 qni
444 2079 627 2110 timebatur
642 2089 684 2110 ex
701 2079 810 2110 Gallis
828 2083 863 2109 et
881 2078 951 2109 Ita-

251 2130 336 2168 licis,
350 2128 526 2160 fatendum
544 2129 586 2159 sit
601 2140 608 2159 :
628 2129 715 2169 qnod
731 2128 851 2159 falsum
868 2138 953 2167 esse,

251 2184 287 2210 et
299 2178 515 2210 mediocriter
531 2178 632 2209 docto
650 2179 759 2218 palam
777 2182 841 2209 est.
867 2177 952 2208 Nul-

252 2229 320 2259 lum
356 2229 445 2259 enim
476 2228 576 2259 alium
608 2228 788 2259 tumultum
817 2227 950 2265 dixere,

251 2288 350 2320 quam
369 2278 551 2318 Gallicum,
577 2282 612 2309 et
637 2277 951 2315 domesticum‚hoe

251 2333 317 2368 est,
334 2328 514 2359 Italicum:
534 2333 570 2359 ut
587 2333 707 2368 aperte
724 2327 865 2357 Verrius
878 2327 950 2367 ipse

251 2379 365 2411 docet.
388 2379 457 2410 Jos.
475 2378 560 2409 scat.

293 2428 516 2467 Tumultuarii]
539 2427 662 2459 Iisdem
676 2427 750 2458 fere
765 2427 876 2458 verbis
893 2426 948 2458 Ci-

249 2489 327 2511 cero
343 2479 468 2518 Philip.
486 2487 566 2509 vul.
592 2482 599 2494 ¹
614 2477 703 2509 Quid
720 2482 771 2508 est
790 2477 879 2507 enim
896 2481 947 2507 tu-

249 2530 389 2570 muitus,
402 2528 465 2559 nisi
483 2527 697 2568 perturbatio
710 2531 818 2566 tanta,
830 2531 868 2557 ut
880 2535 949 2556 ma-

243 2580 300 2619 jor
315 2580 414 2610 timor
429 2577 578 2609 oriatur?
602 2577 690 2608 unde
707 2577 809 2607 etiam
827 2585 950 2607 nomen

250 2629 390 2659 ductum
407 2633 460 2658 est
477 2627 652 2658 tumultus.
697 2626 821 2667 Itaque
846 2626 950 2666 majo-

249 2687 302 2708 res
319 2677 426 2708 nostri
454 2677 634 2708 tumultum
659 2677 831 2711 Italicum,
860 2675 949 2717 quod

251 2732 323 2759 erat
340 2727 559 2767 domesticus,
573 2727 753 2759 tumultum
765 2726 949 2764 Gallicum,

1008 1271 1098 1314 quod
1117 1277 1190 1303 erat
1207 1270 1315 1302 Italiae
1342 1268 1515 1306 finitimus,
1541 1271 1708 1307 praeterea

1008 1322 1135 1353 nullum
1153 1322 1333 1353 tumultum
1356 1318 1595 1350 nominabant)
1638 1316 1706 1347 Ubi

1006 1373 1156 1402 tumultus
1171 1376 1307 1411 etymon
1336 1379 1354 1400 a
1379 1369 1487 1399 timore
1514 1367 1708 1404 deducunt;

1007 1432 1081 1453 cum
1108 1422 1221 1462 potius
1242 1430 1259 1450 a
1278 1424 1397 1451 tumore
1424 1418 1501 1448 duci
1527 1416 1708 1453 debuerit3

1007 1478 1118 1504 tumor
1134 1473 1221 1504 enim
1248 1481 1309 1512 pro
1327 1469 1470 1501 tumultu
1496 1466 1587 1508 apud
1612 1467 1709 1497 Cice-

1007 1534 1122 1555 ronem
1139 1523 1277 1554 alicubi.
1312 1520 1377 1552 Sed
1397 1524 1566 1560 praeterea
1587 1516 1706 1547 falsum

1006 1581 1070 1611 est,
1089 1577 1230 1606 Veteres
1251 1574 1377 1604 nulium
1404 1572 1502 1602 alium
1525 1569 1706 1601 tumultum

1007 1627 1208 1664 nominasse,
1226 1635 1324 1665 quam
1352 1623 1507 1654 Italicum
1536 1626 1572 1651 et
1598 1619 1705 1651 Gaui·

1005 1686 1094 1717 cum,
1113 1686 1188 1706 nam
1205 1675 1247 1706 de
1266 1673 1383 1715 quovis
1400 1673 1465 1703 alio
1482 1671 1570 1702 bello
1587 1670 1709 1701 tumul-

1007 1731 1075 1757 tum
1093 1725 1217 1756 dixisse
1234 1729 1365 1755 certum
1380 1727 1442 1753 est.
1467 1722 1547 1752 Duc.

1046 1779 1056 1798 ²
1081 1777 1257 1817 Tumutum]
1298 1774 1462 1806 Tumulum
1477 1772 1582 1803 AElius
1593 1771 1636 1802 sic
1652 1772 1704 1801 de-

995 1828 1076 1868 finit
1090 1838 1099 1857 .·
1122 1828 1270 1857 Tumulus
1285 1828 1330 1856 est
1345 1824 1483 1855 cumulus
1497 1823 1620 1853 harenoe
1640 1821 1705 1851 edi-

1005 1880 1054 1907 tus
1068 1877 1233 1908 secundum
1253 1885 1348 1914 mare,
1363 1872 1527 1914 fluctibus,
1549 1871 1704 1910 ventisque

1004 1928 1197 1958 cumulatus:
1225 1926 1303 1956 unde
1325 1924 1484 1957 similiter,
1500 1926 1530 1952 et
1546 1920 1704 1957 manusue-

1005 1982 1064 2013 tus,
1081 1981 1110 2008 et
1128 1975 1281 2007 naturalis
1293 1975 1417 2016 proprie
1430 1973 1493 2004 dici
1506 1975 1615 2013 potest.
1647 1970 1703 2002 Sic

1004 2026 1148 2057 fortasse
1166 2026 1301 2056 Festus.
1325 2025 1402 2054 Ant.
1414 2022 1500 2061 Aug.

1049 2073 1224 2113 Tumulum]
1263 2074 1423 2104 Tumulum
1440 2072 1543 2102 AEtius
1563 2070 1607 2100 sic
1629 2069 1703 2109 ‹hfi-

1002 2127 1051 2156 nit
1061 2137 1071 2156 :
1098 2125 1244 2155 Tumulus
1258 2127 1304 2154 est
1326 2132 1411 2154 mous
1425 2131 1527 2152 (treme
1542 2121 1642 2151 editus
1657 2129 1703 2149 se-

1003 2177 1135 2207 cundum
1152 2173 1390 2215 nmrefluclibus
1403 2172 1587 2203 sublevatus.
1637 2170 1702 2200 Un-

1002 2228 1039 2257 de
1054 2225 1199 2256 similiter
1223 2227 1253 2254 et
1274 2223 1483 2260 manufactus,
1504 2225 1533 2252 et
1550 2220 1705 2251 naturalis

1001 2276 1122 2316 proprie
1138 2275 1201 2306 clici
1213 2278 1323 2314 potest.
1354 2273 1424 2306 Jos.
1444 2273 1533 2303 Scal.

1048 2324 1225 2364 Tumulum]
1249 2325 1341 2364 Lege
1359 2323 1461 2363 infra,
1482 2322 1515 2351 in
1531 2323 1628 2352 altum
1649 2321 1706 2351 ele-

1002 2380 1095 2416 ναίω,
1131 2377 1182 2406 vel
1217 2376 1363 2412 elevatus,
1400 2383 1523 2413 nempe
1553 2372 1702 2404 cumulus.

1003 2428 1112 2458 Gloss.
1130 2430 1138 2444 ‘
1151 2425 1294 2465 Tamum,
1314 2423 1431 2463 βουνοὶ,
1455 2423 1559 2462 λόφοι,
1575 2421 1702 2460 τύμβοι,

1003 2476 1093 2517 σωροὶ
1109 2476 1192 2515 ’γῆςᾶ
1236 2476 1380 2510 ‘Colles,
1403 2483 1556 2515 aggeres,
1581 2472 1701 2507 tumbi,

1003 2531 1164 2568 aggestus
1181 2524 1306 2556 terrae!
1331 2525 1411 2557 Dae.

1047 2580 1061 2596 ¹¹
1087 2574 1259 2614 Turbellas]
1295 2575 1407 2605 Plaut.
1425 2575 1458 2605 in
1475 2571 1601 2604 Pseud„
1633 2571 1701 2606 Quo

1001 2630 1104 2667 pacto,
1119 2628 1149 2655 et
1170 2627 1302 2664 quantas
1317 2625 1430 2655 soleam
1453 2623 1600 2654 turbellas
1614 2623 1700 2652 dure.

1006 2675 1087 2707 Ant.
1104 2674 1192 2713 Aug.

1049 2724 1222 2765 Tarbellas]
1256 2723 1350 2754 Male
1365 2722 1457 2755 V.C.
1485 2721 1627 2753 Turbela·
1670 2719 1698 2750 A
