1876 3025
309 182 372 211 DE
406 180 677 211 VERBORUM
711 180 1126 211 SJGNIFicATloNE
1162 181 1256 209 Llss.

1291 180 1420 209 XVII.
1496 169 1581 210 895

189 276 368 331 „ficar-e,
399 278 452 318 sic
495 277 713 317 (lictum12
766 276 884 330 quod
924 277 1124 330 proxime
1175 274 1230 315 ad
1277 273 1582 315 similitudinem

185 360 359 399 squamae
373 346 561 399 piscium
584 344 767 394 accedit,
789 344 930 400 utique
961 358 1097 385 eorum
1118 344 1190 399 qui
1210 343 1251 382 in
1279 341 1582 396 prfflmditatz'-

188 412 260 453 bus
279 412 416 454 abditi
455 413 663 466 paludum
703 411 915 467 squallent
949 412 1134 452 maxime.

1200 410 1314 451 Unde
1348 409 1509 450 Ennius
1537 411 1581 451 in

185 481 404 535 Telepho:
450 480 596 531 Quam
620 481 792 521 vestitus
809 480 995 535 squalida
1012 487 1145 535 septus
1166 480 1294 521 stola.

129 548 429 601 squarrososr
450 548 502 588 ab
532 547 669 588 eadem
698 563 958 604 squamarum
990 548 1163 603 piscium
1195 547 1482 588 similitudine
1521 548 1580 588 ait

185 616 332 666 dictos,
355 630 526 671 quorum
565 616 667 657 cutis
693 621 888 668 exsurgat
917 617 974 657 ob
997 616 1220 657 assiduam
1241 615 1437 657 illuviem.
1491 613 1581 655 Lu-

184 683 298 724 cilius
319 701 330 724 :
368 683 621 734 Varronum,
644 699 696 726 ac
715 685 915 738 rupicum
938 698 1174 738 squarrosa,
1197 683 1403 724 incondita
1424 687 1578 724 rostra.

127 751 359 806 Squarrosi
382 755 437 795 ab
458 753 610 795 eadem
632 766 919 807 squamarum
940 752 1228 793 similitudine
1250 752 1372 801 dicti,
1394 751 1577 806 [PAUL.

183 833 367 872 quorum
389 821 503 861 cutis
530 821 728 873 exsurgit
750 821 808 861 ob
831 820 1059 861 assiduam
1081 820 1293 860 illuviem.
1354 819 1578 860 Lucilius:

182 886 442 938 Varronum‚
464 901 517 928 ac
534 888 731 942 rupicum
746 893 775 917 ¹³
794 901 1046 941 squarrosa,
1068 888 1288 929 incondita
1307 892 1463 928 rostra.

126 954 399 996 S'rAGNUMS
421 955 599 1009 quidam
621 956 709 997 dici
733 960 900 1009 putant,
936 956 1056 1010 quod
1089 956 1131 996 in
1164 969 1217 997 eo
1242 969 1359 1010 aqua
1411 954 1578 1009 [FEST.

733 1053 853 1065 “““

857 1053 976 1065 001000

168 1110 208 1138 12
230 1107 294 1139 Ed.
311 1107 400 1138 Scal.
420 1110 429 1127 ‘
447 1109 633 1149 Squalidum
649 1110 811 1141 incultum
829 1115 864 1141 et
879 1110 1045 1141 sordidum
1059 1110 1105 1141 ait
1127 1109 1267 1141 Verrius.

446 1152 635 1194 Significatu
650 1154 694 1185 sic
709 1152 859 1194 dictum‚’
875 1156 944 1186 Sec.

124 1196 206 1224 —13
231 1194 309 1225 Vet.
325 1194 382 1225 lib.
398 1196 547 1235 rupicum.

783 1272 924 1304 NOTAE

124 1332 202 1363 dum
225 1338 342 1365 auctor
365 1339 417 1366 est
438 1335 469 1365 in
486 1336 659 1377 Telepho:
685 1338 694 1354 ‘
710 1337 821 1369 Quam

124 1384 266 1416 vestitus
294 1386 445 1426 squalida
468 1386 577 1418 stola)
622 1387 724 1428 Apud
750 1389 821 1419 No·

122 1435 211 1465 nium
238 1435 270 1466 in
293 1437 411 1468 ‘Stola
426 1436 434 1449 ’
456 1438 619 1479 integrior
643 1449 757 1470 versus
776 1439 820 1470 le·

122 1486 232 1523 gitur:
250 1491 258 1504 ¹
273 1487 381 1529 Cedo,
396 1498 434 1518 ac
444 1498 549 1519 caveo
564 1490 708 1521 vestitus
722 1499 820 1532 squa-

120 1537 187 1567 lida
204 1543 318 1578 septus
334 1539 443 1569 stola!
464 1541 532 1570 Jos.
549 1540 636 1571 Seal.

163 1587 361 1630 Squalidum]
400 1589 511 1620 Aliter
547 1592 659 1630 paulo,
691 1589 748 1621 sed
785 1590 821 1621 in

122 1638 264 1669 eandem
295 1645 442 1670 mentem
469 1640 512 1672 A.
541 1641 674 1673 Gellius
696 1641 753 1672 lib.
780 1649 820 1671 n.

121 1698 150 1718 c.
176 1692 207 1719 6.
233 1694 240 1707 ¹
258 1690 447 1731 Squalere‚’
477 1692 599 1732 inquit,
623 1692 771 1723 ‘dictum
802 1703 821 1723 a

120 1748 332 1778 squamarum
350 1741 536 1772 crebritate
554 1743 820 1783 asperitateque‚

120 1798 194 1828 quae
214 1789 246 1819 in
264 1791 473 1829 serpentium
492 1792 702 1832 pisciumque
719 1793 819 1823 coriis

122 1841 299 1871 visuntur-⁹
322 1842 418 1873 Idem
433 1843 571 1874 Servius
588 1854 596 1882 ;
624 1844 673 1875 ita
690 1848 726 1875 ut
743 1854 819 1885 pro-

121 1891 193 1930 prie
211 1891 242 1922 id
262 1894 427 1933 squallere
445 1895 587 1930 dicatur,
603 1895 691 1936 quod
708 1895 820 1936 aliqua

120 1951 155 1972 re
182 1942 343 1973 incultum
376 1950 410 1975 et
440 1945 586 1977 obsitum
618 1956 705 1977 nova
730 1945 819 1977 facie

120 1992 305 2024 visentibus
344 1994 515 2026 horrorem
556 1997 748 2028 incuteret:
782 2002 819 2028 ut

118 2043 207 2081 apud
239 2043 332 2084 Virg.
371 2044 380 2060 ‘
397 2045 562 2077 Tunicam
593 2048 818 2088 squallentem

118 2092 223 2123 auro!
269 2095 402 2126 Deinde
417 2105 495 2127 vero
509 2096 551 2127 de
569 2096 609 2127 iis
627 2101 758 2128 tantum
777 2108 819 2129 ea

117 2153 181 2174 vox
200 2146 353 2186 usurpari
378 2152 489 2187 coepta
507 2147 550 2177 sit
571 2157 645 2188 quae
668 2148 816 2179 sordium

118 2194 274 2233 congerie
300 2195 427 2226 inculta
453 2201 567 2227 essent
603 2201 639 2227 et
663 2206 817 2237 squamo-

118 2252 166 2273 sa.
205 2244 273 2275 Sed
291 2246 420 2285 optime
436 2247 618 2278 Martinius
636 2257 656 2278 a
670 2247 818 2288 σκελλὸς,

118 2295 243 2334 aridus,
261 2298 409 2337 squalus,
425 2298 610 2338 squalidus,
624 2301 689 2330 ἃς.
713 2299 795 2329 Duc.

159 2349 170 2363 Γ
193 2345 396 2388 Squarrosos]
430 2348 583 2388 Squarrn,
607 2349 673 2388 vel,
697 2352 734 2379 ut
750 2349 816 2380 Ve-

118 2399 208 2425 teres
232 2396 438 2433 scribebant,
466 2398 576 2436 Sostra,
603 2408 723 2439 purum
755 2409 815 2439 pu-

117 2448 185 2474 tum
205 2445 365 2476 Graecum
384 2452 436 2478 est
454 2446 586 2488 ἐσχάρα.
631 2448 730 2480 Quod
749 2447 815 2479 fre-

116 2504 222 2534 quens
238 2495 270 2524 in
288 2495 381 2527 libris
399 2497 598 2529 Graecorum
623 2498 811 2530 medicinis

117 2544 263 2586 Rupices,
279 2551 357 2577 sunt
374 2548 502 2578 rustici.
540 2548 738 2579 Tertullian.
756 2549 765 2565 ‘
777 2559 811 2579 a·

115 2595 183 2634 pud
208 2595 372 2636 rupicem,
390 2601 425 2627 et
441 2597 647 2637 sylvicoham,
662 2602 698 2629 et
719 2607 811 2629 mon-

114 2650 264 2677 strorum
297 2646 500 2677 eruditorem
531 2657 673 2688 scrupea
697 2649 812 2679 schola

115 2695 270 2727 eruditus
283 2696 303 2727 :’
326 2696 483 2728 dicuntur
499 2702 534 2728 et
546 2698 706 2730 Petronas.
733 2698 812 2729 Var-

114 2756 205 2778 rones
219 2747 321 2779 etiam
338 2758 357 2778 a
378 2747 498 2785 var-ris,
512 2748 660 2789 quisunt
676 2749 813 2789 stipites

874 1347 939 1368 non
961 1337 1068 1369 dolati
1092 1336 1255 1378 praeduri,
1274 1346 1312 1366 ac
1335 1335 1473 1375 enodes,
1490 1335 1578 1366 unde

873 1387 1062 1418 Vari-onum
1080 1386 1215 1418 familiae
1231 1386 1263 1416 in
1281 1390 1383 1426 gente
1401 1385 1577 1423 Terentia,

873 1447 913 1468 ac
941 1438 1094 1468 Visellia.
1141 1438 1341 1477 Quanquam
1367 1437 1476 1467 Varro
1502 1437 1575 1477 ipse

872 1487 915 1519 de
926 1498 985 1519 suo
998 1488 1194 1528 cognomine
1206 1488 1346 1528 loquens
1361 1488 1459 1518 aliter
1471 1489 1574 1528 scrip-

872 1539 975 1570 serit:
1002 1549 1076 1570 enm
1095 1548 1230 1578 nempe,
1248 1538 1304 1578 qui
1322 1538 1448 1578 primus
1466 1538 1575 1568 Varro

871 1590 915 1621 sit
931 1589 1179 1631 appellat11S‚in
1197 1589 1335 1629 Illyrico
1348 1588 1476 1618 hostem
1490 1588 1574 1618 Var-

871 1649 987 1671 ronem
1011 1641 1147 1671 nomine
1171 1639 1259 1679 qnod
1286 1643 1460 1678 rapuerat,
1477 1643 1511 1668 et
1532 1638 1575 1668 ad

870 1699 945 1720 suos
963 1694 1174 1729 portaverat,
1192 1688 1224 1718 id
1251 1697 1437 1727 cognomen
1462 1697 1504 1718 ex
1524 1688 1572 1718 in-

870 1739 956 1779 signi
989 1739 1082 1770 facto
1113 1738 1288 1769 meruisse.
1333 1737 1465 1768 Auctor
1494 1737 1574 1768 Ser-

872 1790 954 1825 vius,
981 1790 1039 1831 qui
1067 1794 1120 1821 est
1148 1799 1252 1830 penes
1282 1789 1478 1820 Danielem.
1504 1789 1572 1819 Josv

870 1840 952 1871 Scal.

914 1891 1116 1931 squarrosos]
1152 1890 1288 1920 Falsum
1319 1898 1500 1929 squarrosos
1530 1888 1573 1919 ab

869 1942 1025 1982 squamis.
1070 1940 1100 1972 A
1114 1950 1244 1981 squarra
1273 1940 1375 1979 enim,
1389 1941 1490 1970 velut
1507 1940 1574 1970 Ve-

871 1997 960 2022 teres
987 1991 1183 2022 scribebant
1210 1999 1310 2028 scara,
1335 1989 1423 2029 quod
1449 1999 1571 2029 purum

869 2049 987 2084 putum
1017 2043 1174 2074 Graecum
1207 2047 1258 2073 est
1286 2040 1419 2081 ἐσχάρα,
1446 2041 1479 2072 id
1508 2047 1572 2076 est,

869 2099 1009 2125 ‘crusta
1037 2094 1204 2125 ulceribus
1230 2092 1321 2123 cavis
1353 2091 1574 2122 accrescens.’

868 2145 1006 2184 Rupices
1030 2149 1108 2175 sunt
1138 2143 1265 2174 rustici.
1319 2142 1476 2174 Vurrones
1499 2142 1572 2172 duri

868 2201 903 2228 et
918 2204 1070 2238 agrestes
1095 2196 1246 2227 homines
1264 2205 1282 2226 a
1298 2195 1411 2230 carris,
1428 2195 1498 2225 sive
1515 2205 1569 2225 va-

866 2249 925 2288 ris,
952 2248 1152 2279 informibus
1176 2253 1212 2277 et
1236 2245 1417 2277 furcillatis
1433 2245 1573 2275 baculis.

867 2298 1011 2330 Tertull.
1028 2298 1059 2328 in
1078 2298 1136 2329 lib.
1152 2296 1193 2327 de
1211 2296 1344 2326 anima:
1370 2299 1378 2312 ‘
1399 2294 1570 2335 Rupicum

867 2359 906 2380 ac
922 2350 1125 2387 Varronum,
1150 2347 1271 2388 quibus
1296 2345 1456 2376 alimenta
1480 2345 1569 2385 sapi-

867 2399 967 2429 entiae
984 2398 1132 2429 desunt!
1157 2398 1240 2428 Duc.

909 2454 920 2469 ⁵
943 2448 1113 2488 Stagnum]
1137 2447 1285 2479 Vidend.
1310 2447 1420 2478 Varro
1446 2446 1502 2478 lib.
1519 2455 1567 2477 lv„

866 2498 908 2530 de
926 2499 1024 2539 Ling.
1041 2500 1114 2530 Lat.
1129 2499 1208 2529 Ant.
1226 2498 1312 2536 Aug.

909 2548 1082 2588 Stagnum]
1108 2547 1209 2580 Quod
1237 2548 1270 2577 in
1301 2556 1341 2577 eo
1374 2555 1460 2586 aqua
1487 2549 1567 2575 stet.

865 2598 982 2629 Servio
999 2608 1145 2639 quoque,
1172 2602 1206 2627 et
1228 2596 1372 2627 Isidoro.
1417 2594 1516 2625 Unde
1532 2595 1568 2625 in

867 2649 979 2680 Closs,
990 2648 1172 2688 exponitur
1184 2644 1394 2687 ὑδροστάσιον.
1417 2645 1483 2676 Sed
1497 2655 1566 2676 me-

867 2699 931 2729 lius
961 2698 1016 2729 alii
1046 2707 1065 2728 a
1094 2697 1239 2737 στεγνὸν,
1272 2706 1333 2737 pro
1361 2705 1427 2736 quo
1460 2695 1566 2726 Siculi

867 2749 985 2781 dixere
1009 2747 1158 2787 σταγνόν.
1203 2748 1264 2779 Est
1284 2751 1397 2777 autem
1421 2745 1564 2786 στεγνὸν,
