1876 3025
311 123 422 166 1050
760 135 908 166 SEX'm
942 134 1144 164 POMPEH
1177 135 1312 166 Fsss‘m

306 229 525 283 plica-cere,
545 231 658 271 male
679 243 813 283 remp.
836 242 1007 281 gessere.
1070 227 1206 273 SEX.
1240 229 1520 272 POMPEI.
1553 231 1753 275 FESTJ.

315 298 400 338 DE
431 295 712 339 VERBOR.
757 295 859 336 SJG
873 295 956 336 NI.
1000 294 1126 338 LIB.
1159 298 1228 340 16.
1277 297 1544 341 INCIPIT.
1591 302 1754 343 FELI-

314 365 521 406 CITER.
557 363 641 404 OB
675 361 1094 404 PRAEPOSJTJO
1126 362 1322 405 ALIAS
1354 366 1648 409 PONITUR
1676 383 1755 421 pro

316 433 478 482 circum,
500 439 545 472 ut
567 446 656 472 cum
686 430 853 471 dicimus
879 430 1016 471 urbem
1047 433 1253 480 obsideri,
1276 432 1502 488 obsignari,
1525 434 1728 475 obvallari
1744 452 1756 475 .-

315 500 420 540 alias
439 499 604 553 ponitur
626 500 670 540 in
691 500 829 540 vicem
866 499 1194 553 praepositionis,
1215 515 1302 555 quce
1331 507 1387 541 est
1420 508 1606 556 propter,
1628 509 1675 543 ut
1707 502 1756 542 ob

315 568 473 617 merita,
496 568 551 608 ob
573 573 802 621 superatos
823 566 963 607 hostes.
1031 565 1144 607 Unde
1176 567 1341 617 obsides,
1369 582 1446 622 pro
1477 568 1636 623 obfide3‚
1650 570 1760 624 quod

317 634 512 688 obsidem
540 636 695 689 patriae
732 635 1031 688 praestandam
1064 634 1243 675 dantur:
1274 635 1379 676 alias
1401 650 1481 690 pro
1503 635 1757 691 adponitur,

316 710 361 742 ut
386 702 570 743 Ennius.-
600 703 670 744 Ob
691 703 876 744 Romam
899 710 1025 744 noctu
1050 702 1221 758 legiones
1241 702 1384 745 ducere
1402 705 1544 758 coepit:
1573 712 1612 745 et
1633 704 1759 745 alibi.-

318 773 376 812 ob
397 771 574 825 Trojam
598 772 738 812 duxit.
800 770 1118 821 Oculissimum,y
1140 771 1401 813 carissimum.
1448 772 1576 813 Plau.
1604 772 1760 814 Oculis·

317 839 472 879 simum
493 839 653 880 ostium
675 840 845 881 amicae.
907 838 1020 879 Idem
1041 839 1083 879 in
1115 838 1358 880 Curculione
1378 840 1607 882 oculissime
1630 842 1760 892 dixit,

318 907 568 962 significatq.
606 907 677 962 qui
708 906 814 947 clare
845 907 1000 961 aspicit.
1063 906 1191 956 Idem,
1236 907 1279 947 in
1317 905 1547 958 Pseudolo,
1592 909 1762 950 oscula-

318 979 408 1015 tum
429 980 459 1004 ¹⁵
481 988 561 1028 pro
584 975 778 1028 praesenti
795 975 946 1029 posuit,
967 990 1054 1014 cnm
1087 974 1214 1014 dixit:
1249 973 1387 1015 Emito
1421 976 1490 1016 die
1522 989 1642 1017 caeca
1669 977 1763 1017 her-

320 1043 417 1083 cule
453 1042 614 1093 olivum,
650 1042 694 1083 id
723 1042 884 1083 vendito
919 1042 1077 1083 oculata
1115 1042 1191 1083 die.
1254 1043 1378 1083 Idem
1413 1043 1517 1084 alibi
1538 1043 1761 1084 oculatum

321 1111 482 1165 Argum
512 1110 640 1155 dixit:
671 1111 786 1165 quod
821 1125 900 1165 per
936 1117 1062 1150 totum
1092 1123 1231 1164 corpus
1262 1109 1391 1151 oculos
1422 1109 1556 1150 habet.
1616 1111 1761 1151 Idem:

323 1179 470 1219 Pluris
492 1184 560 1220 est
583 1178 777 1220 oculatus
799 1179 907 1219 testis
928 1192 1045 1229 unus,
1064 1191 1198 1232 quam
1214 1177 1343 1218 auriti
1364 1176 1507 1228 decem,
1528 1177 1572 1218 id
1591 1182 1669 1228 est,
1688 1179 1763 1232 qui

324 1259 372 1286 se
394 1247 560 1288 vidisse
583 1248 722 1288 dicat.-
754 1247 914 1287 ductam
936 1253 1071 1286 autem
1091 1246 1150 1286 ait
1178 1244 1341 1286 Verrius
1363 1244 1464 1286 hanc
1496 1246 1681 1286 formam
1708 1245 1764 1286 ab

322 1314 439 1354 oculi
478 1314 766 1369 appellatione.
832 1312 1018 1355 Oculitus
1049 1312 1212 1362 dicitur,
1255 1320 1299 1353 ut
1321 1312 1545 1368 j'ztrzditus,
1575 1312 1763 1366 penitus,

323 1382 572 1436 significatq.
591 1390 675 1423 tam
696 1397 834 1423 carum
858 1397 948 1432 esse,
967 1396 1088 1436 qaam
1105 1381 1281 1430 oculum,
1302 1382 1373 1422 vel
1393 1381 1530 1421 instar
1550 1379 1656 1421 oculi
1676 1393 1764 1420 esse.

328 1447 521 1504 Odefacit
544 1449 729 1490 dicebant
750 1450 919 1503 antiqui
941 1450 997 1490 ab
1030 1449 1179 1498 odore,
1206 1462 1285 1503 pro
1321 1447 1497 1503 olefacit,
1518 1454 1648 1488 vetere
1664 1462 1763 1502 qua-

324 1517 417 1557 dam
440 1519 752 1558 consuetudine
773 1515 1005 1558 inmutandi
1025 1516 1176 1567 literas,
1198 1531 1284 1571 quoe
1303 1524 1410 1566 sunt,
1430 1520 1478 1557 ut
1498 1529 1619 1570 saepe
1642 1517 1768 1566 alias,

324 1589 417 1626 tum
438 1587 481 1626 in
510 1585 602 1639 [2¹8]
635 1586 717 1626 hoc
739 1598 917 1639 quoque
942 1585 1052 1625 libro
1074 1589 1294 1625 contentae.
1313 1597 1323 1625 ε
1354 1597 1454 1637 quae
1475 1597 1580 1634 vox,
1603 1589 1651 1625 ut
1671 1584 1768 1637 qui-

326 1653 512 1694 busdam
525 1653 769 1703 videtunex
787 1653 946 1695 Graeca
959 1654 1054 1704 ὀσμὴ
1077 1657 1219 1694 tracta
1232 1658 1316 1693 est.
1349 1652 1549 1693 Octaviae
1572 1652 1769 1705 porticus

328 1721 428 1762 duae
451 1722 742 1774 appellantur,
776 1735 960 1775 quarum
991 1721 1186 1769 alteram,
1208 1720 1374 1761 theatro
1398 1719 1598 1760 Marcelli
1621 1721 1771 1773 propi-

328 1801 464 1837 orem,
488 1788 679 1830 Octavia
694 1803 814 1830 soror
836 1789 1028 1843 Augusti
1050 1789 1182 1839 fecit;
1217 1789 1397 1829 alteram
1419 1787 1587 1828 theatro
1611 1787 1769 1840 Pomp.

327 1857 572 1909 proximam
595 1856 695 1897 CN.
720 1857 950 1905 Octavius,
973 1855 1070 1897 CN.
1095 1856 1224 1905 filius,
1245 1856 1318 1909 qui
1340 1855 1420 1896 fuit
1441 1854 1542 1895 AEd.
1566 1867 1655 1895 cur.
1672 1855 1768 1895 PR.

329 1937 424 1964 cos.
448 1925 743 1965 decemvirum
763 1924 794 1949 ¹⁶
817 1924 956 1965 sacris
984 1923 1215 1972 faciendis,
1248 1923 1573 1976 triumphavitq.
1596 1923 1649 1962 de
1672 1935 1769 1974 rege

330 1991 463 2031 Perse
485 1993 629 2032 navali
654 1993 899 2045 triumpho:
930 2005 1061 2044 quam
1091 1991 1363 2031 combustam
1393 1989 1672 2029 reficiendam
1696 2003 1770 2030 cu-

329 2059 441 2098 ravit
462 2059 611 2099 Caesar
632 2060 873 2110 Augustus.
925 2059 1097 2112 Ogygia
1118 2058 1280 2097 moenia
1303 2056 1469 2096 Accius
1491 2056 1533 2094 in
1558 2055 1771 2096 Diomede

332 2126 563 2178 appellans
586 2128 803 2177 sig-nificat
820 2126 1011 2173 Thebas,
1031 2126 1105 2178 qui
1129 2138 1223 2165 eam
1245 2126 1396 2165 urbem
1421 2123 1602 2175 Ogygus
1619 2126 1649 2153 ¹7
1673 2136 1773 2164 con-

332 2192 496 2232 didisse
538 2193 734 2233 traditur.
816 2194 1026 2242 Occasio,
1067 2193 1372 2246 opportunitas
1411 2192 1618 2243 temporis
1664 2204 1771 2232 casu

938 2311 1174 2324 eeeeeeeeeeee

379 2392 415 2420 15
442 2389 465 2420 f.
480 2390 731 2420 oculatum-16
755 2389 777 2421 f.
792 2401 815 2421 ,τ
831 2391 976 2422 vin—17
1000 2390 1024 2421 f.
1045 2392 1185 2431 Ogyges.

987 2509 1127 2541 NOTAE

378 2589 385 2609 ³
416 2582 648 2622 Uc1clissimum]
673 2583 713 2613 In
730 2583 877 2615 editione
897 2583 1027 2625 Augus·
1082 2585 1138 2614 vix
1167 2585 1199 2615 in
1225 2594 1264 2615 eo
1292 2588 1464 2625 appareat.
1489 2584 1498 2601 ‘
1519 2582 1643 2623 Argum
1662 2585 1773 2615 ocula-

336 2634 463 2664 tiniam-<1
499 2634 591 2664 locus
629 2633 681 2664 hic
716 2634 892 2665 mendosus
931 2636 1027 2670 adeo,
1082 2634 1171 2665 tum’
1189 2635 1328 2665 Plautus
1344 2635 1597 2672 dixit‚Gra=c0s
1614 2635 1777 2674 imitatum,

335 2685 505 2724 luxatnsq.
524 2683 677 2724 habetur,
693 2689 730 2715 ut
748 2684 839 2716 Festi
862 2684 1030 2716 sententia
1083 2685 1137 2727 qni
1155 2683 1314 2722 πανόπτην
1330 2685 1421 2715 illum
1439 2684 1624 2724 appellant.
