1876 3025
255 157 339 199 902

695 165 842 197 SEXTI
876 166 1078 195 ΡΟΜΡΕΙΙ
1113 165 1248 196 FESTI

312 261 412 301 dam
436 260 740 309 Romanorum,
771 257 947 311 Trojano
967 257 1092 310 stirpe
1121 264 1215 298 ante
1244 257 1465 300 conditam
1502 258 1689 300 Romam

305 333 559 381 procreatas.
608 327 729 367 Idem
754 324 934 366 Livius:
958 324 1193 376 ostrymon
1214 324 1424 380 quemdam
1439 330 1451 347 ⁵
1472 332 1689 365 memorant

313 395 451 436 Graio
482 395 615 448 stirpe
637 393 839 434 extitisse.

897 391 1057 432 Ennius
1080 391 1236 434 Amtal.
1256 391 1299 434 6.
1331 393 1519 434 Nomine
1535 398 1550 423 7
1584 392 1691 447 Pyr-

314 463 409 503 rhus
426 462 436 484 t
456 462 519 501 uti
537 467 759 501 memorant
782 474 809 501 a
828 461 960 513 stirpe
981 473 1186 513 supremo
1222 490 1230 499 .

310 534 377 570 est
416 541 576 570 revoca
591 528 606 551 ⁸
642 527 841 568 fratremu
878 526 1009 566 eodem
1045 526 1168 580 stirpe
1201 533 1451 582 prognatum
1486 527 1693 580 plaudite,

311 609 438 650 quam
460 596 612 636 Gallus
636 594 771 636 AElius
791 594 846 634 sic
868 594 1025 644 definit,
1047 595 1180 648 stirps
1203 600 1270 634 est
1289 593 1693 648 gentispropugatio,

310 671 356 703 uc
373 665 472 717 quis
493 676 519 704 a
541 676 718 716 quoque
738 668 806 703 est
820 669 836 695 9
857 669 1102 715 prognatus.
1147 660 1303 714 Stil-pes
1323 667 1455 701 autem
1469 674 1546 714 per
1561 668 1694 699 trans-

312 729 501 770 lationem
527 731 731 772 dicuntur
752 729 803 770 ab
825 729 1018 783 stirpibus
1050 729 1099 769 iis
1121 743 1207 784 quce
1246 729 1321 768 sub
1354 729 1454 768 imis
1476 728 1694 769 arboribus

311 804 546 837 nascuntur.

255 864 538 915 Stiricidium,
560 865 686 918 quasi
706 863 993 912 stillicidium,
1015 876 1112 903 cum
1127 863 1259 903 stillae
1279 865 1493 903 concretae
1516 860 1695 913 [PAUL.

310 932 467 983 frigore
488 931 658 973 cadunt.

313 999 449 1039 tivum
458 1029 466 1037 .

859 1074 974 1085 eeeeee

718 932 851 972 Stiria
871 931 982 971 enim
1004 930 1247 984 principale
1276 935 1354 979 est,
1375 929 1490 969 stilla
1511 927 1695 968 diminu-

978 1074 1092 1086 eeeeee

296 1142 314 1170 7
340 1140 424 1170 Ead.
442 1139 495 1169 ed.
519 1139 526 1155 ‘
542 1139 662 1170 Ennius
677 1138 813 1170 Annibal
832 1138 1065 1170 Nomine.'—s
1090 1137 1174 1168 Ead.
1190 1136 1242 1168 ed.
1260 1139 1304 1167 est
1320 1138 1518 1168 revocem—9
1537 1134 1620 1166 Ead.
1637 1135 1692 1166 ed.

258 1183 311 1213 ‘ut
329 1183 407 1223 quia
425 1192 557 1223 quoque
576 1182 649 1214 est!

909 1257 939 1287 N
946 1255 1045 1286 OTAE

256 1322 305 1352 dis
321 1321 393 1352 loco
410 1320 572 1361 deceptos
589 1321 693 1352 tradit
718 1322 768 1351 vir
792 1321 949 1352 doctissi-

255 1381 390 1410 1n118‚ea
404 1377 530 1401 tantum
545 1372 673 1401 ratione
688 1372 848 1401 subnixus
861 1370 947 1410 quod

256 1422 298 1452 de
330 1422 422 1452 Livio
455 1421 648 1452 Andronico
666 1421 950 1460 nihilhujusmodi

256 1473 401 1502 Veteres
422 1471 613 1511 prodidere,
637 1471 794 1511 quodque
823 1470 950 1500 duode-

257 1523 377 1562 viginti
395 1521 551 1553 librorum
570 1523 693 1552 mentio
710 1522 818 1552 Ennio
838 1522 950 1561 potius

255 1573 424 1613 congruit,
439 1582 537 1612 quem
564 1572 705 1603 totidem
729 1572 830 1602 libros
847 1571 950 1610 scrip-

257 1624 338 1653 sisse
361 1632 402 1652 ex
427 1632 540 1653 eorum
557 1622 754 1662 fragmentis
772 1621 894 1661 passim
920 1622 950 1650 in

256 1674 561 1705 Grammaticorum
590 1673 683 1703 libris
707 1672 789 1702 satis
810 1675 950 1702 constat.

255 1723 323 1754 Sed
350 1723 447 1754 futile
472 1729 524 1754 est
552 1728 728 1762 utrumque
755 1722 834 1752 illud
855 1731 952 1761 argu-

257 1780 420 1813 mentum,
447 1780 481 1804 et
509 1774 559 1803 vel
583 1773 718 1803 minimo
735 1772 804 1802 ictu
823 1771 952 1811 percul-

258 1834 328 1856 sum
359 1825 438 1862 ruit,
468 1829 505 1855 ut
539 1824 646 1864 quivis
681 1822 778 1853 facile
811 1821 951 1852 videbit.

256 1874 459 1906 Diomedem
485 1874 633 1913 aliosque
649 1872 768 1902 asserit
785 1872 836 1902 hic
859 1871 953 1901 Festi

257 1924 362 1958 locus,
379 1925 434 1965 qui
453 1924 558 1953 virum
576 1923 664 1953 omni
681 1922 780 1953 laude
795 1923 953 1962 majorem

258 1975 368 2009 latuit,
390 1975 442 2004 vel
459 1974 577 2004 saltem
595 1983 660 2003 non
677 1979 729 2003 sat
746 1972 777 2002 ei
795 1981 952 2011 perspec-

260 2031 313 2055 tus
330 2024 403 2054 fuit.
452 2024 621 2054 Historias
648 2023 749 2062 igitur
775 2026 810 2051 et
837 2030 954 2060 prorsa

260 2081 296 2105 et
309 2075 449 2105 metrica
466 2074 617 2104 oratione
641 2073 756 2102 Livius
777 2071 954 2110 scripserit

259 2134 398 2156 necesse
415 2128 480 2162 est,
498 2124 586 2164 quod
606 2123 726 2163 priscis
743 2122 886 2152 illistron
905 2121 953 2150 in-

261 2175 372 2205 solens
411 2172 513 2203 fuisse
544 2181 658 2202 omnes
696 2176 828 2201 norunt.
876 2170 953 2200 Huc

261 2226 404 2256 accedat
419 2224 505 2264 quod
529 2224 611 2254 Livii
629 2223 809 2254 Annalium
838 2223 951 2253 memi-

261 2277 311 2306 nit
330 2276 447 2305 Festus
465 2274 496 2304 iu
515 2284 595 2304 voce
612 2275 620 2290 ‘
635 2272 804 2312 surregit?
830 2273 953 2303 Versus

261 2326 362 2357 etiam
379 2335 420 2355 ex
437 2324 586 2364 ejusdem
603 2324 780 2354 Annalium
798 2323 855 2354 lib.
869 2332 892 2353 1.
919 2327 954 2353 et

260 2387 300 2409 lt.
332 2378 444 2417 legere
485 2381 535 2405 est
575 2376 607 2405 in
638 2384 720 2405 voce
758 2375 767 2390 ‘
787 2372 954 2414 quamde?

262 2428 350 2458 Nam
380 2427 440 2457 viri
468 2425 561 2455 docti
592 2425 647 2465 qui
676 2434 733 2454 eos
763 2424 869 2454 Ennio
895 2423 953 2452 tri·

261 2477 368 2507 buunt
406 2476 494 2505 nullo
528 2474 682 2504 nituntur
708 2472 951 2503 fundamento:

261 2527 327 2558 Adi
356 2526 477 2556 locum.
531 2524 652 2562 Neque
679 2528 731 2553 est
761 2522 847 2563 quod
879 2524 953 2562 quis

262 2578 367 2615 dicat,
393 2584 456 2605 non
483 2574 535 2604 hic
567 2573 696 2604 Livium
724 2572 952 2602 Andronicum

261 2626 437 2660 nominari,
452 2624 511 2655 sed
526 2624 564 2654 Τ.
583 2623 711 2653 Livium
736 2622 953 2660 l'atavinum,

261 2686 326 2707 non
344 2675 431 2716 quod
447 2675 486 2704 T.
505 2673 634 2704 Livium
657 2673 767 2702 forsan
785 2676 819 2702 et
841 2672 953 2711 legere

263 2733 297 2758 et
324 2726 516 2758 exscribere
542 2733 605 2755 non
631 2724 781 2764 potuerit
806 2723 955 2756 Verrius,

1001 1320 1058 1350 sed
1077 1320 1164 1360 quod
1184 1319 1364 1350 absurdum
1379 1318 1423 1348 sit
1442 1322 1563 1357 putare
1581 1315 1696 1346 Verri-

1002 1379 1055 1399 um
1072 1379 1113 1399 ex
1128 1370 1166 1399 T.
1184 1369 1289 1403 Livio,
1306 1369 1471 1407 scriptore
1487 1376 1544 1396 suo
1561 1366 1696 1404 συγχρό-

1000 1434 1053 1460 νῳ,
1070 1422 1215 1452 historiae
1233 1419 1359 1460 aliquid
1387 1418 1548 1456 hausisse,
1573 1422 1608 1447 et
1631 1426 1696 1446 non

1002 1472 1113 1512 potius
1138 1481 1179 1502 ex
1209 1470 1326 1501 iisdem
1345 1467 1494 1499 fontibus
1512 1467 1600 1497 unde
1619 1467 1697 1496 hau-

1003 1522 1147 1553 εει-ΜΤ.
1163 1520 1290 1551 Livius.
1323 1519 1516 1550 Praesertim
1534 1526 1609 1547 cum
1627 1516 1699 1546 nul-

1003 1571 1067 1601 lam
1099 1571 1171 1611 ejus
1211 1569 1292 1599 alibi
1321 1567 1523 1598 mentionem
1562 1564 1698 1603 fecerit,

1003 1630 1101 1661 quem
1127 1619 1250 1660 alioqui
1267 1618 1390 1657 saepius
1407 1616 1543 1646 laudare
1560 1623 1699 1645 necesse

1003 1671 1184 1701 habuisset.
1231 1669 1296 1700 Sed
1315 1668 1387 1698 haec
1403 1667 1436 1696 in
1455 1666 1539 1696 Livii
1556 1665 1698 1704 gratiam

1004 1721 1097 1751 dicta
1112 1725 1222 1753 sunto,
1235 1719 1288 1748 cui
1301 1717 1454 1748 dolebam
1467 1715 1617 1746 historici
1632 1715 1702 1744 lau-

1004 1772 1080 1801 dem
1098 1781 1116 1800 a
1133 1770 1202 1799 viro
1219 1768 1412 1799 doctissimo
1423 1763 1627 1805 aliquamdiu
1641 1765 1701 1795 im-

1005 1821 1125 1851 merito
1143 1819 1245 1850 fuisse
1262 1822 1432 1857 negatam.
1450 1815 1531 1845 Duc.

1047 1876 1058 1892 Γ
1095 1871 1235 1901 Tradunt
1267 1866 1424 1906 familias]
1464 1865 1511 1895 Ut
1542 1863 1700 1894 familiam

1006 1922 1221 1953 Nautiorum.
1268 1919 1356 1949 Vide
1370 1925 1471 1957 supra
1485 1916 1517 1946 in
1533 1917 1542 1930 ‘
1559 1915 1701 1946 Nautio-

1005 1971 1103 2002 rum.’
1126 1971 1223 2000 Idem.

1047 2026 1058 2040 Β
1084 2022 1252 2059 Ostrymon
1269 2017 1442 2057 quemdam]
1460 2017 1513 2046 De
1529 2015 1593 2044 hoc
1619 2012 1701 2044 nihil

1005 2075 1215 2109 compertum
1232 2069 1351 2098 habeo.
1376 2067 1475 2096 Idem.

1048 2119 1057 2138 ί
1080 2118 1212 2148 Nomine
1231 2115 1387 2157 Pyrrhus]
1413 2115 1501 2146 Male
1519 2114 1607 2154 apud
1632 2114 1703 2145 No·

1005 2169 1097 2199 nium
1128 2168 1263 2198 homines
1293 2176 1353 2206 pro
1385 2166 1517 2203 nomine,
1549 2166 1581 2195 in
1620 2173 1701 2194 voce

1006 2218 1154 2258 ‘stin-ps!
1200 2217 1374 2256 Integrum
1403 2215 1582 2255 distichon,
1610 2214 1703 2244 ‘Na-

1007 2268 1061 2299 vo’
1076 2273 1228 2308 repertus
1242 2267 1339 2297 homo
1354 2265 1459 2297 Graio
1477 2271 1588 2305 patre,
1603 2264 1702 2297 Grai·

1006 2328 1043 2348 us
1065 2318 1172 2355 homo,
1199 2318 1283 2350 Rex,
1306 2315 1450 2346 Nomine
1474 2315 1636 2354 Pyrrhus,
1654 2314 1702 2344 uti

1006 2371 1205 2401 memorant,
1223 2376 1240 2395 a
1259 2367 1364 2405 stirpe
1383 2366 1564 2404 supremoss
1598 2364 1702 2394 Scali-

1008 2428 1089 2459 gero
1115 2417 1269 2457 placebat
1287 2416 1443 2446 Aimoniae
1457 2414 1610 2455 Pyrrhus,
1628 2414 1699 2444 Me-

1008 2469 1089 2499 rulae
1115 2467 1276 2497 Chaonicoe
1292 2465 1448 2506 Pyrrhus.
1493 2464 1703 2494 Vetustiores

1008 2527 1139 2558 sequor.
1160 2517 1255 2547 Idem.

1051 2572 1063 2588 ¹¹
1088 2568 1147 2597 Est
1164 2576 1271 2596 revoca
1279 2564 1432 2603 fratrem]
1458 2563 1582 2593 Forsan
1599 2566 1638 2601 st,
1653 2572 1702 2594 re-

1008 2627 1077 2648 voca
1093 2617 1229 2654 fratrem
1246 2615 1305 2645 sed
1330 2614 1390 2644 hoc
1408 2613 1520 2643 forsan
1537 2613 1701 2643 indictum

1009 2667 1170 2708 oportuit.
1215 2665 1257 2694 In
1286 2665 1325 2694 iifl
1349 2673 1422 2704 quae
1449 2662 1571 2693 desunt
1598 2663 1697 2703 petiit

1010 2718 1118 2760 poiitae
1135 2716 1306 2757 cujusdam
1324 2723 1455 2745 nomen.
1474 2713 1573 2744 Idem.
