1876 3025
273 191 361 233 998
718 199 867 230 sssxri
900 198 1103 229 POMPEH
1139 198 1274 230 Fsssrl

275 290 482 336 Valvolik
499 292 683 334 folliculi
699 292 816 333 fabae
831 291 1043 345 appellati
1056 294 1167 342 sunt,
1181 290 1308 345 quasi
1321 288 1533 339 vallivoli,
1555 289 1721 344 [FEST.

334 362 440 415 quia
460 361 578 402 vallo
599 361 703 402 facti
723 360 1020 401 excutiantur.

277 426 484 483 Vapula¹
515 428 713 482 Papiria,
747 429 792 468 in
825 427 1060 481 proverbio
1089 426 1282 480 antiquis
1303 426 1416 468 fuit:
1446 425 1498 466 de
1517 437 1605 479 quo
1627 424 1726 465 Sin-

335 498 434 537 nius
456 495 616 549 Capito
637 495 702 536 sic
721 494 864 543 refert,
885 498 974 535 tum
998 493 1089 536 dici
1112 494 1291 534 solitum
1311 506 1422 544 esse,
1446 506 1546 534 cum
1563 492 1728 533 vellent

335 563 604 604 minantibus
638 562 885 616 significare
919 575 968 602 se
1003 575 1079 603 eos
1112 561 1356 615 neglegere,
1392 565 1434 602 et
1454 574 1541 601 non
1562 572 1728 609 curare,

335 631 471 671 fretos
503 631 601 684 jure
635 630 873 671 libertatis.
934 630 1120 671 Plautus
1151 630 1193 670 in
1225 629 1568 670 Feneratrice:m
1602 627 1729 667 Heus

338 703 399 746 tu,
420 697 464 738 in
485 697 690 738 barbaria
706 696 824 750 quod
845 696 1015 738 dixisse
1038 696 1196 737 dicitur
1215 696 1374 737 liberta
1396 709 1490 736 suae
1513 698 1729 748 patronae,

336 765 438 806 ideo
460 765 572 811 dico,
591 765 751 806 liberta
766 765 902 813 salve,
920 765 1081 818 vapula
1105 764 1301 817 Papiria.
1353 763 1404 804 In
1423 761 1631 803 barbaria
1646 766 1731 810 est,

338 833 384 873 in
407 833 555 874 Italia.
616 834 759 874 AElius
790 833 875 873 hoc
906 833 1010 873 loco
1041 832 1204 885 vapula
1237 831 1428 885 positum
1456 843 1550 871 esse
1572 828 1634 870 ait
1655 840 1731 881 pro

341 900 456 941 dole.
497 901 639 942 Varro
660 913 741 956 pro
762 901 872 955 peri,
893 905 1003 941 teste
1019 899 1228 940 Terentio
1251 899 1294 940 in
1319 898 1604 939 Phormione:
1628 895 1733 937 Non

341 974 387 1008 tu
402 974 419 990 ¹¹
694 999 704 1009 .
1085 998 1092 1006 .
1724 994 1733 1002 .

342 1040 387 1076 et
426 1036 586 1077 Plauto
626 1037 669 1077 in
705 1035 1023 1077 Curculione:⁰
1055 1035 1247 1084 Reddin,
1285 1047 1339 1074 an
1374 1046 1476 1083 non,
1513 1032 1735 1073 mulierem

342 1104 478 1156 prius,
511 1117 643 1157 quam
677 1110 719 1145 te
752 1104 855 1145 huic
891 1117 1000 1144 meae
1034 1103 1265 1144 machaerae
1287 1101 1466 1155 objicio,
1498 1097 1734 1151 mastigia?

343 1171 505 1224 vapula
520 1185 622 1224 ergo
643 1175 725 1213 te¹¹
749 1171 1028 1213 vehementer
1042 1170 1183 1225 jubeo
1205 1183 1257 1211 ne
1280 1183 1348 1209 me
1370 1168 1553 1210 territes.

896 1279 1133 1291 eeeeeeeeeeee

332 1347 367 1375 11
396 1345 458 1376 Vir
473 1345 561 1377 doct.
579 1346 610 1376 in
630 1355 737 1386 marg.
759 1345 813 1377 ed.
829 1345 919 1377 Scal.
936 1346 1079 1386 conjicit
1094 1345 1240 1384 vapulare
1257 1353 1342 1382 ergo,

946 1430 1090 1463 NOTAE

332 1494 347 1515 ¹<
375 1495 508 1534 Vah-oli]
530 1495 635 1536 Lege,
655 1496 800 1536 appellati
815 1499 887 1527 sunt
901 1496 990 1536 quasi

289 1546 438 1585 vallivoli,
461 1546 534 1586 quia
560 1547 638 1577 vallo
656 1546 759 1585 fracti
779 1549 988 1578 excutiantur.

292 1598 425 1628 Valvoli
454 1598 673 1637 leguminum,
698 1600 871 1640 praecipue
898 1599 990 1630 faba-

293 1657 380 1688 rum,
399 1646 540 1678 folliculi
560 1647 609 1678 sic
623 1648 719 1687 dicti,
735 1649 822 1689 quod
842 1650 942 1688 vallo,
957 1649 990 1679 id

293 1704 358 1737 est,
387 1697 475 1728 fuste
503 1696 605 1728 fracti
641 1699 799 1730 volitent.
843 1700 992 1739 Margini

294 1748 478 1788 ascriptum
496 1747 708 1785 fuitfustibus
723 1748 765 1779 ad
788 1749 993 1790 interpreta-

295 1799 421 1829 tionem
438 1798 569 1829 scilicet
582 1799 672 1829 vocis
686 1801 767 1830 vallo
781 1810 855 1841 quae
871 1800 993 1831 fustem

295 1853 390 1879 notat
422 1859 440 1879 a
467 1859 540 1880 varo
567 1849 715 1881 detorta.
768 1850 835 1881 Sed
867 1852 994 1891 optime

296 1900 438 1931 Salmas.
459 1900 542 1935 Quia
558 1900 714 1938 vullesucti
728 1901 940 1941 excutiantur,
963 1901 996 1932 id

296 1957 359 1987 est,
383 1952 555 1988 evannafi,
572 1952 622 1981 vel
639 1952 790 1983 evallati.
812 1952 912 1983 Idem.

340 2001 347 2022 ¹
375 2001 509 2041 Vapula]
544 2002 656 2032 Plauti
675 2012 789 2033 versus
813 2003 874 2033 liae
892 2003 998 2033 anim-

298 2051 499 2081 adversione
532 2061 616 2091 opus
644 2051 795 2082 liabent:
821 2052 911 2083 Heus
942 2056 998 2083 tu:

297 2102 329 2131 z'n
345 2101 504 2131 Barbaria
517 2103 597 2140 quod
611 2102 729 2132 dixisse
742 2103 858 2133 dicitur
870 2103 1000 2134 Liberta

300 2163 364 2184 suae
379 2156 533 2193 patronae‚
549 2153 581 2183 id
596 2163 651 2192 ego
667 2154 735 2184 dico
752 2154 821 2185 tibi.
869 2155 1001 2185 Liber-ta

300 2205 396 2234 salve.
448 2203 566 2244 Vapula
603 2204 746 2245 Papiria.
791 2205 919 2235 Versus
957 2214 1000 2235 ex

300 2254 505 2285 Phormione
522 2259 598 2285 sunt
615 2254 646 2284 Ιιὶ
663 2266 670 2285 z
694 2266 753 2286 non
770 2254 901 2286 manes?
939 2255 1001 2286 Va-

299 2305 384 2344 pula.
424 2305 461 2335 Id
476 2304 533 2335 tibi
548 2304 824 2346 quidemjamfic’t,
838 2305 899 2335 nisi
911 2305 1001 2336 resis-

304 2355 357 2391 tis,
369 2354 504 2386 verbero.
527 2354 639 2385 Latini
653 2354 716 2386 hoc
730 2355 834 2385 verbo
847 2360 1002 2392 utuntur,

305 2415 367 2445 pro
384 2415 449 2446 quo
467 2404 596 2439 Graeci,
613 2403 738 2444 οἴμωζε,
752 2404 872 2435 κλαίειν
886 2404 1003 2445 μακράν

306 2467 342 2486 σε
369 2455 497 2491 κελεύω,
515 2461 549 2485 et
565 2455 696 2486 similia.
720 2456 790 2487 Jus.
808 2455 890 2486 Scal.

354 2506 474 2545 rapula
489 2505 636 2545 Papiria]
654 2505 786 2536 Ancilla
798 2506 877 2536 olim
890 2505 931 2537 ab
947 2506 1003 2536 lie-

307 2567 345 2587 ra
360 2567 418 2587 sua
444 2556 583 2596 Papiria
608 2556 820 2592 manumissa,
843 2558 1004 2587 continuo

309 2617 381 2638 eam
409 2607 513 2648 coepit
540 2611 776 2646 contemnere,
793 2608 941 2649 jureque
967 2608 1004 2639 li-

309 2659 450 2689 bertatis
478 2656 567 2689 freta
591 2667 627 2688 se
650 2658 806 2689 libertam
835 2660 1006 2700 salutavit,

308 2712 488 2751 heramque
514 2711 618 2750 jussit
655 2711 748 2742 abire
783 2712 1008 2751 Morbouiam,

318 2762 446 2802 imputa,
471 2761 617 2801 Papiria.
662 2762 717 2792 Sic
747 2761 870 2793 Horat.
896 2763 1005 2794 dixit:

1047 1501 1054 1513 ‘
1066 1495 1180 1528 subeo
1191 1495 1326 1535 plorare
1339 1492 1345 1503 ’
1361 1491 1506 1524 ‘Jubeas
1521 1489 1676 1520 miserum
1691 1497 1742 1520 es-

1044 1546 1100 1576 se?
1147 1546 1190 1577 Et
1205 1544 1320 1576 Graeci
1338 1542 1456 1573 dicunt
1474 1539 1599 1580 οἴμωζε,
1623 1539 1744 1570 κλαίειν

1044 1595 1163 1636 μακράν
1174 1607 1210 1626 σε
1222 1593 1349 1626 κελεύω.
1378 1592 1571 1623 Callimaclr.
1583 1591 1680 1631 Epig.
1693 1589 1745 1621 Οἶ-

1046 1645 1156 1686 μώζειν
1171 1646 1256 1677 εἴπας
1277 1643 1396 1681 πολλὰ,
1420 1646 1483 1674 &c.
1529 1642 1663 1681 Vapulo
1688 1651 1746 1672 au-

1048 1702 1114 1728 tem
1131 1702 1182 1728 est
1204 1696 1246 1727 ab
1274 1693 1414 1729 ἀπαλόω,
1430 1693 1615 1729 contundo,
1631 1690 1745 1731 flagris

1048 1748 1155 1786 caedo,
1177 1747 1287 1787 potius
1312 1754 1412 1787 quam
1430 1743 1471 1774 ab
1497 1740 1656 1781 ἆπολλύω,
1672 1750 1748 1782 per-

1049 1808 1102 1835 eo,
1138 1803 1175 1829 ut
1209 1796 1409 1838 quibusdam
1434 1794 1540 1825 visum
1567 1796 1630 1824 est.
1676 1791 1750 1823 Etsi

1051 1854 1145 1881 recte
1175 1848 1308 1889 quidem
1326 1847 1435 1877 Varro
1452 1845 1565 1885 vapula
1581 1843 1750 1883 interpre-

1051 1905 1145 1931 tatur
1166 1898 1245 1939 peri.
1291 1897 1378 1928 Nam
1415 1900 1450 1926 et
1489 1895 1631 1925 Plautus
1663 1892 1751 1923 dixit

1053 1950 1191 1982 Curcul.
1215 1958 1261 1980 sc.
1276 1949 1336 1979 ult.
1361 1952 1369 1965 ‘
1385 1947 1456 1986 Ego
1473 1951 1506 1977 te
1524 1946 1746 1976 veliementer

1052 2000 1166 2041 perire
1197 1999 1309 2039 cupio,
1333 2007 1375 2027 ne
1401 2007 1453 2027 me
1482 1994 1639 2026 nescias)
1682 1992 1750 2024 Sed

1050 2048 1212 2089 ‘vapula‚'
1226 2049 1235 2064 ‘
1247 2046 1345 2087 peri,’
1360 2046 1369 2063 ‘
1383 2045 1485 2084 dole,'
1509 2047 1518 2062 ‘
1532 2044 1650 2085 plora,'
1668 2044 1678 2061 ‘
1693 2045 1752 2075 mi-

1054 2110 1105 2131 ser
1122 2099 1190 2138 sis‚'
1206 2109 1307 2130 unnm
1324 2103 1359 2129 et
1375 2098 1474 2128 idem.
1498 2098 1580 2128 Dae.

1096 2155 1118 2170 ¹¹¹
1132 2150 1268 2180 Plautus
1279 2147 1525 2188 iti-feneratrice]
1546 2145 1663 2176 Plauti
1679 2155 1752 2175 ver-

1055 2211 1109 2231 sus
1127 2210 1168 2231 ex
1187 2199 1317 2240 judicio
1339 2198 1503 2238 Scaliger-i
1530 2197 1577 2227 sic
1593 2195 1751 2236 legendi:

1056 2251 1146 2282 Heus
1161 2254 1217 2280 tu.-
1241 2250 1275 2280 in
1297 2248 1451 2279 Barbaria
1467 2248 1546 2288 quod
1569 2247 1686 2277 dixisse
1705 2246 1752 2276 ‹li-

1056 2303 1140 2333 citur
1157 2301 1283 2332 Liberta
1307 2309 1371 2329 suoe
1393 2302 1546 2338 patronoe,
1561 2297 1593 2328 id
1615 2306 1671 2335 ego
1686 2297 1754 2327 dico

1058 2353 1129 2392 tibi,
1156 2351 1298 2384 Libona,
1319 2349 1412 2380 sulce-
1461 2349 1590 2389 Vupula,
1610 2348 1754 2388 Papiriu-

1058 2403 1167 2434 Idenh

1100 2458 1114 2474 Β
1139 2454 1211 2484 Non
1241 2456 1275 2482 tu
1291 2474 1298 2482 .
1310 2475 1317 2483 .
1334 2451 1367 2492 .]
1393 2451 1531 2481 Terent.
1547 2458 1662 2479 versus
1679 2453 1758 2479 sunt

1058 2504 1112 2534 hi:
1142 2503 1281 2543 Vapulu:
1304 2502 1337 2532 id
1366 2501 1423 2531 tibi
1453 2501 1575 2539 quidem
1595 2499 1663 2537 jum
1683 2499 1756 2540 fiet.

1058 2555 1120 2586 viisi
1136 2554 1270 2588 resistis,
1296 2552 1431 2583 rev-bero.
1479 2551 1614 2581 Plrorm.
1639 2554 1705 2580 act.
1725 2558 1758 2578 v.

1062 2617 1109 2638 sc.
1126 2608 1156 2636 6.
1174 2605 1208 2634 in
1221 2603 1362 2634 Scliedis
1377 2601 1561 2642 scriptum:
1587 2602 1758 2631 Nouem...

1061 2655 1174 2695 resipis
1187 2653 1324 2684 ⁴verbero.
1347 2651 1454 2682 Idem.

1105 2712 1119 2725 ⁰
1143 2706 1259 2736 Plauto
1288 2703 1321 2733 in
1348 2700 1492 2741 (nn-cul]
1516 2700 1595 2731 Act.
1629 2708 1680 2730 ιν.
1711 2709 1757 2729 sc.

1064 2755 1197 2796 reddiu’,
1209 2765 1248 2785 un
1265 2763 1336 2793 non,
1349 2752 1514 2791 virginem,
1532 2750 1715 2790 Priusquam
1732 2753 1759 2779 te
