1876 3025
267 177 351 217 940

694 185 843 215 SEXTI
880 184 1082 214 ΡΟΜΡΕΙΙ
1118 184 1255 214 PESTI

323 280 575 336 supplicium
589 278 636 320 de
652 278 804 334 alique,
821 278 865 320 id
886 282 966 328 est,
988 278 1041 319 de
1059 291 1186 332 poemt
1214 283 1364 332 agatur
1385 278 1483 331 ejus,
1503 278 1573 333 qm?
1588 277 1704 332 jube-

323 356 391 388 tur
411 349 538 390 caedi.

267 417 562 470 Suppremum
583 415 712 456 modo
731 413 952 467 significat
965 425 1201 462 summum,
1217 412 1351 453 modo
1370 417 1510 453 extre·
1527 411 1707 464 [PAUL.

324 498 457 533 mum,
471 483 602 524 modo
618 483 875 524 maximum.

267 550 573 604 Suppremumu
593 548 708 590 modo
728 548 930 603 significat
952 560 1180 596 summum,
1196 550 1244 587 ut
1264 560 1353 585 cum
1371 545 1469 586 dicit
1500 576 1510 586 .
1547 546 1707 595 [FEST.

582 648 591 658 .
615 623 740 670 pater
761 629 993 670 suppreme
1014 613 1118 656 belli
1149 621 1184 654 et
1213 627 1418 653 armorum
1440 612 1611 654 Mavors
1630 626 1709 666 po-

324 690 432 725 tens.
492 684 676 725 Plautus

326 751 399 792 Me
418 759 518 792 certe
539 764 800 805 suppremum
828 749 1024 791 habuisti
1058 762 1217 802 semper
1238 748 1280 788 in
1301 747 1416 788 rebus
1447 748 1565 788 tuis:
1598 747 1709 788 alias

324 823 555 860 extremum
576 818 790 873 significat,
811 825 857 858 ut
875 819 921 859 in
942 818 1111 871 legibus
1148 827 1245 857 Xll.

316 901 467 940 prema
488 892 724 941 tempestas
745 891 839 927 esto

580 985 589 996 .
625 953 819 1008 Supremo
837 954 1013 995 crimine
1033 955 1155 993 necte
1174 955 1265 991 tuo.

323 1023 399 1064 illo
422 1022 600 1075 sepeliri
621 1022 693 1062 die
713 1034 896 1076 supremo
930 1049 940 1061 .

323 1094 364 1130 et
385 1091 513 1143 quasi
536 1102 737 1143 supremo
761 1087 940 1143 lugentes

322 1162 520 1211 tempora
543 1157 682 1197 voltu.
741 1154 855 1196 Cato
889 1154 938 1195 de

1306 816 1422 856 Solis
1458 827 1615 854 occasus
1642 828 1710 854 su-

1332 947 1445 990 Unde
1465 948 1634 989 dicimus
1655 950 1710 990 ab

324 1224 501 1265 dolentis
522 1236 746 1278 nunquam
769 1223 885 1275 cuiq.
917 1235 983 1262 reo
1004 1217 1115 1274 apud
1137 1217 1362 1259 Praetorem
1383 1216 1596 1273 denegasse
1615 1230 1711 1270 sup-

909 1353 1050 1385 NOTAE

268 1424 333 1451 tur.
376 1419 443 1450 Sed
462 1424 497 1451 et
511 1419 662 1459 supplicia
675 1429 750 1460 quae
769 1418 810 1449 de
826 1418 964 1450 homiui-

270 1472 331 1502 bus
348 1475 523 1501 sumantur
540 1470 620 1501 dici.
645 1470 727 1500 Dac-

312 1526 324 1540 υ
348 1520 566 1561 Suppremum]
598 1520 677 1550 Tria
694 1519 885 1560 significare
902 1520 965 1551 hoc

269 1579 390 1600 nomen
435 1571 555 1600 Festus
593 1570 757 1610 exemplis
787 1570 966 1609 docuerat,

268 1631 343 1660 quae
362 1630 380 1650 a
397 1621 504 1651 Paulo
520 1620 641 1651 omissa
657 1625 747 1650 sunt.
781 1620 966 1660 Summum,

270 1677 306 1701 ut
336 1681 411 1701 cum
444 1671 588 1701 Plautus
615 1671 673 1710 ait,
711 1671 765 1701 lise
793 1680 967 1710 supremum

267 1720 405 1752 habuisti
421 1731 549 1761 semper.
595 1721 806 1756 Extremum,
820 1731 894 1752 cum
912 1723 966 1752 lex

269 1771 446 1801 duodecim
474 1771 682 1801 tabularum:
724 1771 819 1808 Solis,
846 1771 966 1812 inquit,

269 1831 391 1851 occasus
421 1830 561 1860 suprema
591 1824 755 1860 tempestas
786 1825 862 1852 esto.
908 1822 967 1852 Vi-

269 1870 372 1900 dend.
398 1871 508 1901 Varro
538 1871 596 1901 lib.
625 1880 656 1901 v.
688 1871 730 1901 de
763 1871 859 1910 Liug.
890 1872 965 1903 Lat.

270 1921 361 1951 Geli.
388 1921 446 1950 lib.
475 1929 567 1952 xvn.
596 1930 671 1960 cap.
689 1924 719 1952 2.
737 1926 771 1952 et
796 1922 967 1952 Censor-iu.

269 1970 312 1999 ‹le
328 1970 382 1999 die
399 1970 516 2009 natali,
534 1970 613 2000 item
628 1970 719 2001 Pliu.
736 1970 791 2001 lib.
811 1980 876 2001 vu.
892 1981 967 2011 cap.

268 2021 321 2049 60.
364 2020 486 2049 Tertiae
504 2019 758 2057 significationis
774 2020 966 2059 exemplum

271 2074 335 2103 est,
362 2079 503 2108 suprema
526 2070 634 2108 multa,
662 2069 694 2098 id
723 2073 788 2107 est,
809 2069 966 2103 maxima,

270 2120 312 2149 de
328 2130 391 2160 qua
405 2120 484 2151 Sex.
502 2120 684 2159 Pompeius
702 2119 825 2159 saepius
838 2119 968 2149 scribit.

272 2170 350 2201 Ant.
368 2170 453 2208 Aug.

313 2220 398 2259 Supp
410 2242 416 2249 .
431 2241 438 2249 .
452 2240 460 2248 .
473 2218 487 2258 ]
499 2219 702 2259 Suppremum
712 2219 798 2248 modo
809 2218 967 2260 signzjicat

270 2280 430 2307 summum,
444 2270 531 2300 modo
557 2273 740 2307 extremum,
758 2270 844 2299 modo
866 2269 966 2298 »tinxi-

270 2330 365 2350 mum.
396 2319 552 2349 Summum
564 2330 574 2348 :
596 2322 631 2348 ut
643 2341 650 2348 .
664 2340 671 2348 .
682 2339 689 2347 .
703 2339 710 2346 .
728 2318 827 2348 Pater
842 2327 966 2357 suppre-

270 2380 330 2407 me,
339 2370 423 2408 belli,
434 2373 463 2399 et
473 2379 628 2399 armorum
639 2372 755 2408 potens.
779 2369 913 2398 Plautus
923 2391 930 2398 .
942 2390 949 2398 .
960 2389 968 2397 .

272 2421 328 2450 Me
351 2428 547 2458 suppremum
570 2418 705 2448 habuisti
727 2427 843 2457 semper
857 2417 889 2448 in
905 2427 968 2447 om-

271 2470 359 2499 m‘bus
374 2469 462 2499 rebus
478 2468 552 2498 tuis.
596 2468 687 2498 Alias
710 2470 881 2498 extremum
902 2468 968 2506 sig-

271 2520 391 2560 nificat,
406 2522 439 2549 ut
455 2519 487 2548 in
503 2517 621 2556 legibus
643 2520 694 2548 12.
740 2517 822 2547 Sulis
845 2527 966 2547 occasus

272 2579 432 2610 supprema
452 2571 613 2608 tempestas
634 2571 712 2605 esto,
733 2569 785 2606 ὅγε.
831 2567 965 2597 Deinde

272 2621 400 2651 citabat
430 2619 619 2658 exemplum
650 2617 823 2656 scriptoris
857 2618 967 2657 cujus-

273 2671 363 2704 dam,
392 2670 447 2710 qui
466 2668 614 2702 dixerat,
636 2667 674 2697 ab
697 2667 750 2697 ino
774 2667 895 2706 sepeliri
919 2667 969 2696 die

272 2729 443 2760 suppremo.
467 2719 554 2750 Item
570 2717 739 2750 heroicum
755 2726 907 2749 versum:
927 2717 970 2748 Et

1014 1417 1102 1458 quasi
1122 1425 1283 1457 suppremo
1304 1416 1443 1453 lugentes
1457 1417 1591 1453 tempora
1613 1413 1710 1445 voltu.

1015 1468 1103 1499 Item
1127 1468 1303 1504 Catonem,
1327 1465 1384 1505 qui
1407 1464 1492 1495 dixit
1519 1473 1713 1504 suppremam

1014 1520 1256 1550 advocationem.
1283 1517 1323 1547 Iu
1337 1516 1421 1547 fine:
1441 1517 1530 1547 Alias
1541 1526 1596 1555 pro
1609 1515 1709 1545 maxi-

1015 1580 1084 1600 mo:
1110 1579 1178 1600 cum
1203 1570 1280 1599 duas
1300 1577 1381 1602 oves,
1407 1569 1436 1597 et
1465 1565 1599 1604 triginta
1624 1564 1714 1595 boves

1016 1628 1208 1659 suppremam
1229 1618 1357 1648 mullum
1381 1616 1514 1646 dicerent
1533 1625 1542 1644 :
1576 1615 1630 1646 hoc
1655 1618 1715 1654 est,

1019 1670 1199 1700 maximam.
1222 1668 1294 1699 Jos.
1309 1666 1397 1698 Scal.

1061 1716 1282 1759 Supprcmum]
1306 1717 1489 1757 Supremam
1512 1714 1612 1746 modo
1631 1724 1713 1746 sum-

1018 1781 1109 1805 mum,
1128 1775 1164 1800 ut
1187 1769 1196 1786 ‘
1211 1777 1367 1808 supreme
1383 1765 1542 1807 Jupiter-³
1577 1767 1714 1797 Terent.

1019 1820 1118 1851 modo
1148 1820 1302 1851 ultimum.
1364 1817 1405 1848 In
1438 1820 1488 1848 12.
1512 1816 1657 1847 Tabulis.
1681 1824 1712 1846 s1

1019 1879 1135 1901 ΑΜΒο.
1160 1876 1379 1900 PRAESENTES.
1395 1876 1466 1898 sot,-
1481 1875 1642 1898 OCCAsvs.
1657 1874 1713 1896 su-

1020 1929 1161 1952 PREMA.
1195 1926 1413 1950 TEMvEs'rAs.
1438 1926 1535 1948 Es'ro.
1580 1915 1621 1947 Id
1651 1922 1717 1954 est,

1019 1972 1079 2012 ὥρα
1107 1968 1244 2009 ἐσχάτη.
1290 1969 1394 1999 Modo
1428 1968 1607 1998 maximum.
1665 1966 1715 1997 Ut

1019 2020 1198 2058 ‘suprema
1218 2015 1348 2048 multa?
1394 2016 1459 2046 Sed
1485 2017 1555 2046 ba’c
1588 2013 1713 2054 signifi-

1018 2070 1109 2100 catio
1127 2069 1217 2098 nullo
1232 2067 1330 2097 modo
1350 2065 1484 2096 diversa
1500 2070 1552 2096 est
1570 2075 1588 2095 a
1606 2066 1714 2105 prima

1018 2118 1075 2148 illa
1098 2126 1165 2157 qua
1184 2125 1390 2155 supremum,
1408 2124 1586 2153 summum,
1607 2118 1714 2144 notat.

1017 2168 1125 2206 Supra
1156 2165 1198 2195 ab
1221 2165 1352 2195 incerto
1384 2163 1486 2203 poeta
1520 2164 1712 2194 ‘armorum

1019 2214 1155 2256 potens'
1182 2215 1319 2244 Mavors
1333 2213 1471 2252 dicitur,
1489 2212 1654 2254 quomodo
1671 2213 1713 2244 ab

1022 2265 1166 2296 Horatio
1213 2263 1222 2279 ‘
1252 2263 1356 2303 Cypri
1400 2268 1520 2302 polens
1537 2262 1544 2274 ¹
1588 2263 1715 2292 Venus.

1020 2315 1135 2346 Plauti
1162 2323 1277 2344 versus
1301 2312 1434 2343 videtui·
1457 2321 1531 2342 esse
1549 2322 1588 2342 cx
1608 2313 1713 2342 Pseu·

1019 2366 1086 2398 dol.
1113 2372 1178 2397 act.
1204 2375 1227 2397 1.
1253 2375 1299 2396 sc.
1327 2367 1353 2394 l.
1397 2363 1464 2394 Sed
1491 2364 1545 2403 qui
1569 2363 1712 2394 inlibris

1019 2418 1120 2448 editis
1150 2426 1216 2447 non
1246 2416 1368 2445 leviter
1399 2414 1604 2445 immutatus.
1655 2415 1713 2445 Sic

1020 2468 1106 2498 euim
1136 2467 1280 2506 iegitur:
1316 2465 1399 2494 Nam
1425 2468 1460 2494 tu
1490 2474 1538 2494 me
1569 2464 1713 2494 antimum

1020 2518 1205 2557 Supremam
1237 2514 1372 2545 habuisti
1403 2514 1541 2544 comitem
1578 2514 1715 2544 consitiis

1021 2567 1093 2597 tuis.
1131 2564 1346 2604 Sequebatur
1361 2569 1577 2603 pentameter
1592 2563 1714 2594 incerti

1023 2616 1146 2656 poetae,
1182 2615 1351 2654 Suppremo
1377 2613 1506 2643 crimine
1532 2617 1618 2643 necle
1649 2617 1713 2644 tuo.

1022 2666 1111 2696 Item
1137 2673 1252 2694 versus
1267 2662 1454 2693 Hernicus:
1482 2662 1527 2692 Et
1541 2662 1627 2703 quasi
1641 2672 1712 2702 sup-

1020 2725 1124 2757 premo
1143 2715 1284 2754 lugentes
1299 2716 1433 2752 tempora
1448 2712 1543 2744 voltu.
1566 2713 1654 2744 Dae.
