1876 3025
296 179 357 209 DE
391 175 663 208 VERBORUM

699 171 1111 205 SIGNlFmA'rlONE
1147 173 1240 202 Lm.
1277 173 1407 202 xvu.
1488 161 1572 203 803

180 274 375 315 ficabant
394 284 474 327 pro
502 268 694 320 vineis‚¹⁶
710 274 726 297 y
748 273 793 310 et
820 268 953 318 vasis,
976 272 1021 309 et
1041 267 1142 321 ipso
1163 268 1265 308 vino
1307 279 1573 308 conservan-

179 342 275 383 dis:
309 343 423 383 sicut
453 342 794 394 praemessum¹7
831 336 885 377 de
919 335 1070 389 spicis,
1102 348 1212 389 quas
1242 334 1427 389 primum
1459 347 1574 376 mes-

182 411 386 459 suissent,
409 407 724 449 sacrificabant
747 404 914 445 Cereri.

129 476 384 531 Sacrificium
413 476 522 532 qaod
536 481 549 497 2
562 489 641 530 pro
665 473 752 514 avis
773 472 923 526 primis
944 471 1067 512 fieret
1087 470 1376 525 appellabatur
1398 470 1450 511 ab
1471 470 1578 510 anti-

182 547 270 602 quis
291 546 474 588 sacrima
493 559 502 586 :
535 547 603 585 cst
624 549 774 593 antem,
796 547 841 582 uc
865 538 1003 581 AElias
1027 537 1132 580 Stilo
1151 546 1189 580 ec
1210 538 1403 581 Cloatius
1425 539 1579 580 dicunt

183 621 359 655 mustum
391 612 574 654 inditum
604 612 651 653 in
684 609 941 664 amphoram
973 606 1207 648 liberalibus
1237 607 1417 648 sacrifici
1439 619 1577 648 causa

183 696 266 738 pro
288 682 376 724 uvis
398 689 435 723 et
461 681 571 732 vino,
594 693 696 734 quae
718 677 849 733 quasi
871 688 999 719 sacra
1021 683 1130 729 sanc,
1146 691 1236 718 cam
1259 674 1421 719 Libero
1441 675 1508 727 fit,
1527 679 1579 716 ut

186 750 447 805 praemelium
469 763 558 790 cum
583 746 740 808 Cereri.

133 819 495 861 Sacrosanctuma
533 816 710 867 dicitur,
750 813 868 869 quod
894 813 1182 869 jurejurando
1221 812 1483 870 interposito
1519 815 1586 854 est

733 934 872 947 eeeeeee

875 934 972 947 ΙΝΙΙ

176 1018 217 1048 16
239 1015 328 1047 Scal.
345 1019 380 1046 et
395 1015 485 1047 Dae.
507 1014 690 1055 legendum
705 1017 847 1046 monent
860 1023 917 1054 pro
935 1013 1109 1045 tinia—1⁷
1133 1011 1215 1044 Vet.
1228 1010 1285 1044 lib.
1308 1012 1511 1052 proemetium.

786 1150 928 1184 NOTAE

137 1231 281 1269 suissent,
295 1229 514 1271 sacrificabant
534 1230 654 1261 Cereri.
698 1228 836 1260 Ultimis

138 1280 311 1321 capiendis
336 1280 456 1311 deerat
471 1280 618 1321 spatium
634 1279 668 1310 in
684 1278 837 1320 reliquiis

137 1331 248 1371 Festi,
270 1335 308 1361 ut
324 1330 431 1367 vides,
448 1331 480 1361 in
503 1330 557 1371 iis,
583 1340 657 1371 quae
684 1329 727 1360 de
753 1338 838 1369 prae-

138 1381 242 1412 metio
257 1380 376 1412 addita
392 1384 481 1411 sunt.
526 1380 569 1411 In
588 1381 749 1421 Epitoma
763 1388 839 1419 per-

140 1440 258 1472 peram
272 1431 383 1466 tineis,
401 1440 461 1471 pro
478 1431 554 1462 tinis
568 1431 732 1471 scriptum
748 1432 840 1461 erat:

141 1477 233 1522 quod
250 1485 285 1512 et
300 1491 391 1512 caeco
403 1485 559 1522 apparet.
591 1481 641 1512 Eo
655 1481 743 1512 enim
756 1489 842 1511 mus-

141 1536 178 1563 to
194 1535 267 1563 tota
284 1531 452 1563 vindemia
469 1542 565 1563 sacra
581 1531 699 1568 fiebat,
722 1536 761 1563 ut
776 1531 843 1563 cal-

143 1581 217 1622 pari
242 1586 349 1613 totum
379 1582 492 1614 vinum
514 1581 692 1614 diffusum:
718 1581 760 1613 de
778 1590 844 1622 quo

145 1632 223 1663 vide
261 1632 367 1663 verba
403 1633 561 1664 Trebatii
603 1631 846 1665 Jurisconsulti

145 1682 235 1723 apud
252 1681 452 1714 Arnobium.
476 1684 575 1714 Idem.

189 1733 348 1774 Sacrima]
376 1733 477 1766 Quod
504 1734 546 1765 de
572 1736 681 1764 musto
696 1732 849 1764 libabant

147 1788 371 1825 posteaquam
399 1784 616 1824 polluxerant
638 1794 694 1815 eas
711 1783 848 1815 confec-

149 1835 258 1866 tiones
283 1844 356 1875 quae
383 1835 555 1866 vocabant
580 1834 785 1875 suffimenta,
807 1844 850 1866 ex

147 1884 241 1924 faba,
257 1885 416 1926 milioque
433 1885 559 1926 molito,
581 1885 690 1916 mulso
709 1894 825 1926 sparso
841 1894 849 1915 :

151 1945 227 1977 quae
253 1936 330 1967 Diis
347 1945 388 1967 eo
406 1939 561 1977 tempore
581 1935 762 1977 dabantur,
786 1945 852 1977 quo

151 1996 226 2017 uvae
265 1987 407 2018 caleatae
454 1987 550 2027 prelo
594 1987 851 2028 premebantur.

151 2037 240 2068 Vide
256 2037 290 2067 in
307 2046 391 2068 voce
412 2037 423 2055 ‘
439 2037 578 2079 calpar,’
600 2048 619 2069 a
642 2047 738 2073 sacer,
757 2038 853 2068 sacri-

151 2097 245 2127 mum,
256 2088 344 2129 quod
358 2093 503 2120 mustum
516 2089 599 2120 illud
611 2098 742 2119 sacrum
755 2093 855 2119 esset.

154 2137 268 2169 Gloss.
303 2142 312 2156 ‘
330 2139 495 2178 Sacrima,
524 2138 651 2179 ἀπαρχὴ
678 2137 854 2178 Ὑλεύκους.’

154 2187 163 2203 ⁴
179 2189 404 2229 praemetium,
419 2189 439 2227 ἡ
455 2189 512 2229 πρὸ
528 2190 671 2230 Θερισμοῦ
691 2188 857 2229 Δημήτρας

156 2238 269 2269 Ouolas
295 2239 377 2270 Dac-

199 2293 212 2314 Υ
237 2289 303 2319 Pro
317 2288 432 2328 vineis]
467 2289 557 2329 Lege
575 2298 650 2320 cum
668 2288 858 2329 Scaligero,

154 2349 210 2378 pro
226 2339 312 2370 tinis.
350 2339 443 2369 Tinae
459 2340 645 2371 Veteribus
661 2349 744 2370 vasa
759 2345 858 2370 erant

161 2389 203 2419 ad
222 2390 334 2420 vinum
352 2390 594 2429 reponendum.
622 2390 722 2421 Varr.
741 2389 784 2420 de
799 2390 859 2421 vit.

162 2439 204 2469 Ρ.
223 2439 263 2468 R.
280 2439 337 2470 lib.
356 2449 379 2470 1.
404 2444 411 2457 ‘
428 2439 663 2481 Antiquissimi
687 2441 719 2470 in
746 2440 859 2471 convi-

162 2488 224 2518 viis
255 2493 347 2519 utres
376 2489 442 2520 vini
472 2491 592 2529 prium,
626 2495 746 2530 postea
772 2490 859 2520 tinas

163 2537 359 2578 ponebant?
389 2539 455 2569 Sed
474 2548 516 2570 ex
532 2540 664 2570 schedis
681 2540 861 2581 legendum

162 2588 240 2618 uvis.
285 2587 373 2618 Vide
391 2588 489 2620 infra.
507 2590 605 2620 Idem.

206 2643 219 2657 ²
241 2637 438 2679 Sacrificium
461 2639 554 2679 quod]
586 2640 646 2672 Ait
672 2642 794 2672 Festus
820 2649 863 2672 ex

164 2687 253 2718 AElio
270 2692 304 2719 et
320 2688 454 2719 Cloatio
480 2689 655 2721 sacrimam
676 2700 749 2722 esse
775 2700 863 2721 mus-

166 2743 250 2776 tum,
273 2738 361 2780 quod
387 2739 420 2770 in
438 2740 631 2779 amphoram
648 2740 791 2772 inditum
811 2742 864 2772 Li-

888 1225 1060 1258 beralibus
1074 1224 1201 1257 Libero
1215 1222 1375 1261 dabatur,
1388 1234 1453 1266 quo
1468 1227 1502 1256 et
1518 1234 1593 1257 uvae

888 1276 1058 1309 vindemia
1084 1275 1222 1317 reliquae
1245 1279 1280 1306 et
1298 1275 1410 1306 vinum
1428 1275 1594 1316 reliquum

890 1338 986 1360 sacra
1002 1336 1074 1358 esse
1092 1326 1300 1365 desinerent,
1318 1329 1354 1356 ut
1371 1325 1525 1366 Calpari,
1545 1330 1596 1357 to-

891 1383 962 1410 tum
996 1377 1108 1409 vinum
1132 1375 1302 1412 diffusum,
1329 1379 1365 1406 et
1400 1375 1594 1416 praemetio‚

891 1438 987 1469 seges
1010 1427 1152 1468 reliqua.
1198 1426 1285 1457 Vide
1313 1425 1321 1442 ‘
1336 1425 1484 1466 Calpar!
1529 1424 1598 1457 Adi

893 1483 929 1511 et
946 1477 1135 1510 Arnobium
1152 1477 1209 1508 lib.
1226 1486 1293 1508 vu.
1309 1476 1365 1508 ubi
1380 1475 1532 1508 Trebatii
1543 1476 1598 1517 ju-

893 1529 1089 1562 risconsulti
1105 1528 1209 1560 verba
1225 1527 1346 1560 refert.
1368 1527 1468 1559 Idem.

938 1587 953 1603 ²³
1012 1580 1269 1620 sacrosanctum]
1337 1579 1602 1610 Sacrosanctum

896 1633 977 1675 quid
994 1633 1111 1672 fiebat,
1129 1637 1199 1663 tum
1217 1630 1397 1671 religione,
1414 1634 1486 1661 tum
1512 1629 1600 1669 lege.

898 1684 1092 1724 Religione‚
1109 1682 1186 1724 quia
1213 1681 1316 1713 certis
1342 1680 1384 1711 ad
1411 1681 1475 1711 hoc
1503 1679 1601 1711 caeri-

898 1734 1020 1765 moniis
1035 1743 1120 1773 opus
1138 1737 1226 1768 erat,
1244 1729 1521 1772 utjurejurando,
1539 1732 1604 1760 &c.

900 1784 995 1824 Lege
1021 1787 1147 1821 autem,
1174 1781 1254 1823 quia
1279 1781 1343 1812 hac
1374 1779 1607 1818 sanciebatur,

902 1838 940 1865 ut
957 1842 1055 1865 sacer
1068 1837 1171 1872 esset,
1186 1831 1243 1873 qui
1269 1840 1402 1862 sacrum
1429 1829 1605 1867 violasset,

904 1884 976 1915 sive
999 1883 1172 1915 nocuisset
1188 1883 1244 1915 cui
1267 1883 1328 1914 bac
1344 1883 1423 1922 lege
1444 1890 1510 1912 non
1526 1881 1606 1912 lice-

905 1939 969 1965 ret.
1013 1933 1089 1966 Liv.
1116 1933 1174 1965 lib.
1197 1941 1256 1964 111.
1282 1937 1366 1964 sect.
1401 1935 1454 1962 55.
1500 1931 1608 1972 ‘Ipsis

906 1993 1042 2027 quoque
1073 1983 1234 2023 tribunis,
1259 1986 1298 2014 ut
1324 1981 1535 2014 sacrosancti
1561 1982 1608 2011 vi-

906 2036 1071 2067 derentur
1088 2034 1203 2076 (cujus
1221 2034 1269 2064 rei
1285 2033 1471 2074 propejam
1485 2041 1609 2062 memo-

907 2087 958 2118 ria
973 2085 1189 2127 aboleverat)
1216 2085 1332 2116 relatis
1353 2084 1554 2126 quibusdam
1569 2093 1610 2114 ex

908 2147 1029 2177 magno
1046 2137 1226 2168 intervallo
1236 2136 1447 2167 Caerimoniis
1466 2144 1609 2166 renova-

909 2192 1009 2219 runt:
1035 2191 1158 2219 etcum
1170 2187 1335 2227 religione
1345 2187 1525 2218 inviolatos
1541 2196 1612 2223 eos,

909 2243 981 2270 tum
998 2239 1074 2279 lege
1090 2238 1194 2269 etiam
1224 2237 1393 2277 fecerunt,
1420 2237 1614 2278 sanciendo,

910 2290 1018 2330 utqui
1035 2289 1196 2319 Tribunis
1220 2288 1342 2329 plebis,
1371 2286 1538 2327 aedilibus,
1557 2287 1613 2327 ju-

913 2340 1060 2378 dicibus,
1086 2340 1203 2371 decem
1221 2339 1299 2369 viris
1326 2338 1514 2378 nocuisset,
1543 2338 1614 2378 ejus

912 2394 1017 2430 caput
1032 2390 1128 2422 Jovis
1145 2398 1276 2421 sacrum
1293 2394 1402 2420 esset:
1430 2388 1556 2420 familia
1573 2388 1615 2420 ad

915 2441 1021 2471 aedem
1040 2440 1188 2478 Cereris,
1211 2439 1322 2477 liberi,
1346 2439 1534 2479 liberaeque
1559 2447 1600 2468 ve

915 2499 993 2520 num
1011 2490 1088 2521 iret.
1133 2488 1210 2520 Hac
1226 2489 1302 2528 lege
1330 2488 1424 2521 Juris
1449 2488 1617 2528 interpre-

916 2543 968 2570 tes
991 2543 1118 2579 negant
1143 2548 1334 2580 quenquam
1363 2541 1615 2569 sacrosanctum

916 2598 1003 2629 esse,
1029 2589 1089 2620 sed
1105 2593 1208 2629 caput
1223 2589 1311 2629 ejus,
1333 2588 1390 2629 qui
1407 2597 1521 2618 eorum
1546 2587 1610 2618 cui·

917 2648 1016 2680 quam
1032 2638 1200 2674 nocuerit,
1225 2647 1357 2668 sacrum
1374 2646 1460 2675 esse,
1483 2635 1518 2666 id
1542 2645 1618 2667 sans

918 2689 1002 2720 ciri!
1027 2689 1135 2720 Porro
1147 2688 1393 2729 juramentum,
1406 2686 1494 2727 quod
1513 2676 1618 2718 int-er*

919 2741 1074 2781 cedebat,
1094 2735 1160 2772 tale
1177 2740 1280 2771 fuisse
1300 2744 1396 2780 patet
1415 2747 1457 2769 ex
1472 2738 1618 2778 Dionys.
