1876 3025
253 142 338 184 680

693 148 839 179 SEX'rl
875 145 1077 177 POMPEll
1113 144 1251 175 FESTI

312 244 544 299 appellatur
565 242 670 282 circa
689 241 932 283 Tusculum
953 239 1124 280 urbem.

308 385 495 425 meminit
515 383 736 424 evictum-¹
745 387 755 404 ¹

691 453 773 489 est.

258 519 376 559 Pura
400 513 678 558 vestimenta¹
715 512 968 555 sacerdotes
990 511 1045 551 ad
1065 510 1326 551 sacrificium
1346 510 1480 550 habe·
1521 509 1699 563 [PAUL.

315 587 435 633 bant,
454 584 499 624 id
517 587 595 632 est,
614 595 703 623 non
727 581 931 630 obsita,¹²
952 592 1036 620 non
1058 578 1282 630 fulgurita,
1302 590 1387 618 non
1406 577 1593 625 funesta,
1611 589 1700 616 non

313 652 532 693 maculam
552 650 773 690 habentia.

262 720 383 759 Pura
403 717 634 758 vestimenta
658 714 876 756 sacerdotes
890 711 1036 767 populi
1057 710 1237 752 Romani
1257 725 1345 751 cum
1366 709 1491 751 sacri·
1537 708 1703 763 [FEST.

314 784 499 827 ficabant
516 783 660 823 habere
680 781 789 823 soliti
809 787 941 830 erant,
956 779 1001 820 id
1016 786 1087 829 est,
1104 794 1185 819 non
1206 778 1357 829 obsita,
1378 791 1458 818 non
1466 775 1706 832 fulgurita,

317 850 592 906 nonfzmesta,
613 864 692 889 ozon
713 847 937 893 maculata,
959 859 1018 887 ex
1040 846 1116 887 hac
1139 849 1308 886 causa.¹³

316 931 444 959 voca.

795 984 919 1023 tiata.

262 1052 379 1092 Pure
401 1053 582 1100 lautum,
603 1064 717 1105 aqua
738 1063 850 1104 pura
869 1051 1080 1091 lavatum.

262 1119 374 1160 Pure
393 1120 594 1161 lautumm
626 1117 786 1173 antiqui
804 1115 1000 1165 dicebant,
1021 1129 1129 1170 aqna
1145 1128 1257 1168 pura
1279 1113 1478 1153 lavatum.

579 1185 646 1225 ite.

1527 1044 1652 1098 [PAu
1664 1053 1705 1082 ι.

1541 1111 1704 1165 [ΕΕΞΤ.

1024 1183 1078 1222 in.

870 1325 1107 1338 eaeuaecoeee‘v

306 1414 344 1443 11
370 1412 435 1444 Ed.
449 1412 538 1444 Scal.
553 1411 798 1443 invictum—12
822 1412 1017 1452 Legendum
1033 1414 1149 1444 monet
1162 1410 1252 1442 Scal.
1268 1409 1301 1441 id
1319 1413 1374 1444 est,
1387 1419 1448 1440 non
1460 1408 1587 1439 obstita.
1622 1407 1711 1438 Vide

261 1455 448 1486 infra.-—13
471 1456 480 1472 ‘
499 1456 603 1486 Forte
619 1455 829 1495 supplenda:
853 1465 893 1485 ex
909 1456 965 1485 hac
986 1464 1079 1485 causa
1101 1454 1180 1493 quod
1205 1453 1327 1493 impura
1349 1462 1385 1482 ea
1407 1451 1567 1486 vocabant,
1590 1460 1655 1490 quae
1670 1450 1712 1480 iis

261 1498 360 1528 modis
374 1501 463 1528 erant
479 1498 605 1538 vitiata,
620 1499 675 1529 vel
700 1498 808 1538 quibus
823 1507 910 1529 sacra
925 1500 1015 1529 erant
1037 1495 1175 1528 vitiata?
1199 1496 1283 1527 Dae.
1323 1494 1367 1525 Τὰ
1383 1504 1456 1525 υοεα
1473 1516 1481 1525 .
1499 1517 1508 1525 .
1526 1516 1535 1526 .
1550 1493 1630 1524 tiata
1645 1502 1711 1523 uon

265 1545 343 1571 sunt
360 1539 394 1571 in
411 1540 465 1571 ed.
481 1540 572 1571 Scal.

918 1612 1062 1645 NOTAE

305 1690 312 1709 ¹
338 1690 426 1721 Pura
439 1688 638 1728 vestimenta]
661 1689 766 1729 Lege,
784 1689 815 1719 id
831 1692 887 1723 est,
904 1698 964 1719 non

261 1741 386 1771 obstita.
432 1739 590 1770 Obstitum
605 1744 656 1770 est
673 1738 894 1778 fulguritum:
921 1738 963 1769 ab

263 1800 304 1821 eo
321 1790 410 1831 quod
428 1789 598 1830 obliquum
612 1789 774 1820 obstitum
791 1788 962 1820 dicebaut.

265 1841 415 1881 Fulgura
450 1844 565 1870 autem
605 1839 768 1878 duplicia,
800 1839 963 1878 coelestia,

264 1889 455 1921 terrestria.
501 1888 699 1919 Coelestium
723 1888 812 1918 ictus
833 1896 967 1928 semper

264 1940 432 1980 obliquus,
461 1943 499 1969 ut
526 1947 624 1969 casus
650 1947 784 1977 semper
800 1937 970 1978 obliquus.

265 1989 396 2019 Auctor
413 1987 546 2019 Plinius
561 1987 621 2018 lib·
643 1996 685 2018 n.
722 1987 831 2018 Porro
848 1986 890 2018 de
907 1996 971 2027 pu·

265 2039 311 2069 ris
336 2038 545 2069 vestimentis
570 2037 709 2068 Servius
738 2037 771 2067 in
796 2036 970 2077 fragmen-

265 2089 333 2119 tis:
356 2093 366 2106 ¹
381 2087 494 2127 Sane,'
522 2087 643 2128 inquit,
667 2091 675 2104 ‘
691 2086 725 2117 in
753 2087 858 2117 sacris
886 2095 969 2127 pura

266 2137 373 2169 vestis
389 2137 593 2178 appellatur,
616 2146 688 2177 quae
705 2145 813 2176 neque
831 2134 969 2167 funesta

265 2187 323 2223 sit,
337 2197 449 2228 neque
462 2187 626 2218 maculam
638 2186 762 2218 lrabeat
777 2195 819 2217 ex
834 2186 966 2217 homine

266 2236 424 2267 mortuo-¹
447 2236 611 2268 Jos.Scal.

311 2287 401 2318 Pura
426 2285 626 2324 vestimenta]
649 2286 775 2316 Verum
803 2285 904 2316 obsita
933 2285 967 2315 in

267 2336 399 2369 schedis
417 2336 529 2375 infra3
553 2340 589 2367 et
604 2335 652 2366 ita
672 2333 868 2375 legendum,
889 2343 965 2365 nam

267 2387 358 2428 quod
381 2386 476 2418 addit
491 2386 665 2425 fulgurita,
692 2384 782 2415 idem
809 2388 862 2415 est
878 2384 966 2425 quod

267 2439 395 2470 obstita.
443 2438 515 2469 Nisi
543 2436 717 2476 scripserit
742 2436 877 2474 Festus,
895 2435 968 2465 Non

268 2489 394 2528 obstita,
422 2488 455 2518 id
483 2491 529 2519 est
562 2497 622 2518 non
647 2486 819 2526 fulgurita.
866 2485 968 2515 Purae

267 2539 373 2570 vestis
402 2538 482 2570 alibi
517 2538 670 2570 meminit
698 2536 787 2567 idem
819 2535 967 2570 Servius,

269 2598 392 2630 nempe
420 2588 462 2620 ad
489 2587 568 2619 illud
594 2596 661 2617 ΧΠ.
685 2585 816 2617 AEneid.
839 2585 966 2615 ‘Pura-

271 2649 336 2679 que
361 2640 393 2670 in
419 2643 513 2669 veste
536 2636 717 2669 sacerdos!
761 2641 768 2653 ‘
784 2635 969 2676 Impolluta

272 2693 306 2719 et
331 2699 415 2730 pura
439 2689 562 2721 dicitur
584 2686 711 2723 vestis,'
733 2686 853 2729 inquit,
876 2687 885 2703 ‘
901 2695 968 2726 qua

1018 1687 1114 1720 festis
1138 1687 1258 1719 diebus
1284 1686 1332 1718 uti
1354 1688 1598 1718 consueverant
1621 1694 1716 1717 sacra

1017 1738 1236 1770 celebraturi.
1280 1738 1327 1768 Ut
1353 1745 1464 1777 neque
1494 1734 1632 1766 funesta
1659 1735 1718 1774 sit,

1017 1797 1125 1829 neque
1150 1786 1326 1828 fulgurita,
1343 1796 1452 1827 neque
1477 1785 1643 1817 maculam
1658 1785 1715 1816 ha—

1016 1838 1098 1869 beat
1120 1847 1162 1869 ex
1178 1838 1311 1868 homine
1334 1842 1479 1868 mortuo.
1524 1836 1587 1867 Est
1603 1839 1716 1866 autem

1017 1888 1108 1918 linea
1134 1892 1171 1918 et
1201 1895 1384 1927 purpurea.
1430 1886 1587 1925 Purpura
1616 1884 1718 1916 maris

1018 1937 1126 1967 vicem
1145 1935 1186 1966 ad
1203 1935 1364 1976 piandum
1381 1934 1527 1974 praebet,
1542 1934 1645 1965 linum
1664 1944 1719 1965 ve-

1019 1997 1055 2018 ro
1072 1986 1231 2026 fluminis,
1247 1985 1324 2026 quia
1340 1994 1415 2016 cum
1432 1993 1512 2015 vere
1527 1984 1671 2024 primum
1686 1985 1718 2015 in

1018 2036 1148 2067 oriente
1164 2034 1287 2066 flumen
1310 2034 1505 2065 inundasset
1520 2038 1641 2074 sponte
1658 2043 1718 2064 sua

1018 2087 1121 2117 linum
1150 2090 1267 2116 natum
1295 2093 1369 2115 esse
1394 2083 1525 2114 Plinius
1549 2082 1719 2114 secundus

1021 2134 1128 2167 dicit)
1152 2135 1236 2166 Duc.

1062 2191 1084 2206 ¹¹¹
1107 2208 1116 2218 .
1135 2207 1164 2217 ..
1180 2208 1206 2217 ..
1287 2208 1293 2216 .
1311 2186 1478 2226 .1ιιιι....]
1506 2185 1720 2215 Purelautum

1020 2237 1143 2278 antiqui
1159 2236 1303 2268 dicebant
1315 2247 1396 2277 aqua
1420 2246 1501 2277 pura
1517 2237 1652 2266 lavatum
1665 2256 1672 2265 .
1687 2258 1694 2266 .
1711 2258 1719 2266 .

1022 2307 1224 2318 ..........
1236 2286 1521 2316 νὶίε..........
1539 2285 1719 2317 ..in.....

1027 2358 1152 2369 ......
1174 2336 1230 2367 Ita
1243 2335 1389 2376 schedae,
1407 2341 1442 2366 et
1459 2334 1569 2366 forsan
1582 2335 1654 2367 haec
1668 2337 1721 2366 vel

1023 2386 1072 2417 liis
1090 2385 1210 2417 similia
1233 2385 1354 2416 Festus
1379 2384 1571 2420 addiderat,
1587 2395 1657 2415 nam
1673 2395 1724 2416 sa-

1022 2437 1161 2467 cerdotes
1185 2445 1272 2466 sacra
1295 2435 1480 2466 celebraturi
1501 2435 1561 2465 rite
1577 2435 1723 2465 lavabunt

1022 2487 1070 2517 vel
1092 2486 1126 2517 in
1148 2486 1227 2516 mari
1247 2487 1295 2516 rel
1318 2485 1472 2526 iufluvio.
1520 2485 1647 2515 Notum
1671 2489 1723 2515 est

1022 2535 1104 2566 illud
1121 2535 1305 2566 sacerdotis
1330 2534 1472 2565 Romani
1498 2534 1539 2564 ad
1556 2534 1718 2566 Sabinum

1022 2585 1141 2616 bovem
1165 2585 1283 2616 Diauae
1302 2585 1568 2615 immolaturum:
1597 2584 1723 2616 ‘Quid-

1022 2645 1097 2666 nam
1123 2640 1173 2675 tu,
1196 2635 1331 2675 hospes,
1360 2634 1484 2674 paras‚'
1505 2634 1626 2675 inquit,
1650 2639 1657 2651 ‘
1673 2634 1720 2664 iu-

1022 2690 1115 2717 ceste
1131 2683 1331 2716 sacrificium
1344 2684 1460 2716 Dianae
1476 2682 1613 2715 facere?
1630 2683 1720 2715 Quin
