1876 3025
291 180 403 221 1004

704 191 854 221 SEXTI
890 191 1090 221 POMPEI!
1128 191 1266 222 FESTI

350 290 517 337 natura,
537 287 707 328 soeturae
729 291 824 328 est:
849 290 892 327 et
911 291 1017 328 tunc
1037 300 1128 327 rem
1144 286 1336 327 divinam
1352 287 1585 328 instituerit
1607 288 1742 330 Marti

352 354 503 395 Numa
540 353 805 407 Pompilius,
831 354 958 407 pacis
990 354 1300 395 concordiaeve
1330 355 1579 395 obtinendae
1603 355 1742 407 gratia

349 422 463 462 inter
484 422 673 462 Sabinos
696 421 1029 475 Romanosque,
1050 425 1098 462 ut
1119 434 1262 462 vernae
1285 422 1519 463 vincerent.

1582 422 1742 463 Roma-

347 502 427 529 nos
448 490 563 529 enim
584 501 737 529 vernas
760 489 1057 542 appellabant,
1080 489 1126 530 id
1147 494 1231 538 est,
1253 489 1418 529 ibidem
1440 494 1572 530 natos
1590 502 1601 529 :
1627 502 1740 543 quos

347 557 519 596 vincere
533 556 829 608 perniciosum
842 557 1067 597 arbitrium
1083 556 1275 606 Sabinis,
1291 557 1365 609 qui
1381 556 1602 610 conjuncti
1619 561 1742 598 erant

348 636 445 663 cum
467 624 630 676 populo
653 623 872 664 Romano.

291 689 560 739 Vernisera,⁰
591 690 833 730 mensalia¹
868 690 1069 742 auguria.

1563 691 1739 741 [PAUL.

290 755 534 797 Versuram
569 757 749 806 facere,p
779 763 976 797 mutuam
1012 757 1250 810 pecuniam
1283 771 1469 809 sumere,
1499 772 1554 799 ex
1576 772 1629 799 eo
1649 757 1741 798 die-

346 827 436 864 tum
472 829 553 872 est,
584 823 704 876 quod
740 823 881 873 initio,
916 825 989 877 qui
1024 825 1332 866 mutuabantur
1366 827 1422 867 ab
1453 826 1566 876 aliis,
1585 838 1671 866 non
1691 829 1741 865 ut

347 890 523 931 domum
559 891 735 941 ferrent,
771 891 849 931 sed
886 896 934 932 ut
970 891 1071 931 aliis
1103 891 1337 943 solverent,
1369 892 1491 934 velut
1525 896 1741 934 verterent

347 959 619 999 creditorem.

287 1024 499 1066 Versutiq
529 1026 747 1077 dicuntur,
770 1039 955 1080 quorum
978 1030 1148 1067 mentes
1171 1028 1321 1069 crebro
1339 1027 1393 1068 ad
1415 1027 1626 1069 malitiam
1644 1039 1739 1067 ver-

345 1098 506 1134 tuntur.

288 1159 535 1202 Verticulus
551 1167 563 1182 Γ
594 1175 694 1203 eum
717 1161 830 1203 dixit
852 1162 1070 1212 Lucilius,
1093 1163 1301 1205 articulos
1323 1162 1507 1215 intelligi
1527 1162 1680 1203 voluit.

893 1304 1007 1316 eeeeee

332 1394 347 1422 1
376 1391 520 1424 Quidam
538 1392 655 1432 legunt
671 1393 814 1424 messala.

1011 1304 1132 1318 eeeeee

939 1495 1085 1526 NOTAE

285 1564 388 1596 curiae
406 1568 583 1599 vernulas?
630 1571 762 1611 Nempe
780 1581 841 1611 pro
866 1572 986 1602 Roma-

283 1614 333 1644 nis
348 1616 528 1648 curialibus
543 1619 608 1649 suis
624 1629 742 1659 preces
756 1621 984 1661 concipiebat.

283 1664 350 1694 Sed
369 1672 487 1705 postea
513 1669 553 1699 ‹ie
577 1670 684 1700 servis
701 1670 789 1702 domi
807 1672 892 1702 natis
910 1682 983 1703 ver-

283 1724 326 1745 na
340 1716 403 1747 dici
420 1724 568 1758 coeptum
585 1727 646 1752 est.
693 1722 779 1753 Qum
797 1727 984 1763 sequuntur

281 1766 361 1796 mihi
386 1776 545 1809 suspecta
567 1776 657 1811 snut,
680 1781 789 1812 neque
812 1773 901 1803 euim
926 1783 984 1803 uu-

283 1827 382 1856 quam
411 1819 502 1858 legas
531 1821 674 1852 Numam
706 1823 809 1854 Marti
837 1833 906 1854 rem
932 1835 983 1855 sa-

282 1876 375 1898 cram
403 1869 589 1902 instituisse
613 1878 649 1903 ut
673 1873 813 1904 Romani
842 1874 985 1905 Sabinos

284 1918 467 1951 vincerent.
514 1922 591 1953 Hoc
622 1924 768 1954 sentient
796 1924 851 1965 qui
880 1925 983 1955 histo-

282 1969 363 1999 riam
385 1971 566 2003 Romanam
584 1980 720 2005 norunt.
768 1975 895 2006 Ultima
921 1976 982 2006 eti-

282 2028 333 2048 am
355 2019 436 2051 illa:
465 2023 549 2056 Quos
572 2023 693 2054 vincere
712 2025 917 2063 perniciosum
931 2035 982 2056 ar·-

280 2067 410 2100 bitrium
439 2070 576 2111 Sabinis,
604 2074 655 2111 ᾅτ.
687 2083 752 2103 nou
783 2084 854 2104 esse
886 2075 980 2105 Festi

280 2117 436 2150 fortunas
471 2132 562 2152 meas
594 2133 708 2154 omnes
739 2130 875 2163 paratus
906 2135 979 2155 sum

280 2179 407 2209 ponere
436 2177 471 2202 et
496 2173 633 2212 pacisci.
677 2174 774 2205 Mera
796 2175 978 2206 balbutie&

281 2220 374 2260 Lege
390 2222 499 2253 modo.
524 2222 622 2255 Idem.

322 2275 336 2289 0
354 2271 534 2312 Vernisera]
565 2273 729 2304 Mensalia
743 2275 882 2313 auguria
894 2276 977 2306 mul·

278 2320 305 2350 ti
335 2321 467 2359 generis
496 2322 598 2353 habes
630 2324 719 2363 apud
750 2324 897 2356 Plinium
921 2326 977 2356 lib.

278 2379 412 2402 xxvni.
427 2382 503 2412 cap.
519 2376 550 2403 2.
573 2374 641 2404 Jos.
657 2374 742 2406 Scul.

316 2422 491 2460 Vernisera,
503 2424 647 2454 mensalia
657 2425 806 2466 auguria]
819 2426 911 2457 Male
921 2427 978 2467 qui

278 2473 424 2503 Messalae
447 2474 592 2511 auguria.
639 2474 804 2505 Meusana
833 2477 976 2515 auguria

278 2523 375 2553 multi
406 2524 540 2563 generis
572 2523 675 2554 habes
706 2525 794 2564 apud
826 2525 974 2556 Plinium

276 2573 335 2604 lib.
353 2583 486 2604 xxvnr.
505 2584 581 2614 cap.
599 2576 629 2604 2.
654 2574 734 2605 Dae.

321 2629 336 2648 Ρ
365 2624 530 2654 Ver-surum
550 2623 672 2663 facere]
711 2626 795 2656 Cum
828 2626 914 2666 quis,
939 2631 976 2657 ut

277 2674 331 2704 alii
349 2675 469 2710 solvat,
484 2674 524 2705 ab
541 2674 605 2704 alio
623 2680 809 2707 mutuatur.
855 2678 975 2708 Cicero

278 2722 376 2755 etiam
405 2723 491 2755 dixit
521 2733 679 2755 versuram
699 2724 818 2766 fucere,
842 2735 903 2768 pro
933 2736 976 2757 ais

1041 1572 1188 1603 alienum
1218 1571 1431 1603 contrahere.
1478 1570 1521 1600 Et
1552 1570 1677 1600 Donat.
1705 1568 1737 1598 iu

1043 1622 1291 1653 Phormionem.
1337 1626 1344 1639 ⁸
1362 1619 1570 1660 Vcrsuram,’
1610 1618 1734 1660 inquit,

1041 1672 1050 1687 ‘
1061 1670 1173 1703 facere
1191 1671 1382 1712 diciturqui
1397 1681 1439 1701 πε
1450 1670 1597 1701 alienum
1611 1678 1652 1700 ex
1667 1677 1735 1698 ‘aere

1039 1722 1151 1752 alieno
1177 1722 1287 1753 solvit.
1333 1721 1470 1752 Dicitur
1494 1720 1592 1750 etiam
1620 1728 1736 1749 versu-

1038 1782 1106 1803 ram
1124 1771 1250 1808 facere,
1273 1781 1348 1802 cum
1373 1771 1499 1801 minore
1527 1769 1655 1800 foenore
1683 1778 1737 1799 ac-

1035 1830 1166 1864 ceptam
1186 1823 1261 1864 quis
1283 1822 1461 1863 pecuniam
1479 1821 1608 1861 majore
1634 1829 1734 1850 occu—

1033 1873 1118 1913 pat.’
1142 1874 1239 1904 Idem.

1077 1930 1091 1951 ί]
1121 1923 1264 1963 Versuti]
1294 1922 1416 1953 Cicero
1432 1930 1489 1952 111.
1507 1920 1549 1951 de
1569 1920 1648 1951 Nat.
1670 1919 1736 1949 De·

1033 1983 1081 2004 or.
1111 1973 1299 2003 ‘versutos
1327 1981 1384 2002 eos
1413 1970 1562 2009 appello,
1592 1977 1733 2009 quorum

1034 2023 1194 2054 celeriter
1207 2031 1300 2052 meus
1316 2026 1481 2052 versatur.
1515 2018 1659 2050 Callidus
1676 2028 1733 2048 au-

1033 2080 1114 2113 tem,
1130 2083 1285 2114 quorum,
1302 2076 1461 2112 tanquam
1479 2078 1595 2100 manus
1617 2078 1733 2109 opere,

1034 2126 1082 2156 sic
1095 2125 1223 2156 animus
1240 2132 1300 2153 usn
1317 2120 1509 2154 concaluit!
1533 2121 1630 2151 Idem.

1076 2181 1087 2195 ¹*
1116 2173 1301 2213 Verticulas]
1334 2172 1477 2204 Schedae
1511 2172 1628 2203 aliter:
1659 2170 1733 2201 Ver-

1033 2225 1145 2255 ticulas
1164 2234 1233 2255 cum
1255 2223 1301 2254 ait
1319 2223 1472 2258 Lucilius,
1496 2222 1542 2252 ita
1566 2220 1732 2261 appellarit

1032 2275 1199 2305 vertebras.
1252 2272 1373 2304 Lucilii
1392 2280 1523 2302 versum
1539 2270 1698 2309 intelligit
1713 2278 1731 2299 e

1034 2334 1083 2356 iv.
1101 2324 1224 2355 Annal.
1246 2325 1255 2341 ⁴
1272 2323 1392 2354 Haeret
1409 2322 1581 2352 verticulis
1594 2318 1730 2351 affixum

1033 2376 1066 2405 in
1095 2376 1282 2414 posteriore
1311 2373 1427 2407 Parte,
1451 2377 1554 2411 atquc
1581 2369 1731 2400 articulis

1034 2429 1070 2456 ut
1100 2424 1196 2454 nobis
1229 2422 1310 2453 talu¹
1343 2419 1537 2462 geuusque.⁸
1582 2418 1731 2450 Tun-neb.

1033 2476 1092 2506 lib.
1120 2483 1251 2505 xxvm.
1274 2483 1350 2513 cap.
1368 2476 1401 2502 9.
1424 2471 1543 2502 scribit
1562 2469 1728 2500 Lucilium

1029 2526 1193 2557 verticulas
1205 2532 1324 2554 vocare
1336 2521 1519 2562 spondylos
1531 2520 1646 2559 spinae.
1670 2519 1723 2549 Et-

1030 2576 1055 2606 si
1077 2581 1111 2606 et
1128 2573 1259 2605 articuli
1276 2572 1379 2603 etiam
1398 2577 1490 2602 recte
1505 2569 1664 2600 terliculae
1680 2569 1728 2598 di-

1030 2626 1059 2656 ci
1079 2625 1217 2665 possint.
1256 2622 1450 2654 Verticuloea
1466 2619 1726 2660 verteml0,quod

1029 2677 1062 2707 in
1081 2676 1120 2707 iis
1136 2684 1170 2706 se
1190 2678 1325 2706 vertant
1342 2671 1502 2703 membra.
1526 2671 1624 2702 Idem.
