1876 3025
299 156 410 198 1158
752 165 901 196 SEXTl
937 164 1140 195 POMPEH
1174 164 1307 196 FESTJ

298 269 538 316 separatum
568 260 676 317 quod
707 260 773 311 sit,
814 260 1095 316 disjunctumq.
1129 275 1154 300 α
1190 259 1334 301 dolone
1368 260 1586 302 interioris
1624 259 1737 300 mali.

302 329 513 384 Sepultum
534 333 684 378 morte,
705 328 909 381 moroq.¹⁸
933 341 1029 369 cum
1050 329 1110 369 ait
1225 358 1236 367 .
1354 359 1365 370 .
1479 358 1489 368 .
1604 328 1656 369 de
1685 329 1737 368 L.

297 397 516 439 Terentio.
574 396 711 438 Tusci
752 396 839 436 vici
879 395 1070 450 magistro
1104 394 1305 451 significat
1346 396 1496 436 vivum
1535 396 1588 436 de
1626 408 1739 436 saxo

298 464 492 519 Tarpeio
513 464 677 513 elatum,
707 477 794 503 cum
815 477 858 504 eo
876 464 1062 504 venisset
1082 464 1432 512 commissatum,
1462 464 1580 516 quod
1617 476 1741 511 mero,

298 531 342 571 z'd
371 539 441 582 est,
469 532 561 573 vino
593 537 700 572 esset
735 535 933 572 coactus.
994 530 1362 586 Seplasiaforum
1394 529 1557 584 Capace,
1586 530 1627 569 in
1655 543 1741 582 quo

299 601 475 655 plurimi
494 600 773 652 unguentarii
794 606 935 639 erant.-
958 599 999 638 in
1019 597 1166 639 Pison.
1186 604 1260 639 m!
1283 598 1454 639 Cicero.
1513 598 1743 650 Seplasia²³

299 667 537 717 mehercule,
559 673 605 706 'nt
631 666 710 707 dici
743 667 992 717 audiebam,
1025 672 1068 708 te
1100 671 1148 707 ut
1169 667 1352 719 primum
1375 665 1541 718 aspexit
1567 663 1743 717 Campa-

300 750 395 776 num
429 735 648 775 consulem
683 735 949 787 repudiavit.
1016 733 1238 775 Saticulaa
1271 733 1462 786 oppidum
1494 733 1538 772 in
1567 733 1744 773 Samnio

301 807 480 855 captum
515 808 608 843 est:
641 814 728 855 quo
744 808 886 855 postea
908 800 1106 841 coloniam
1134 801 1409 842 deduxerunt
1428 800 1661 840 Triumviri
1683 798 1744 838 M.

300 870 418 920 [148]
441 868 646 909 Valerius
669 868 858 916 Corvus,
882 868 1043 909 Junius
1059 869 1228 915 Scaeva,
1243 868 1297 908 P.
1312 868 1497 908 Fluvius
1514 873 1546 899 ¹9
1567 867 1744 918 Longus

300 951 354 977 ex
378 937 424 977 S.
446 936 497 976 C.
531 935 636 976 Kal.
668 935 893 977 Januariis
924 935 978 977 P.
1011 935 1193 989 Papirio
1225 934 1428 984 Cursore,
1465 934 1515 977 C.
1535 934 1669 974 Junio
1693 944 1744 974 11.

300 1003 406 1045 Cos.
466 1005 665 1057 Segesta,
690 1017 791 1057 quae
828 1017 943 1044 nunc
978 1004 1238 1057 appellatur,
1274 1003 1486 1056 oppidum
1515 1003 1558 1042 in
1590 1001 1745 1042 Sicilia

300 1077 378 1121 est,
401 1071 520 1125 quod
552 1071 724 1112 videtur
746 1071 910 1112 AEneas
933 1072 1188 1113 condidisse
1213 1071 1456 1124 praeposito
1478 1070 1539 1110 ibi
1568 1069 1746 1121 Egesto,

301 1140 377 1193 qui
394 1153 491 1180 eam
509 1140 711 1193 Egestam
733 1140 977 1180 nominavit
995 1153 1004 1180 :
1042 1139 1118 1179 sed
1142 1138 1388 1192 praeposita
1407 1143 1474 1178 est
1493 1137 1533 1177 ei
1556 1137 1585 1177 S
1604 1136 1746 1184 litera,

300 1220 354 1247 ne
378 1208 574 1247 obsceno
595 1205 795 1247 nomineb
827 1206 1137 1260 appellaretur,
1173 1211 1217 1247 ut
1251 1206 1412 1246 sactum
1440 1208 1508 1245 est
1534 1204 1579 1244 in
1604 1203 1749 1244 Male—

302 1280 456 1315 vento:
482 1274 602 1327 quod
621 1275 922 1315 Beneventum
941 1274 1106 1314 dictum
1123 1276 1213 1314 est:
1232 1274 1329 1313 etin
1348 1273 1614 1326 Epidamno,
1632 1269 1748 1323 quod

302 1347 537 1394 usurpatur
561 1342 862 1395 Dyrrachium.
921 1341 1198 1394 Seliquastra
1215 1340 1376 1381 sedilia
1395 1340 1565 1393 antiqui
1583 1338 1749 1390 generis

302 1410 578 1462 appellantur
610 1409 651 1449 D
677 1409 804 1449 litera
828 1409 872 1448 in
899 1409 937 1449 L
957 1421 1184 1457 conversa,
1215 1413 1263 1449 ut
1298 1409 1429 1448 etiam
1460 1407 1503 1447 in
1526 1407 1636 1447 sella
1658 1406 1749 1445 fac-

304 1481 398 1516 tum
421 1481 504 1525 est,
526 1481 568 1517 et
599 1476 828 1526 subsellio,
861 1481 904 1517 et
938 1476 1066 1525 solio,
1099 1489 1197 1529 quae
1229 1488 1315 1515 non
1349 1474 1489 1514 minus
1514 1487 1540 1513 a
1561 1472 1749 1513 sedendo

304 1543 422 1583 dicta
459 1547 570 1583 sunt.
632 1543 752 1583 Silus
787 1543 1042 1597 appellatur
1080 1556 1187 1584 naso
1220 1556 1254 1583 s.
1285 1555 1415 1582 rusus
1429 1546 1464 1563 ²0
1507 1554 1661 1581 versus
1687 1553 1751 1580 re-

304 1610 472 1662 pando:
505 1611 620 1651 unde
649 1612 786 1663 galeae
820 1624 956 1666 quoq.
989 1624 1015 1651 a
1044 1610 1341 1658 similitudine,
1364 1609 1458 1649 silae
1482 1608 1751 1648 dicebantur.

305 1678 432 1718 Silvii
465 1684 567 1720 sunt
598 1679 811 1732 appellati
847 1679 1011 1720 Albani
1046 1690 1184 1730 regeS,
1217 1691 1244 1718 a
1274 1677 1473 1718 Laviniae
1496 1676 1601 1723 filio,
1623 1687 1752 1728 quem

303 1749 407 1797 post
428 1758 685 1785 exscessum
712 1746 867 1787 AEneae
895 1745 1076 1798 gravida
1109 1744 1276 1794 relicta,
1311 1744 1467 1784 timens
1500 1742 1752 1795 periculum,

306 1817 348 1852 et
369 1824 460 1851 suae
484 1813 603 1861 vitae,
633 1816 677 1852 et
707 1813 818 1866 ejus,
840 1826 969 1867 quern
996 1818 1118 1853 utero
1147 1813 1337 1863 gerebat,
1366 1812 1410 1851 in
1433 1811 1567 1864 sylvis
1589 1809 1751 1857 latens,

307 1880 440 1919 enixa
467 1884 532 1920 est
551 1893 559 1920 :
589 1881 664 1933 qui
686 1881 910 1921 restitutus
931 1880 973 1920 in
994 1893 1174 1932 regnum
1199 1884 1267 1920 est
1287 1883 1385 1932 post
1405 1883 1585 1919 mortem
1608 1876 1753 1917 Asca-

306 1947 379 1996 nii,
401 1948 606 2000 praelatus
626 1948 749 1989 Julio
766 1954 776 1972 ¹
800 1948 943 1989 fratris
966 1948 1072 1997 filio,
1096 1961 1194 1989 cum
1211 1948 1323 1988 inter
1344 1960 1421 1988 eos
1445 1947 1497 1987 de
1516 1959 1645 1998 reguo
1662 1957 1752 1985 am-

904 2079 923 2088 o
929 2077 1142 2091 eeeeeeeeeee

353 2165 392 2195 18
416 2162 438 2193 f·
455 2167 692 2204 meroque.-19
716 2163 737 2195 f.
756 2164 985 2195 Fulvius.-—20
1008 2163 1225 2195 f.s11smn.—1
1250 2162 1275 2195 f.
1290 2164 1375 2194 ι11110.

960 2281 1099 2312 NOTAE

352 2362 364 2383 ἲ
389 2356 426 2387 lu
454 2356 638 2396 exemplat-i
665 2360 718 2387 est
733 2377 740 2384 .
826 2379 833 2387 .
849 2378 876 2386 ..
893 2366 942 2387 οη.
966 2367 1005 2386 m.
1062 2356 1174 2387 Nonio
1203 2356 1234 2386 iu
1264 2355 1432 2386 Datatiiu.
1490 2354 1578 2384 Vide
1607 2354 1637 2384 in
1668 2356 1675 2371 ‘
1697 2355 1754 2385 Se—

313 2408 432 2437 cicero.
445 2406 533 2447 quod
553 2412 634 2446 puto
650 2405 764 2446 fuisse,
776 2407 808 2436 in
823 2407 933 2437 Pison.
946 2417 1006 2437 me-
1060 2405 1190 2446 plasia.’

309 2458 401 2488 rninit
420 2457 539 2487 Cicero.
1102 2462 1115 2476 «Ἰ
1139 2455 1294 2495 Saticula]
1319 2455 1357 2485 In
1383 2455 1568 2493 exemplari
1588 2454 1684 2492 plano
1702 2458 1755 2484 est

353 2513 365 2527 2
388 2506 543 2546 Seplasia]
570 2506 699 2536 Nonius
714 2506 746 2535 ἰιι
770 2507 779 2522 ‘
796 2505 1008 2545 Seplasinm,’
1061 2528 1183 2537 ......
1200 2506 1281 2535 iam.-
1299 2515 1340 2535 ex
1357 2515 1421 2545 quo
1434 2503 1588 2539 fat-imus,
1600 2504 1755 2533 colonium.

312 2556 467 2586 adductis
483 2565 524 2585 ex
539 2556 690 2586 varrone
705 2557 881 2596 exemplis,
896 2564 1006 2587 osten-
1103 2556 1117 2577 ὓ
1143 2557 1345 2586 Hermolaus
1374 2556 1406 2585 iu
1440 2555 1584 2585 Plinium
1617 2553 1673 2584 lib.
1701 2563 1756 2583 ιιι.

310 2607 361 2637 dit
377 2607 533 2646 antiquos
558 2606 683 2636 dixisse
699 2606 869 2645 Seplasiam
885 2612 1007 2637 neutro
1062 2617 1136 2646 cap.
1165 2611 1195 2638 8.
1230 2607 1311 2646 legit
1340 2606 1463 2636 obsceno
1492 2606 1602 2641 omine,
1628 2614 1689 2643 pro
1716 2613 1756 2634 eo

313 2666 448 2695 genero,
461 2662 495 2686 et
509 2656 679 2696 Seplasiam
694 2656 875 2687 thnniniuo.
907 2657 1007 2687 Pom·
1063 2658 1151 2699 quod
1169 2663 1220 2689 est
1236 2659 1269 2688 in
1286 2656 1484 2697 exemplari,
1501 2655 1628 2685 numine.

314 2708 430 2747 pouius
463 2707 624 2746 Adelphis
661 2709 786 2738 citatur
815 2708 856 2738 ab
888 2708 1005 2739 eodeni
