1876 3025
299 114 411 156 1128
729 126 878 157 sssxri
916 128 1118 158 POMPEil
1154 128 1291 159 FESTI

299 221 447 263 effert:
481 222 724 276 Postquam
746 222 909 262 lumina
939 223 1002 263 sis
1034 223 1175 264 oculis
1203 223 1348 265 bonus
1379 223 1530 266 Ancus
1557 225 1746 279 reliquit.

299 289 454 339 Sultis,
476 291 514 330 si
538 290 681 331 voltis.
742 290 928 331 Plautus
947 291 990 331 in
1018 290 1288 332 Frivolaria:
1311 292 1551 345 Sequimini
1573 305 1641 333 me
1663 295 1746 334 hac

299 358 428 398 sultis
446 358 639 411 legiones
660 371 812 398 omnes
835 358 1048 400 lavernae:
1083 364 1127 400 et
1148 360 1190 400 in
1214 359 1418 401 Rudente
1437 373 1446 401 :
1469 360 1628 401 Curate
1647 360 1745 402 haec

298 425 423 466 sultis
455 438 613 477 magna
639 424 873 477 diligentia.
934 425 1000 465 M.
1032 426 1145 468 Cato
1167 440 1246 480 pro
1268 427 1320 467 L.
1342 426 1558 469 Caesetio:
1583 426 1746 468 Audite

299 492 426 533 sultis
447 493 625 541 milites,
657 492 695 532 si
727 493 828 545 quis
858 498 1050 533 vestrum
1073 494 1118 534 in
1139 494 1258 535 bello
1281 495 1555 548 superfuerit,
1587 496 1625 535 si
1647 496 1746 548 quis

297 572 386 600 non
407 560 615 600 invenerit
642 561 896 613 pecuniam,
931 561 1089 613 egebit.
1150 561 1293 602 Solari
1318 562 1410 602 sine
1432 562 1744 616 praepositione

297 626 464 667 dixisse
507 629 714 681 antiquos
750 628 881 669 testis
916 634 986 669 est
1028 629 1268 678 Pacuvius,
1306 642 1402 670 cum
1435 630 1520 670 ait:
1553 630 1744 680 Solatur,

298 695 547 745 auxiliatur,
571 695 818 749 hortaturq.
838 709 922 737 me.
981 696 1178 738 Solatum
1196 703 1212 726 g
1240 709 1375 750 genus
1397 698 1535 738 morbi
1557 698 1746 738 maxime

297 775 323 802 a
343 763 662 804 rusticantibus
685 763 858 814 dicitur,
881 764 1009 819 cujus
1030 766 1225 807 meminit
1248 765 1368 820 [110]
1390 767 1523 807 etiam
1544 764 1746 806 Afranius

295 829 339 869 in
456 861 466 869 .
586 860 595 869 .
716 862 724 870 .
844 861 852 870 .
972 861 980 870 .
1077 839 1261 886 arquato
1283 832 1456 879 mederi,
1473 832 1585 887 cujus
1605 846 1747 873 nomen

295 896 348 935 ab
368 897 611 950 autigine.¹²
643 898 885 953 Solipunga
897 913 1024 954 genus
1042 899 1213 940 bestiolae
1228 900 1457 951 maleficae,
1473 899 1585 954 quod
1598 899 1745 951 acrius,

296 963 576 1020 concitatiusq.
609 966 656 1007 fit
685 966 854 1008 fervore
885 967 1001 1017 solis,
1035 983 1059 1008 α
1089 983 1166 1024 quo
1187 983 1328 1009 nomen
1349 969 1498 1010 traxit.
1559 967 1745 1021 Sospesh

295 1032 497 1087 signficat
521 1033 634 1087 apud
655 1048 805 1075 omnes
838 1035 947 1076 ferre
967 1041 996 1064 ¹³
1032 1043 1222 1078 auctores
1253 1036 1438 1081 salvum;
1471 1036 1682 1078 Afranius
1700 1036 1745 1075 in

297 1099 472 1153 epistola
498 1116 509 1140 .·
552 1099 616 1141 Di
653 1109 691 1142 te
726 1102 909 1157 sospitem
949 1109 1120 1146 servent
1156 1105 1261 1145 tuis.
1340 1103 1487 1159 Vir-gil.
1528 1103 1598 1144 lib.
1638 1115 1746 1144 viii.

296 1167 462 1207 AEneid.
526 1169 725 1211 Maxime
758 1170 1014 1211 Teucrorum
1048 1170 1206 1222 ductor,
1235 1186 1312 1225 quo
1339 1171 1483 1225 sospite
1509 1183 1745 1225 nunquam.

301 1234 463 1276 Ennius
482 1236 523 1275 in
660 1268 669 1277 .
790 1268 798 1277 .
919 1270 926 1278 .
1060 1244 1278 1293 parentem
1302 1244 1346 1280 et
1366 1238 1514 1293 patrias
1530 1238 1573 1279 di
1591 1245 1747 1279 servate

298 1303 527 1356 sospitem.
586 1303 741 1345 Accius
763 1306 804 1346 in
932 1335 942 1345 .
1061 1336 1069 1346 .
1191 1336 1200 1346 .
1332 1306 1366 1346 si
1385 1307 1465 1347 rite
1486 1307 1540 1347 ad
1562 1306 1744 1359 patriam

293 1385 422 1424 sospes
457 1374 726 1425 pervenisset.
805 1374 974 1414 Ennius
1008 1374 1175 1415 videtur
1208 1381 1450 1414 servatorem
1489 1373 1745 1428 significare,

293 1452 394 1478 cum
426 1440 540 1480 dixit
565 1457 577 1479 .·
623 1438 716 1482 Quo
747 1440 892 1494 sospite
927 1441 1062 1483 liber:
1097 1446 1303 1483 caeterum
1337 1440 1552 1494 sospitare,
1584 1438 1745 1479 Verrius

293 1507 355 1546 ait
372 1520 471 1548 esse
495 1509 622 1549 bonae
645 1522 722 1562 spe
746 1507 915 1562 afficere,
938 1516 1011 1549 ant
1035 1508 1178 1549 bonam
1200 1522 1323 1563 spem
1344 1522 1428 1548 non
1450 1508 1609 1549 fallere.
1645 1505 1745 1547 Suc-

293 1574 478 1614 crozillai
502 1577 644 1617 tenuis
667 1577 908 1627 dicebatur,
931 1584 967 1618 et
991 1576 1076 1617 alta
1101 1591 1191 1617 vox.

288 1641 487 1683 Titinius
510 1644 551 1683 in
692 1675 699 1683 .
837 1677 846 1686 .
988 1676 996 1684 .
1134 1642 1334 1684 stcminea
1358 1642 1553 1683 fabulare
1571 1656 1746 1684 succro-

295 1708 387 1748 tilla
427 1710 585 1750 vocula.
644 1710 856 1767 Afranius
899 1713 943 1753 in
978 1712 1170 1766 epistola
1189 1727 1200 1751 .·
1244 1710 1482 1765 loquebatur
1514 1711 1746 1751 succrotilla

292 1789 404 1816 voce
427 1778 558 1818 serio.
622 1775 805 1819 Plautus
823 1780 863 1819 in
885 1778 1180 1820 describendis
1203 1779 1426 1819 mulierum
1448 1777 1633 1818 cruribus
1649 1791 1745 1830 gra-

298 1844 459 1885 cilibus
482 1846 525 1886 in
549 1845 680 1899 Syro:
717 1846 820 1887 sam
843 1848 1007 1887 extortis
1022 1848 1138 1897 talis,
1158 1860 1256 1887 cum
1272 1846 1455 1887 sodellis
1474 1851 1507 1874 ¹4
1527 1845 1745 1898 crusculis:

895 1957 1131 1968 eeeeeeeeeeee

337 2022 375 2048 12
400 2018 424 2048 f.
441 2020 681 2057 aenigma—13
708 2022 904 2060 ffera—li
931 2024 954 2056 s.
971 2026 1102 2056 todellis.

947 2115 1089 2146 NOTAE

331 2178 346 2199 ‘n'
368 2173 523 2215 Solutum]
538 2175 577 2206 Iu
595 2178 780 2217 exemplari
800 2183 864 2216 est,
879 2189 990 2219 arqua-
1045 2181 1155 2211 citur:
1182 2180 1269 2221 quod
1297 2184 1408 2210 autem
1433 2177 1582 2209 seeundo
1598 2177 1671 2207 loco
1687 2175 1744 2205 lie—

290 2227 341 2253 lo:
367 2230 401 2255 ut
429 2226 585 2257 videatur
601 2227 758 2258 interiens
786 2229 911 2260 dixisse
938 2239 991 2260 ar·
1045 2232 1249 2262 mistivliium
1269 2231 1416 2271 ponitur,
1440 2230 1470 2259 id
1496 2229 1620 2259 Paulus
1647 2235 1742 2266 perne

290 2280 411 2314 quatos
428 2285 447 2305 a
472 2277 584 2308 colore
611 2279 695 2313 auri,
723 2279 778 2319 qui
807 2289 824 2310 a
856 2280 990 2311 rusticis
1044 2282 1288 2322 suppeditavit,
1313 2291 1388 2311 eum
1418 2279 1549 2320 inquit:
1575 2280 1584 2296 ‘
1601 2278 1746 2308 Videtur

289 2325 453 2357 dicuntur
477 2329 575 2359 solati
603 2339 620 2359 a
646 2330 760 2360 colore
779 2331 887 2361 Solis:
913 2341 988 2362 nam
1045 2337 1156 2363 tamen
1175 2330 1326 2369 Enni-ms
1343 2334 1406 2361 διο.
1453 2330 1548 2360 Accii
1567 2338 1680 2359 versus
1698 2327 1744 2357 vi·

289 2375 370 2406 illud
386 2397 478 2408 .....
495 2379 611 2418 rigine,
629 2381 781 2420 aurigine
802 2381 899 2420 plane
915 2387 976 2412 est.
1045 2382 1144 2413 detur
1161 2393 1201 2413 ex
1220 2383 1274 2412 illo
1291 2381 1430 2412 Homeri
1450 2381 1652 2411 translatus:
1671 2377 1703 2409 εὖ
1718 2378 1743 2408 δ’

332 2425 346 2445 ¹¹
370 2426 497 2467 Sospes]
520 2428 558 2458 Iu
580 2429 729 2461 editione
747 2431 992 2471 Augustiniaua
1045 2432 1141 2464 οἴκαδ’
1158 2432 1287 2463 ἱκέσθαι.

288 2478 352 2508 hoc
368 2477 594 2517 fragmentum
607 2481 690 2511 adeo
706 2482 856 2514 luxatum
870 2490 936 2521 est,
955 2490 991 2514 ut
1087 2484 1093 2504 i
1117 2483 1318 2522 Succrotillu]
1343 2482 1430 2512 Vide
1449 2482 1481 2512 in
1499 2486 1506 2499 ‘
1524 2479 1635 2519 Todi,’
1657 2485 1690 2510 et
1711 2481 1742 2510 in

292 2539 369 2558 suus
397 2540 438 2559 ex
464 2539 503 2560 eo
532 2540 648 2561 sensus
676 2533 753 2563 elici
779 2543 843 2563 nou
873 2536 991 2574 possit.
1047 2533 1299 2566 ‘Cr0‹·otilum.’
1328 2534 1434 2563 Varro
1452 2532 1509 2562 lib.
1526 2530 1630 2562 vnde
1649 2530 1742 2568 Ling.

292 2579 391 2609 Ennii
410 2581 613 2621 exemplum,
631 2582 717 2621 quod
737 2589 788 2613 est
815 2584 922 2623 primo
946 2586 990 2615 Ιο-
1048 2588 1120 2618 Lat.
1155 2591 1250 2615 ‘cum
1277 2582 1467 2615 crocotilis‘
1498 2583 1591 2620 legit,
1624 2588 1659 2611 ut
1690 2582 1743 2611 liic

291 2640 330 2660 co
358 2631 514 2670 positum,
538 2633 706 2672 respicere
732 2635 868 2665 videtur
891 2636 932 2666 ad
951 2638 990 2667 ti·
1049 2647 1147 2678 quoq.
1183 2647 1241 2676 pro
1268 2635 1385 2665 todillis
1415 2634 1572 2664 videatur
1599 2631 1741 2663 fortasse

292 2682 412 2718 mlum,
428 2692 492 2722 (11¹0
510 2682 626 2713 C'd'sar
642 2693 719 2713 usus
735 2692 800 2723 est,
817 2686 870 2726 qui
891 2687 921 2716 in
939 2697 988 2716 ar·
1046 2688 1260 2719 scribendum
1278 2684 1430 2715 crocotilis
1445 2684 1601 2714 crusculis.

295 2734 424 2773 genteis
443 2734 588 2766 denariis
612 2745 751 2767 PARENS
772 2746 915 2771 inu-nim
941 2740 988 2770 di.
