1876 3025
294 198 356 227 DE
392 196 663 227 VERBORUM
699 194 1106 226 SlGNlFlGA'rloNE
1141 194 1237 223 [ΑΒ.
1271 193 1397 223 XVII.

1488 183 1573 223 {5:37

179 293 392 348 patricius
414 291 526 341 ordo,
547 297 716 347 rogante
729 290 919 345 patricio,
939 289 1020 330 suis
1040 288 1257 343 suffragiis
1270 288 1428 342 jussit:
1461 287 1569 342 qaod

179 368 315 402 autem
336 360 475 415 aliquo
497 359 776 414 interrogante
798 372 855 400 ex
876 358 1078 412 patribus
1102 362 1146 397 et
1173 355 1289 410 plebe
1320 354 1575 410 suffragante

178 429 320 470 scitum
351 435 461 478 esset,
494 428 539 468 id
557 427 661 482 jam
695 427 811 480 leges
844 427 1013 480 scriptae
1043 425 1296 466 dicebantur.

1359 422 1441 463 Sed
1470 422 1578 463 illud

175 497 460 553 plebeiscitum
489 502 570 546 est,
593 495 714 549 quod
734 495 836 535 ΤΒ.
867 494 961 536 PL.
984 493 1067 534 sine
1082 490 1436 548 patriciisplebem
1453 505 1576 544 roga-

178 568 257 617 vit,
287 566 333 607 id
365 569 446 615 est,
479 563 714 613 consuluit,
739 562 951 617 plebesque
982 561 1125 602 scivit.-
1156 561 1312 615 plebes
1334 566 1484 600 autem
1508 564 1577 600 est

180 632 306 674 omnis
320 631 498 687 populas
516 638 665 685 prazter
685 636 888 671 senatores
909 637 948 670 et
969 633 1128 683 praeter
1149 628 1378 683 patricios.

126 701 238 742 Scito
262 699 412 757 facie,f
439 714 520 754 pro
556 700 675 740 bona
706 698 836 747 facie,
859 698 971 739 alias
989 698 1118 738 bonis
1145 711 1219 751 pro
1247 694 1356 735 scitis
1384 710 1408 734 a
1431 693 1577 747 poetis

179 774 461 823 usurpantur.

520 767 741 808 Terentius
764 766 806 805 in
825 764 1086 813 Phormione,
1106 764 1239 814 Satis,
1261 763 1415 816 inquit,
1440 763 1577 804 scita:

179 843 223 879 et
247 836 724 877 Heautontimorumeno
748 848 757 875 :
796 832 861 874 At
891 835 927 874 si
959 834 1092 883 Scias,
1115 846 1243 885 quam
1276 832 1382 872 scite
1407 830 1446 870 in
1469 844 1578 870 men-

180 911 257 944 tem
279 904 433 945 venerit
451 919 461 942 .·
479 903 512 927 ¹6
532 908 581 944 ut
603 901 769 942 Ennius
790 902 836 941 in
857 902 968 942 libro
990 905 1143 941 sexto:
1181 900 1348 940 Lumen

1213 999 1221 1007 .
1266 968 1402 1008 scitus
1425 979 1574 1019 agaso.

124 1041 309 1082 Sem-tag
342 1038 620 1094 appellantur
652 1036 874 1078 meretrices
907 1051 952 1077 ex
980 1035 1280 1077 consuetudine
1313 1036 1577 1076 rusticorum

180 1109 264 1164 qai,
288 1115 333 1149 ut
357 1115 411 1149 est
433 1107 547 1161 apud
565 1106 777 1148 Atellanos
805 1106 1009 1160 antiquos
1032 1105 1236 1146 solebant
1257 1104 1388 1144 dicere
1409 1117 1447 1143 se
1466 1109 1579 1142 attu-

181 1178 279 1218 lisse
307 1191 387 1231 pro
417 1183 544 1217 scorto
576 1175 889 1230 pelliculam,¹7
931 1175 1075 1216 omnia
1106 1186 1278 1227 namque
1319 1185 1365 1211 ex
1406 1169 1580 1225 pellibus

167 1244 308 1301 facta,
328 1252 479 1285 scortea
512 1245 804 1298 appellantur,
825 1249 864 1283 et
901 1241 1075 1291 scortes,
1104 1241 1149 1282 id
1176 1247 1246 1291 est,
1275 1239 1399 1294 pelles
1421 1238 1580 1279 testium

182 1313 490 1363 Arietinorum,
512 1314 568 1354 ab
590 1313 731 1353 isdem
752 1310 913 1352 scorteis
930 1309 1104 1365 pellibus
1122 1309 1235 1351 Idem
1263 1307 1430 1349 Verrius
1451 1305 1580 1347 dictas

181 1395 280 1423 esse
308 1382 381 1422 ait.

124 1450 277 1491 Scorta
308 1449 583 1503 appellantur
617 1448 872 1489 meretrices
894 1446 1016 1500 quia,
1046 1448 1096 1486 ut
1134 1444 1371 1499 pelliculae,
1401 1443 1579 1494 [PAUL.

180 1518 461 1571 subigantur:
510 1518 657 1558 omnia
695 1529 882 1570 namque
922 1529 980 1556 ex
1020 1514 1211 1568 pellibus
1252 1512 1371 1553 faeta
1403 1516 1582 1551 scortea.

181 1587 472 1641 appellantur.
524 1587 723 1635 Scortes,
745 1585 789 1626 id
809 1589 890 1633 est,
910 1583 1053 1638 pelles
1076 1583 1254 1624 testium
1273 1581 1571 1628 arietinorum,

182 1655 238 1694 ab
260 1654 422 1695 eisdem
443 1654 638 1708 pellibus
659 1652 845 1693 dictae.¹8

733 1761 851 1773 eeeeee

853 1761 969 1773 ““““

168 1844 206 1871 15
231 1841 307 1872 Vet.
334 1839 408 1871 cod.
432 1841 616 1881 pleps—16
641 1839 705 1872 Ed.
732 1840 821 1872 Scal.
850 1839 1058 1871 Veneri.-17
1086 1837 1170 1869 Ead.
1203 1835 1257 1867 ed.
1284 1834 1581 1866 ‹lanatarium-la

124 1884 204 1915 Vet.
222 1884 280 1914 lib.
296 1884 385 1915 dicti.

781 1990 921 2022 NOTAE

126 2073 161 2100 et
178 2068 278 2108 plebe
296 2066 506 2107 suffragante
522 2067 643 2098 scitum
667 2072 769 2105 esset,
794 2066 826 2097 id

125 2126 195 2151 tuni
223 2120 329 2159 legem
354 2119 517 2158 scriptam
545 2119 674 2149 dictum
698 2118 826 2156 fuisse;

126 2171 180 2201 lex
198 2171 285 2201 enini
304 2171 442 2210 proprie
458 2169 637 2200 dicebatur
655 2169 742 2210 quod
762 2170 826 2200 Po-

126 2223 224 2263 pulus
249 2222 420 2253 Romanus
446 2222 606 2260 comitiis,
632 2222 683 2252 vel
708 2226 825 2252 centu-

125 2273 233 2311 riatis,
249 2272 302 2303 vel
327 2272 478 2312 tributis,
501 2272 554 2302 vel
583 2272 736 2307 curiatis,
759 2282 825 2302 uuo

127 2324 237 2363 aliquo
256 2332 274 2353 e
292 2323 540 2363 magistratibus
566 2323 751 2363 majoribus
778 2323 823 2353 in-

127 2378 335 2412 terrogante,
357 2373 461 2403 veluti
477 2373 628 2411 consule,
641 2372 827 2403 constitue-

126 2424 199 2454 bat.
219 2424 428 2464 J11stin.§4.
452 2424 591 2464 Dejure
608 2429 699 2454 natu·
724 2424 804 2454 Duc.

171 2472 181 2493 f
203 2472 398 2512 Scitafacie]
417 2474 501 2505 Quae
521 2475 552 2504 in
570 2473 637 2504 fine
654 2474 825 2505 asteriscis

126 2531 243 2557 notata
270 2525 392 2555 relicta
410 2530 498 2562 sunt,
520 2525 551 2555 iu
571 2525 608 2555 iis
625 2530 825 2556 nocturnum

127 2578 192 2608 iter
209 2576 356 2606 consulis
377 2576 428 2604 vel
446 2575 529 2605 alius
548 2575 722 2616 cujusdam
747 2585 825 2606 auc-

128 2627 268 2658 toritate
287 2625 422 2666 praediti
446 2624 663 2656 describebat
687 2626 826 2665 Ennius,

129 2679 182 2710 cui
223 2686 323 2718 agaso
363 2676 571 2716 praelucebat
589 2686 597 2707 :
644 2677 827 2707 luminibus

127 2729 216 2759 enim
234 2733 267 2758 et
290 2726 422 2757 facibus
451 2725 483 2756 in
507 2726 729 2758 conficiundis
751 2737 830 2758 noc-

127 2778 234 2810 turnis
260 2777 438 2810 itineribus
460 2777 604 2808 Veteres
634 2777 830 2811 utebantur.

884 2067 983 2098 Idem.

924 2124 940 2145 g
963 2117 1089 2157 Sourta]
1108 2114 1255 2146 Videutl.
1275 2114 1385 2144 Varro
1402 2112 1459 2144 lib.
1477 2120 1527 2142 Vi.
1541 2110 1583 2141 de

882 2169 978 2208 Liug.
998 2169 1072 2199 Lat.
1096 2168 1173 2197 Ant.
1189 2166 1274 2204 Aug.

925 2219 1037 2250 Scorta
1064 2216 1277 2258 appellantur]
1315 2215 1412 2246 Varr.
1443 2213 1501 2245 lib.
1533 2222 1583 2243 iv.

881 2269 1058 2301 ‘Scortari
1089 2273 1142 2299 est
1174 2268 1296 2308 saepius
1331 2264 1581 2296 meretriculam

881 2321 1019 2358 ducere,
1037 2329 1112 2361 quae
1134 2319 1226 2348 dicta
1251 2328 1270 2348 a
1298 2318 1399 2357 pelle.
1439 2315 1477 2346 Id
1496 2315 1582 2345 enim

882 2381 947 2401 uon
965 2371 1070 2400 solum
1088 2369 1215 2410 antiqui
1240 2368 1402 2398 dicebaut
1423 2372 1585 2404 scortum,

879 2421 939 2452 sed
965 2421 1067 2451 etiam
1094 2430 1182 2450 nuuc
1205 2418 1346 2450 dicimus
1372 2423 1519 2453 scortea,
1544 2426 1585 2447 ea

881 2482 957 2512 quae
975 2482 1016 2502 ex
1033 2471 1126 2501 corio
1155 2475 1190 2501 et
1213 2469 1358 2510 pellibus
1385 2474 1463 2499 sunt
1480 2467 1584 2498 facta.

880 2523 967 2554 Inde
999 2523 1031 2552 in
1065 2523 1194 2562 aliquot
1234 2520 1338 2550 sacris
1379 2529 1418 2550 ac
1451 2518 1582 2547 sacellis

880 2574 1045 2613 scriptum
1063 2572 1238 2611 habemns,
1255 2580 1297 2600 ne
1315 2569 1394 2610 quid
1414 2573 1582 2598 scorteum

881 2624 1095 2657 adhibeatur,
1113 2622 1188 2652 ideo
1206 2632 1247 2652 ne
1272 2620 1484 2650 morticinum
1504 2616 1583 2657 quid

882 2675 980 2706 adsit.
1015 2674 1053 2704 In
1074 2671 1244 2703 Atellanis
1268 2671 1348 2700 licet
1373 2668 1584 2698 animadver-

883 2731 958 2756 tere
975 2723 1116 2754 rusticos
1133 2722 1262 2759 dicere,
1274 2730 1309 2750 se
1328 2719 1507 2750 adduxisse
1523 2727 1582 2758 pro

885 2778 998 2807 scorto
1016 2771 1233 2814 pelliculam)
1256 2771 1337 2802 Dae.
