1876 3025
328 184 390 213 DE
426 181 657 212 VERBORU
668 181 697 209 M

733 177 1145 209 SlGNiFIGATloNE
1181 177 1275 205 LlB.
1310 176 1394 205 XV.

1501 164 1587 206 703

188 294 271 331 me,
309 284 358 320 ut
379 279 515 320 febris
536 289 785 331 querquera
806 275 1093 328 consequitur
1122 271 1298 328 (febris)
1338 271 1588 325 capitisque

190 349 384 390 dolores.

187 422 274 458 tus.

444 346 560 387 Item
593 344 810 385 Plautus:
846 344 892 384 Is
924 342 1031 383 mihi
1067 346 1160 382 erat
1196 340 1300 381 bilis
1321 352 1589 393 querquera—

131 482 506 537 Querquetulanae
543 481 809 522 dicebantur
839 479 1043 534 nymphae
1080 481 1324 533 querqueto
1356 474 1589 517 virescenti

189 551 495 606 praesidentes.

134 619 509 673 Querquetulanae
533 617 715 658 virae¹³⁶
748 619 955 669 putantur
987 612 1226 667 significari
1260 625 1382 666 nym-
1428 610 1591 662 [FEsT.

191 687 292 741 pbae
314 685 604 739 praesidentes
626 689 870 738 querqueto
891 683 1144 733 virescenti,
1165 681 1283 736 quod
1307 693 1439 734 genus
1464 679 1589 720 silvae

191 754 386 795 indicant
408 753 545 794 fuisse
566 753 678 792 intra
697 756 890 805 portam,
912 764 1010 805 quae
1041 752 1098 792 ab
1131 763 1186 790 eo
1221 749 1341 790 dicta
1375 747 1582 798 sitQuer-

192 821 449 874 quetularia.

509 819 599 860 Sed
620 820 823 861 foeminas
846 819 1018 873 antiqui
1034 817 1052 840 ‘¹
1085 831 1199 872 quas
1221 818 1365 859 sciens
1388 817 1591 866 dicimus,

190 889 309 929 viras
329 889 622 942 appellabant
638 892 689 928 :¹4
719 888 831 929 unde
862 888 1010 929 adhuc
1042 892 1298 942 permanent
1318 886 1523 940 virgines,
1550 887 1592 925 et

192 956 432 1009 viragines.

135 1024 536 1078 Querquetulariae
566 1027 693 1077 porta
726 1023 884 1065 Romae
921 1023 1059 1069 dicta,
1092 1023 1212 1077 quod
1250 1035 1379 1076 quer·
1411 1020 1593 1076 [PAUL.

191 1096 370 1145 quetum
390 1091 503 1133 intra
522 1104 667 1132 muros
688 1091 805 1132 urbis
832 1091 969 1146 juxta
993 1104 1042 1132 se
1060 1090 1277 1132 habuerit.

134 1158 255 1209 Ques
274 1156 286 1180 f
315 1159 486 1212 antiqui
502 1159 730 1199 dixerunt:
761 1159 860 1199 inde
884 1159 1155 1200 declinatum
1177 1160 1373 1198 remanet
1422 1155 1587 1208 [FEST.

191 1226 345 1268 dativo
376 1240 499 1277 casu,
522 1227 710 1280 quibus3
743 1226 834 1277 Qui
856 1226 1002 1268 adhuc
1034 1227 1138 1268 item
1161 1225 1298 1276 Queis
1321 1230 1352 1254 ¹5
1390 1224 1512 1275 facit,
1541 1227 1592 1265 ut

190 1295 269 1335 isti
290 1295 405 1345 istis,
427 1295 492 1336 illi
514 1295 617 1337 illis.

136 1361 358 1413 Quianam
374 1368 388 1391 g
410 1375 491 1416 pro
514 1376 666 1416 quare,
682 1367 727 1404 et
748 1376 837 1413 cur,
859 1363 1071 1416 positum,
1094 1367 1137 1404 et
1159 1361 1278 1416 apud
1302 1362 1524 1415 antiquos,
1547 1362 1596 1400 ut

744 1481 882 1494 eeeeeee

886 1481 986 1494 eeeee

178 1541 216 1569 13
242 1537 306 1569 Ed.
331 1538 419 1569 Scal.
443 1540 623 1568 utrm—14
647 1537 735 1568 Scal.
763 1536 945 1575 legendum
973 1541 1088 1567 monet
1115 1536 1178 1567 Sed
1202 1535 1351 1573 foeminas
1377 1534 1499 1574 antiqui
1521 1544 1597 1575 quas

132 1591 213 1611 nunc
234 1581 377 1620 dicimus,
402 1581 491 1611 viras
515 1580 722 1620 appellabunt.
768 1580 831 1610 Vir
846 1580 940 1611 doct.
958 1580 992 1610 iu
1010 1590 1118 1618 marg.
1134 1580 1187 1610 ed.
1213 1579 1303 1609 Scal.
1320 1587 1381 1619 pro
1404 1578 1503 1608 sciens
1519 1587 1600 1608 con-

126 1624 206 1664 jicit
232 1627 422 1662 sagas.—l5
448 1624 532 1654 Ead.
549 1622 604 1654 ed.
621 1623 753 1663 quibus;
777 1633 848 1653 num
871 1623 935 1658 Qui
956 1624 1057 1654 adhuc
1082 1624 1157 1654 item
1175 1622 1282 1658 Queis.
1326 1621 1396 1653 Pro
1415 1621 1513 1656 Queis
1530 1626 1600 1651 vet.

135 1666 209 1698 cod.
227 1667 290 1707 qui.
335 1667 397 1698 Vir
415 1667 506 1699 doct.
522 1667 556 1697 in
574 1676 680 1706 marg.
697 1666 753 1697 ed.
772 1666 861 1698 Scal.
879 1666 971 1707 conj.
987 1665 1069 1707 quis.

795 1774 826 1805 N
833 1774 936 1806 OTAE

181 1844 194 1859 0
220 1839 480 1878 Querquetulanae
502 1838 595 1878 viroe]
624 1838 654 1869 A
680 1843 842 1879 querceto

138 1889 417 1930 querquetulanae
450 1889 622 1929 nymphae,
657 1899 733 1930 quae
774 1899 841 1920 non

137 1939 212 1970 aliae
230 1944 309 1970 sunt
332 1949 429 1979 quam
457 1949 533 1980 quae
557 1940 689 1971 Graecis
716 1940 844 1971 Hama-

136 1989 296 2028 dryades,
310 1989 401 2030 quod
419 1990 514 2020 simul
532 2000 606 2021 cum
616 1990 712 2025 drusi,
730 1990 762 2021 id
776 1996 843 2029 est,

137 2040 342 2081 quercubus,
356 2047 390 2071 et
406 2041 522 2072 vivant
536 2046 572 2072 et
585 2041 767 2073 intereant.
785 2042 841 2073 De

137 2090 178 2121 iis
206 2090 281 2120 vide
309 2091 476 2131 insignem
504 2090 613 2122 locum
641 2091 840 2124 Callimach.

139 2140 241 2179 Hym.
269 2140 301 2170 iu
335 2141 469 2171 Delum.
515 2141 638 2171 Earum
670 2141 843 2172 Sacellum

138 2191 258 2221 Romae
296 2193 306 2209 ‘
324 2191 653 2232 querquetulanum'
700 2192 843 2224 dictum.

138 2242 246 2272 Varro
262 2241 318 2273 lib.
333 2251 381 2272 iv.
399 2242 499 2274 Idem.

180 2291 194 2311 ‘¹
219 2291 283 2323 Sed
293 2291 444 2329 soemz'nas
466 2292 604 2333 antiqui]
639 2293 754 2333 Lege:
781 2293 844 2324 Sed

139 2342 268 2373 feminas
284 2342 405 2383 antiqui
420 2353 494 2383 quas
505 2354 587 2375 nunc
602 2344 745 2382 dicimus,
758 2344 843 2375 virus

139 2392 342 2432 appellabant.
390 2394 489 2433 Quae,
514 2394 637 2435 iuquit,
665 2404 755 2425 nunc
782 2394 843 2425 foe-

139 2442 238 2473 minae
256 2452 274 2472 a
290 2442 386 2474 nobis
404 2444 575 2479 dicuntur,
593 2455 643 2475 eae
660 2445 741 2476 virae
752 2445 844 2477 dice-

141 2492 277 2523 bantur.
322 2493 444 2534 Neque
462 2494 642 2534 immerito,
658 2505 733 2526 cum
760 2505 844 2526 mas·

140 2541 287 2572 culinum
310 2543 355 2572 sit
372 2544 432 2575 vir.
476 2544 532 2575 Ita
554 2546 643 2576 enim
662 2550 696 2576 et
715 2550 843 2576 utrum-

140 2601 205 2632 que
221 2602 336 2622 sexum
352 2591 497 2626 formant
514 2596 669 2635 Hebraei,
686 2596 747 2635 Iss,
771 2597 840 2628 vir:

139 2642 214 2680 issa,
254 2642 336 2681 vira,
371 2643 435 2675 hoc
472 2650 536 2681 est,
571 2645 720 2677 foemina.
760 2646 841 2677 Scal.

142 2693 257 2725 Quare
285 2692 317 2722 in
343 2694 498 2725 versione
523 2696 646 2727 Graeca
670 2697 843 2728 Geneseos

142 2742 185 2774 de
206 2743 290 2780 Eva,
307 2743 498 2782 κληθήσεται
519 2747 609 2787 γυνὴ,
632 2749 696 2779 &c.
723 2747 842 2779 melius

896 1839 1062 1881 scriptum
1095 1838 1229 1878 fuisset,
1265 1836 1454 1874 κληθήσεται
1488 1836 1601 1877 ἆνδρὶς,

896 1891 966 1921 sive
982 1890 1094 1929 potius
1110 1889 1224 1928 ἄνειρα.
1269 1887 1471 1928 Analogiam
1487 1897 1603 1917 serva-

897 1941 947 1971 vit
963 1940 1114 1972 Gallicus
1131 1941 1312 1980 interpres,
1335 1949 1372 1969 on
1397 1940 1427 1969 ιιι
1448 1948 1603 1969 uonimera

897 1991 1042 2022 homesse.
1068 1990 1177 2021 Idem.

951 2046 965 2062 e
990 2040 1266 2082 Querquetularia]
1295 2040 1423 2071 Eadem
1455 2049 1603 2080 querque-

895 2095 1005 2124 tulana
1032 2091 1137 2123 dicta.
1182 2092 1297 2132 Prope
1315 2091 1505 2122 viminalem
1520 2089 1604 2121 fuis-

898 2154 934 2176 se
971 2144 1106 2175 videtur
1139 2143 1289 2174 indicare
1317 2142 1406 2173 Plin.
1434 2141 1495 2172 lib.
1528 2150 1603 2171 xvr.

898 2195 1002 2226 Nunc
1033 2194 1065 2224 in
1091 2193 1213 2223 vinetis
1233 2192 1329 2232 jacet
1356 2192 1483 2226 clausa,
1508 2195 1543 2222 et
1560 2191 1602 2221 ad

897 2253 970 2275 eam
998 2252 1058 2285 per
1084 2243 1202 2284 viginti
1230 2241 1352 2283 gradus
1375 2241 1603 2273 ascendimus.

898 2295 997 2325 Idem.

943 2343 954 2363 f
975 2345 1074 2385 Ques]
1096 2343 1241 2374 Pluralis
1260 2353 1320 2383 pro
1337 2343 1401 2383 qui.
1445 2342 1573 2372 Ennius
1592 2352 1599 2371 :

898 2399 907 2411 ‘
927 2395 1056 2426 Decem
1074 2395 1211 2425 coclites
1228 2404 1311 2434 ques
1327 2393 1497 2424 montibus
1514 2402 1601 2423 sum-

899 2446 961 2477 mis
979 2446 1095 2486 Ripeis
1118 2443 1263 2476 fodere.'
1287 2445 1387 2475 Idem.

941 2503 957 2524 s
982 2495 1152 2535 Quidnam]
1178 2495 1218 2526 In
1248 2504 1344 2525 versu
1375 2493 1475 2525 Ennii
1504 2492 1603 2523 deest

898 2547 1166 2588 monosyllabum
1181 2546 1333 2583 verbum,
1350 2545 1449 2586 quale
1467 2548 1518 2574 est
1532 2543 1602 2579 heu,

899 2598 951 2629 vel
973 2608 1001 2628 ο.
1051 2597 1108 2628 Sic
1135 2596 1233 2636 Virg.
1262 2596 1336 2627 AEn.
1356 2604 1388 2626 v.
1408 2596 1459 2625 13.
1481 2592 1602 2622 ιΗειιῑ

897 2648 1055 2688 quianam
1069 2646 1154 2677 tanti
1171 2646 1353 2677 cinxerunt
1369 2652 1505 2684 aequora
1520 2642 1602 2672 nim-

899 2698 932 2729 bi
947 2697 969 2728 ?’
991 2697 1070 2729 Ant.
1087 2696 1174 2736 Aug.
