1876 3025
684 185 734 216 IN
770 181 1028 214 POMPEIUM
1063 179 1274 211 FESTUM.

235 292 291 322 lib.
307 290 372 321 viii.
387 291 461 321 513.
476 292 506 320 3.
532 290 606 319 515.
626 289 665 318 12

237 335 292 365 lib.
309 345 340 365 x.
355 337 430 366 481.
446 336 465 364 8

236 378 293 408 lib.
310 377 354 408 xi.
370 380 444 407 588.
463 378 514 407 14.
537 377 612 407 709.
629 376 660 405 3.
676 376 751 406 886.
767 375 805 404 14

236 421 291 451 lib.
307 420 364 451 xii.
379 422 452 451 698.
470 423 486 450 l

234 464 289 494 lib.
313 463 376 493 xvi.
400 466 475 495 469.
500 465 531 493 2.
567 462 642 492 650.
666 463 718 491 15.
746 460 828 491 697.
845 462 896 491 15.

277 510 351 538 709.
367 508 397 536 6.
421 508 495 537 738.
512 508 563 536 10.
587 506 662 535 892.
675 506 708 536 2.
730 505 804 535 996-
822 506 840 533 3

234 550 290 581 lib.
305 549 392 579 xviii.
407 551 480 580 513.
496 551 516 580 2

235 593 268 623 in
284 592 412 623 Achille
428 595 503 623 915.
521 594 562 622 14

234 636 267 666 in
282 635 408 666 Achille
426 632 601 666 Aristarchi
614 635 688 665 650.
706 634 745 664 15

234 679 269 709 in
284 679 382 720 Ajace
399 681 473 709 989.
490 681 510 709 9

233 722 267 752 in
283 722 469 752 Alexandro
483 723 559 752 686.
576 723 607 752 1.
629 721 705 751 904.
720 721 751 751 1.
773 722 847 751 950.
863 723 882 750 2

232 765 266 795 in
282 764 502 795 Andromacha
515 766 589 795 840.
606 766 626 794 2

233 808 266 838 in
282 806 485 838 Andromeda
499 809 574 839 696.
590 809 621 838 4.
646 808 741 837 1017.
758 808 798 837 10

234 851 267 881 in
283 850 385 881 Asota
398 853 474 882 977.
491 853 531 882 10

234 894 268 924 in
284 894 481 934 Cresphonte
496 895 571 925 696.
584 895 614 924 3.
628 895 703 925 731.
719 895 738 923 2

234 936 268 966 in
284 937 441 967 Erectheo
456 939 532 967 475.
548 938 567 966 3

234 980 269 1010 in
284 979 432 1010 Hecton's
447 979 536 1021 lytris
550 982 625 1024 731.
642 981 660 1009 3

234 1023 268 1053 in
282 1023 449 1063 Iphigenia
464 1025 538 1053 506.
552 1025 572 1054 7

234 1065 268 1096 in
283 1066 456 1096 Telamone
473 1068 548 1096 511.
565 1069 584 1097 8

234 1108 267 1140 in
281 1109 424 1150 Telepho
439 1111 514 1140 445.
529 1111 569 1140 10

235 1151 269 1182 in
283 1152 421 1193 Thyeste
436 1154 511 1183 519.
526 1154 547 1183 4

192 1195 387 1227 Euhemerus
401 1197 476 1228 943.
491 1197 512 1226 2

531 1347 568 1377 F.

193 1447 308 1478 Fabius
323 1447 423 1489 pictor
438 1450 479 1479 67
482 1451 514 1480 6.
530 1451 550 1479 7

194 1491 308 1521 Foedus
323 1491 497 1522 Gabiorum
517 1500 589 1522 cum
605 1490 759 1522 Romanis
776 1494 847 1523 165.
862 1496 881 1523 2

194 1533 307 1565 Foedus
323 1534 470 1565 Latinum
487 1537 562 1566 454.
576 1538 597 1565 2

528 1687 570 1718 G.

195 1788 325 1819 Galatas
341 1789 475 1830 scriptor
489 1791 565 1820 778.
578 1790 597 1819 3

196 1832 461 1863 Glossematorum
477 1831 645 1872 scriptores
660 1835 735 1863 460.
751 1835 770 1863 8

196 1875 359 1906 Gracchus
383 1878 458 1907 580.
473 1878 492 1906 4
516 1875 556 1905 de
586 1874 710 1916 legibus
733 1885 749 1905 a
772 1885 805 1905 se
829 1885 897 1917 pro-

280 1918 430 1959 mulgatis
446 1920 521 1950 547.
537 1921 557 1949 8

238 1961 270 1990 in
281 1971 330 1998 ea,
343 1972 412 2002 quae
428 1966 478 1992 est
492 1961 531 1991 de
545 1961 617 2001 lege
632 1960 776 1992 Minucia
789 1963 863 1992 546.
880 1965 898 1993 5

238 2004 271 2034 in
289 2014 337 2039 ea,
365 2015 456 2044 quam
479 2004 664 2045 conscripsit
687 2003 726 2034 de
749 2005 819 2045 lege
843 2004 899 2035 Pr.

282 2047 377 2077 Ennii
391 2052 424 2077 et
438 2047 611 2088 peregrinis
626 2049 701 2078 760.
718 2050 734 2078 1

239 2090 272 2119 in
288 2100 337 2125 ea,
353 2100 416 2130 qua
438 2100 513 2120 usus
537 2095 585 2121 est
608 2100 677 2122 cum
693 2090 811 2121 circum
825 2099 899 2120 con-

281 2132 431 2164 ciliabula
443 2133 505 2163 iret
518 2136 592 2164 618.
611 2135 650 2165 17

238 2176 271 2205 in
286 2177 427 2207 oratione
442 2176 476 2206 in
492 2176 529 2207 P.
546 2175 706 2217 Popilium
730 2176 901 2217 posteriore

239 2261 271 2290 in
286 2261 324 2291 P.
340 2262 501 2302 Popilium
515 2265 589 2294 516.
604 2265 644 2293 10

198 2303 336 2336 Granius
353 2308 428 2336 766.
444 2308 483 2336 14

529 2457 571 2486 Η.

200 2558 359 2589 Hesiodus
376 2562 451 2591 322.
465 2561 484 2589 7

199 2601 412 2642 Hippocrates
426 2600 567 2633 medicus
586 2604 660 2634 103.
675 2605 692 2633 l

199 2644 347 2675 Historiae
363 2645 513 2675 Cumanae
530 2645 719 2686 compositor
732 2646 807 2675 776.
824 2648 842 2675 5

200 2687 357 2718 Homerus
372 2689 447 2719 475.
463 2690 514 2719 11.
538 2689 613 2719 491.
630 2691 661 2720 3.
684 2690 758 2720 502.
775 2690 814 2719 18

201 2730 333 2760 Hostius
347 2730 380 2760 in
394 2730 469 2760 belli
484 2730 614 2761 Histrici
629 2731 705 2761 libro
721 2733 795 2762 829.
812 2733 852 2761 10

1553 179 1647 207 XXV

1286 279 1313 309 Ι.

945 380 1094 412 Incertus
1108 379 1308 410 historiarum
1324 377 1457 418 scriptor
1475 379 1548 409 952.
1565 381 1585 407 6

945 425 1052 456 Julius
1069 425 1101 455 in
1116 423 1253 454 Adrasto
1270 424 1344 454 660.
1361 424 1400 452 10

1279 552 1319 585 L.

946 631 1074 670 Laelius,
1098 633 1136 665 C.
1160 632 1277 664 Laelius
1297 632 1331 664 in
1358 642 1396 663 ca
1421 641 1514 673 quam
1539 639 1595 671 pro
1621 641 1651 659 se

1033 676 1116 707 dixit
1128 679 1203 708 826.
1219 679 1239 707 2

989 729 1045 760 pro
1062 730 1096 750 se
1111 719 1197 760 apud
1212 718 1365 760 populum
1382 719 1458 749 511.
1474 720 1513 748 13

947 763 1087 793 Lembus
1102 761 1290 793 Heraclides
1305 763 1379 794 777.
1398 764 1436 792 15

948 806 1089 836 Licinius
1106 805 1234 836 Imbrex
1250 808 1324 837 513.
1339 807 1360 836 4

949 849 1051 889 Leges
1093 848 1260 879 duodecim
1296 846 1473 878 tabularum
1502 847 1577 876 441.
1602 848 1653 875 11.

1035 894 1110 923 454.
1127 894 1157 922 l.
1187 894 1263 923 469.
1279 893 1331 922 14.
1365 893 1438 921 569.
1454 891 1506 920 11.
1529 890 1604 919 614.
1623 891 1655 918 5.

1035 937 1155 965 698.ι.
1187 930 1417 966 717.7.“79ο.
1438 934 1490 963 16.
1529 933 1603 962 816.
1625 934 1656 960 9.

1036 979 1111 1008 822.
1127 980 1178 1008 13.
1202 980 1276 1008 883.
1301 979 1353 1007 10.
1385 978 1461 1006 908.
1476 977 1507 1005 8.
1536 975 1610 1004 040.
1625 976 1657 1003 9.

1035 1023 1111 1051 953.
1127 1023 1158 1052 7.
1181 1023 1256 1052 972.
1273 1022 1326 1050 10.
1349 1021 1424 1050 996.
1439 1021 1471 1049 6.
1494 1019 1589 1048 1013.
1606 1018 1643 1047 11

950 1063 1055 1102 Leges
1069 1063 1272 1093 Laurentium
1287 1065 1342 1093 91.
1356 1064 1376 1092 4

950 1106 1052 1146 Leges
1077 1106 1192 1137 Numae
1213 1109 1267 1137 61.
1285 1108 1337 1137 11.
1360 1106 1433 1136 517.
1449 1106 1480 1134 5.
1515 1104 1590 1133 527.
1607 1104 1658 1133 20.

1037 1151 1110 1180 558.
1126 1151 1158 1179 7.
1180 1152 1255 1180 572.
1272 1151 1324 1180 13.
1347 1150 1421 1179 720.
1437 1150 1468 1178 8.
1493 1147 1567 1177 763.
1586 1148 1624 1176 11

950 1190 1021 1220 Lex
1036 1192 1166 1223 annai-ia
1179 1195 1233 1224 78.
1250 1194 1269 1225 3

950 1233 1020 1264 Lex
1037 1235 1180 1266 censoria
1195 1238 1270 1266 650.
1288 1236 1328 1264 17

950 1276 1020 1307 Lex
1035 1277 1074 1307 L.
1088 1277 1210 1318 Papirii
1221 1276 1352 1309 Tribuni
1368 1278 1441 1308 800.
1455 1279 1475 1307 9

952 1319 1023 1351 Lex
1038 1319 1181 1351 rivalicia
1195 1322 1270 1351 866.
1287 1322 1303 1350 1

952 1361 1020 1392 Lex
1035 1361 1163 1394 Romuli
1178 1368 1211 1393 et
1225 1362 1308 1393 Tatii
1322 1365 1396 1394 605.
1411 1364 1431 1392 2

951 1404 1015 1435 Lex
1031 1405 1132 1436 Servii
1151 1405 1250 1437 Tullii
1265 1408 1341 1436 605.
1357 1408 1377 1436 4

949 1447 1018 1477 Lex
1033 1447 1180 1479 Siliorum
1197 1451 1271 1480 672.
1290 1451 1306 1479 1

947 1490 1017 1520 Lex
1033 1490 1205 1521 tribunicia
1219 1491 1321 1531 prima
1335 1492 1409 1521 797.
1426 1491 1464 1520 13

947 1532 1019 1563 Lex
1033 1533 1177 1564 unciaria
1193 1536 1289 1565 1016.
1305 1536 1322 1564 1

948 1575 1057 1606 Livius
1069 1576 1269 1606 Andronicus
1284 1579 1337 1607 38.
1348 1578 1379 1606 7.
1401 1577 1455 1606 75.
1472 1576 1523 1605 15.
1540 1576 1615 1605 209.
1630 1577 1659 1604 1.

1035 1621 1111 1650 217.
1129 1622 1159 1650 1.
1191 1621 1265 1650 230.
1288 1621 1340 1650 12.
1376 1621 1450 1650 292.
1466 1619 1498 1647 3.
1535 1619 1608 1647 519.
1625 1620 1656 1647 2.

1037 1664 1111 1693 647.
1137 1664 1189 1692 11.
1219 1664 1294 1693 706.
1327 1664 1358 1692 8.
1391 1663 1466 1692 732.
1489 1662 1540 1691 13.
1584 1663 1658 1691 881.

1037 1707 1088 1735 13.
1110 1707 1186 1735 901.
1211 1707 1264 1735 16.
1287 1706 1362 1736 902.
1385 1705 1415 1734 2.
1437 1705 1512 1735 910.
1529 1705 1560 1733 5.
1582 1705 1658 1733 941.

1039 1750 1090 1778 11.
1116 1749 1192 1779 995.
1208 1750 1228 1778 7

993 1791 1027 1821 in
1044 1790 1200 1820 centauris
1216 1792 1290 1821 588.
1309 1792 1348 1821 14

993 1833 1026 1863 in
1043 1832 1179 1872 gladiolo
1195 1835 1270 1864 570.
1285 1836 1304 1862 5

992 1876 1027 1907 in
1044 1876 1149 1917 Lydio
1165 1878 1238 1907 833.
1257 1877 1297 1906 18

992 1918 1027 1948 in
1056 1919 1202 1961 Odyssea
1230 1917 1333 1949 veteri
1361 1919 1437 1948 473.
1461 1920 1492 1948 8.
1530 1919 1604 1949 478.
1626 1920 1657 1949 4.

1039 1965 1115 1994 485.
1132 1965 1165 1993 9.
1189 1964 1262 1994 525.
1280 1964 1311 1992 1.
1334 1963 1408 1992 979.
1425 1962 1466 1991 14

997 2004 1031 2034 in
1047 2005 1145 2044 primo
1161 2007 1236 2036 696.
1254 2007 1295 2035 12

996 2047 1031 2078 in
1046 2047 1144 2086 Virgo
1159 2050 1235 2079 484.
1249 2050 1270 2078 9

955 2090 1106 2121 Lucanus
1122 2093 1254 2122 109.12

952 2133 1095 2164 Lucilius
1112 2137 1185 2165 120.
1196 2136 1228 2164 9.
1254 2135 1328 2164 140.
1342 2135 1371 2163 1.
1398 2134 1469 2163 195.
1480 2133 1513 2162 2.
1537 2133 1644 2163 218.9

1039 2179 1113 2208 284.
1125 2180 1157 2208 6.
1179 2179 1253 2207 380.
1264 2180 1294 2207 5.
1318 2177 1390 2206 392.
1402 2178 1434 2205 2.
1453 2177 1527 2205 405.
1541 2177 1572 2205 2.
1587 2177 1661 2205 419.

1041 2224 1073 2251 9.
1096 2222 1172 2251 477.
1184 2223 1215 2250 5.
1235 2221 1310 2249 487.
1324 2221 1375 2249 17.
1392 2220 1466 2249 569.
1477 2220 1508 2248 7.
1524 2220 1598 2248 586.
1614 2220 1665 2248 15.

1041 2265 1116 2293 570.
1138 2265 1169 2292 6.
1194 2264 1268 2293 599.
1286 2264 1337 2291 14.
1370 2262 1444 2291 675.
1468 2263 1500 2291 2.
1534 2262 1609 2290 700.
1633 2264 1664 2291 8.

1042 2307 1117 2335 702.
1131 2307 1181 2335 11.
1200 2306 1275 2335 707.
1287 2306 1318 2333 7.
1338 2305 1414 2334 722.
1431 2306 1481 2333 15.
1499 2304 1574 2333 729.
1584 2306 1615 2333 2.
1631 2306 1663 2333 8.

1040 2350 1117 2378 747.
1130 2350 1161 2378 6.
1177 2349 1229 2377 15.
1243 2349 1358 2377 765.1.
1375 2347 1450 2375 771.
1468 2347 1520 2374 18.
1534 2347 1610 2375 788.
1628 2347 1659 2376 8.

1042 2391 1158 2421 822.1.
1182 2392 1256 2420 840.
1272 2390 1323 2420 12.
1347 2390 1421 2419 865.
1445 2390 1476 2418 9.
1509 2389 1583 2418 881.
1608 2390 1659 2418 11.

1042 2433 1116 2464 888.
1133 2435 1163 2463 l.
1191 2434 1265 2463 895.
1291 2433 1323 2461 6.
1350 2433 1424 2461 903.
1454 2432 1503 2459 11.
1536 2432 1612 2462 910.
1630 2434 1660 2462 1.

1043 2478 1118 2506 914.
1138 2477 1189 2506 15.
1208 2477 1258 2505 18.
1288 2476 1362 2504 941.
1385 2476 1415 2504 6.
1434 2475 1510 2503 951.
1532 2475 1563 2503 2.
1587 2476 1662 2504 956.

1041 2520 1073 2548 2.
1087 2520 1161 2549 971.
1179 2520 1208 2548 l.
1226 2519 1320 2548 1004.
1337 2519 1387 2547 14.
1405 2518 1499 2546 1013.
1517 2518 1547 2546 4.
1568 2518 1659 2547 1014.

998 2603 1159 2633 satirarum
1172 2602 1216 2633 lib
1234 2623 1241 2632 .
1251 2623 1258 2632 .
1269 2623 1277 2632 .

997 2645 1052 2675 lib.
1068 2646 1103 2676 ii.
1119 2648 1194 2676 484.
1211 2648 1250 2676 14

954 2688 1119 2720 Lucretius
1135 2691 1209 2719 209.
1225 2692 1256 2719 5.
1280 2690 1355 2719 425.
1370 2689 1422 2717 11.
1442 2688 1514 2717 513.
1530 2689 1560 2716 6.
1584 2688 1659 2717 548.

1040 2733 1091 2762 10.
1115 2734 1190 2762 556.
1206 2734 1236 2763 8.
1260 2734 1334 2762 580.
1348 2733 1380 2762 2.
1403 2731 1476 2760 697.
1494 2732 1523 2760 3.
1538 2732 1612 2760 830.
1629 2732 1659 2759 3.

1290 2625 1296 2631 .
1315 2604 1388 2633 888.
1404 2604 1420 2631 1

243 2772 276 2802 in
291 2772 365 2802 belli
381 2773 513 2804 Histrici
527 2774 582 2803 lib.
597 2777 671 2805 969.
687 2777 707 2805 6
1038 2777 1132 2804 1005.
1148 2776 1167 2803 S

290 2827 407 2869 Delpk.
420 2830 450 2859 et
469 2827 545 2859 Var.
561 2828 648 2859 Clas.
819 2827 891 2858 [aa.
920 2827 1036 2868 Pomp.
1050 2827 1137 2859 Fese.
1538 2824 1571 2855 D
