1876 3025
270 152 356 194 732

718 157 867 190 SEXTI
901 155 1102 186 POMPEII
1137 154 1275 184 FESTI

273 255 466 298 Rediculi
485 255 643 313 fanum
664 262 779 297 extra
812 258 980 308 portam
1005 250 1231 305 Capenam
1260 247 1510 291 Cornificius
1551 248 1716 302 [FEST.

327 325 389 364 ait
406 323 558 380 fuisse,
581 323 652 379 qui
672 320 873 363 rediculus
893 321 1123 374 propterea
1141 316 1383 372 appellatus
1415 323 1468 357 est
1491 315 1588 371 quia
1610 330 1717 357 acce-

327 391 424 433 dens
450 391 507 432 ad
537 393 686 433 urbem
719 388 945 431 Hannibal
983 401 1030 427 ex
1060 400 1102 427 eo
1135 384 1217 426 loco
1253 383 1434 436 redierit,
1467 383 1717 439 quibusdam

327 460 438 501 visis
459 460 730 514 perterritus.

273 527 633 570 Redimiculumy
682 528 846 567 vocant
888 522 1092 565 mulieres
1148 521 1370 572 catellam,
1406 534 1496 575 qua
1537 519 1717 575 [PAUL.

329 595 520 636 maxime
541 598 721 636 utuntur
748 596 930 634 ornatus
953 603 1108 632 causa.

273 662 513 721 Redinunt‚
534 662 728 703 redeunt.

275 728 487 771 Redinunc
518 727 749 784 signficatz
780 725 963 767 redeunt.
1004 726 1182 767 Ennius.

1554 722 1721 777 [Fssiu

844 795 1037 836 redinunt
1058 795 1100 835 in
1115 793 1315 848 patriam.

713 868 816 905 eunt
835 863 928 904 feri.

278 932 511 974 Rediviam
527 938 542 954 ³
564 931 760 986 quidam,
784 931 859 971 alii
880 929 1098 971 reluvium
1120 928 1364 982 appellant,
1385 939 1482 968 cum
1502 926 1620 967 circa
1640 937 1720 965 un-

329 1000 427 1053 guis
449 1000 564 1041 cutis
585 1013 632 1041 se
651 999 851 1049 resolvit,
872 999 976 1052 quia
991 998 1110 1039 luere
1125 996 1142 1021 ⁶
1164 999 1232 1038 est
1253 996 1438 1038 solvere.
1469 994 1660 1035 Titinius
1677 993 1720 1034 in

330 1067 507 1108 Setina:
538 1066 756 1108 lassitudo
774 1078 1053 1114 conservum,
1074 1064 1256 1106 rediviae
1278 1063 1414 1117 flagri.
1447 1062 1504 1104 Et
1520 1061 1674 1103 Livius
1689 1064 1718 1100 :⁷

331 1135 486 1176 scabra
505 1135 550 1176 in
572 1134 760 1187 legendo
783 1134 1057 1174 rediviosave
1080 1131 1317 1173 offendens.

876 1253 994 1266 oooooo

996 1252 1113 1265 eeeeee

316 1347 336 1375 6
359 1344 435 1375 Vet.
453 1343 527 1378 cod.
542 1347 640 1375 tuere.
684 1342 746 1373 Vir
773 1343 864 1375 doct.
889 1343 923 1374 in
949 1352 1055 1383 marg.
1082 1342 1134 1373 ed.
1157 1341 1246 1373 Scal.
1272 1339 1362 1381 conj.
1388 1339 1555 1370 ‹luera—7
1581 1336 1670 1368 Scal.
1685 1341 1721 1366 et

276 1388 361 1419 Dac.
377 1387 558 1428 legendnm
575 1392 714 1418 monent
733 1386 865 1417 Loevius.

934 1483 1075 1515 NOTAE

314 1564 327 1585 Υ
362 1558 602 1599 Redimz'culum]
625 1559 774 1599 Καθετὴρ,
789 1557 970 1597 ἆνάδεσμος.

275 1609 421 1640 Glossae.
447 1610 516 1641 Jos.
531 1609 615 1641 Scal.

308 1659 550 1699 Redimiculum]
572 1659 687 1692 Gloss.
698 1659 969 1700 redirnicula,&va-

273 1707 401 1749 δέματα,
429 1711 604 1749 καθετῆρες.
654 1711 757 1742 Ovid.
789 1711 904 1742 ‘Aure
922 1712 967 1742 ie-

274 1770 330 1791 ves
354 1761 481 1796 baccae,
505 1761 703 1793 redimicula
727 1768 868 1803 pectore
888 1772 969 1803 pen-

273 1809 380 1841 dent.’
404 1810 485 1841 Dac.

314 1866 327 1880 2
337 1860 687 1903 Redirmnt‚significut]
699 1862 879 1902 Scripsisse
890 1863 968 1893 Fes-

273 1914 344 1941 tum
361 1915 458 1950 puto:
475 1911 636 1942 Redinunt
653 1912 814 1953 significat
830 1914 970 1944 redeunt.

275 1961 397 1991 Ennius
414 1961 445 1990 in
465 1961 627 1992 annalibus
644 1983 753 1993 .....
769 1962 914 1993 redinunt
937 1963 970 1993 in

270 2012 419 2051 patriam.
466 2012 554 2042 Idem
591 2012 685 2042 etiam
715 2013 886 2052 prodinunt
912 2023 969 2052 pro

270 2063 435 2101 prodeunt,
452 2062 610 2099 ferinunt,
623 2062 759 2100 feriunt.
813 2063 899 2094 Vide
916 2073 969 2094 su-

275 2120 336 2151 pra
352 2112 387 2141 in
404 2116 412 2128 ⁴
425 2111 636 2151 prodinunt.’
657 2112 756 2143 Idem.

317 2165 332 2181 ²²
354 2160 533 2202 Redit-iam]
559 2161 674 2192 verba
695 2161 811 2193 Titinii
840 2161 970 2193 mendis

274 2219 339 2242 non
354 2216 484 2242 carent.
507 2212 586 2242 Ant.
598 2212 685 2251 Aug.

317 2261 498 2302 Rediviam]
543 2262 671 2292 Loevius
693 2272 758 2293 non
787 2262 897 2294 Livius
924 2264 971 2295 le-

275 2311 433 2351 gendum.
478 2313 578 2353 Saepe
615 2312 739 2343 citatur
776 2313 902 2353 Livius,
936 2318 971 2345 et

276 2362 417 2402 Naevz'us,
437 2372 512 2393 cum
540 2362 585 2393 sit
607 2363 741 2398 Loevius,
757 2365 813 2404 qui
831 2364 971 2404 scripsit

274 2411 526 2453 Erotopaegnia,
541 2413 621 2444 item
638 2413 756 2454 poema
769 2414 807 2445 Io
823 2425 829 2445 ε
847 2424 889 2445 ex
904 2424 970 2455 quo

276 2467 329 2493 est
345 2463 408 2493 iste
425 2463 578 2494 Scazon:
604 2463 612 2479 ‘
629 2463 751 2494 Scabra
765 2464 798 2494 in
823 2465 970 2504 legendo

276 2512 488 2544 rediviosave
509 2511 705 2544 offendens.’
752 2514 839 2545 Nam
857 2524 898 2545 ex
915 2525 969 2546 eo-

276 2564 353 2595 dem
377 2563 533 2604 poe‘mate
557 2564 598 2594 de
622 2563 661 2594 Io
683 2563 824 2596 scribit:
849 2565 970 2597 ‘Sese-

276 2623 340 2655 que
366 2614 397 2645 in
422 2615 492 2645 alta
508 2614 611 2645 maria
639 2616 851 2655 praecipitem
878 2616 972 2648 misit

276 2663 393 2704 Inops,
410 2670 445 2695 et
462 2674 552 2704 aegra
564 2665 719 2696 sanitatis
737 2666 881 2697 Herois!
919 2670 971 2699 De

277 2713 340 2746 hoc
359 2716 473 2746 Laevio
495 2715 600 2748 multa
626 2715 768 2748 diximus
793 2717 833 2748 ad
863 2717 970 2750 Auso-

1023 1559 1124 1590 nium.
1147 1558 1215 1588 Jos.
1233 1556 1316 1587 Scul.

1066 1607 1245 1647 Rediviam]
1259 1604 1434 1636 Turnebus
1446 1603 1581 1645 legebat
1591 1602 1719 1634 relat-ia.

1023 1658 1091 1690 Sed
1107 1658 1297 1688 meminisse
1314 1666 1388 1687 eum
1410 1655 1562 1696 oportuit
1582 1655 1593 1684 l
1615 1658 1723 1684 muta-

1024 1709 1052 1739 ri
1067 1718 1158 1748 saepe
1169 1709 1200 1738 in
1211 1708 1250 1743 ‹l,·
1263 1715 1364 1747 quare
1378 1705 1426 1736 sic
1437 1705 1565 1745 optime
1577 1703 1721 1743 Redit-iu,

1024 1760 1078 1790 vel
1108 1758 1262 1797 Redum'a,
1287 1767 1348 1798 pro
1375 1756 1509 1795 reluvia,
1532 1765 1550 1785 a
1566 1754 1721 1789 relucendo,

1025 1811 1104 1851 quia
1135 1810 1221 1841 cutis
1255 1818 1291 1839 se
1325 1807 1417 1839 circa
1447 1815 1574 1845 ungnes
1610 1804 1723 1836 relnit.

1025 1861 1139 1892 Gloss.
1178 1861 1186 1877 ‘
1206 1859 1360 1897 reduvia,
1396 1855 1587 1898 παρονυχίς.’
1632 1856 1721 1887 ΡΙίη.

1027 1917 1035 1929 ‘
1051 1913 1141 1942 Lana
1164 1910 1303 1942 succida
1328 1909 1476 1940 redivias
1505 1905 1624 1938 sanat?
1668 1906 1723 1937 De

1026 1963 1114 2003 pelle
1136 1962 1238 1992 etiam
1255 1960 1381 1990 dicitur
1398 1968 1473 1989 cum
1491 1967 1526 1987 se
1541 1956 1655 1997 flagris
1672 1965 1724 1986 re-

1024 2014 1137 2050 solvit,
1151 2017 1188 2043 ut
1206 2013 1238 2042 in
1255 2011 1311 2041 illo
1334 2009 1451 2040 Titinii
1470 2008 1594 2039 veteris
1612 2007 1724 2038 Comi-

1024 2064 1076 2093 ci:
1101 2060 1300 2093 ‘Lassitudo
1332 2068 1544 2097 conservum,
1572 2056 1722 2088 reduviae

1024 2112 1145 2154 flagri!
1180 2111 1263 2142 Inde
1295 2109 1486 2141 Reduviosus
1510 2117 1570 2148 pro
1603 2116 1723 2148 aspero

1025 2168 1060 2194 et
1075 2163 1201 2193 hiante.
1228 2161 1322 2192 Utin
1337 2160 1502 2191 Scazonte
1519 2158 1603 2189 isto:
1618 2159 1627 2174 ‘
1641 2158 1721 2188 Sca-

1025 2213 1126 2244 brain
1142 2212 1286 2252 legendo
1304 2208 1724 2242 rediviosaveoffeudens!

1026 2264 1128 2305 Cujus
1145 2269 1264 2294 auctor
1287 2262 1373 2292 male
1390 2260 1480 2301 apud
1498 2260 1659 2291 Nostrum
1678 2259 1722 2290 ci-

1025 2319 1130 2347 tatur.
1176 2312 1374 2353 Legendum
1405 2311 1505 2352 enim,
1531 2316 1568 2342 ut
1594 2310 1722 2351 optime

1025 2365 1153 2396 monuit
1165 2365 1253 2396 Scal.
1268 2363 1393 2395 Laevz'us
1406 2372 1472 2394 non
1486 2362 1606 2393 Livius.
1650 2362 1722 2392 Iste

1024 2417 1146 2448 Loevz'us
1162 2416 1346 2456 scripserat
1363 2413 1618 2455 Erotopaegnia‚
1642 2414 1723 2445 item

1025 2467 1145 2508 poema
1162 2466 1201 2497 10
1217 2477 1224 2497 ε
1242 2476 1284 2497 ex
1309 2475 1374 2506 quo
1391 2464 1547 2506 poemate
1567 2464 1722 2506 superior

1026 2519 1152 2549 scazon
1191 2516 1358 2547 adductus
1391 2520 1455 2547 est.
1501 2515 1588 2546 Inde
1619 2515 1721 2546 etiam

1025 2569 1034 2585 ‘
1052 2567 1208 2599 reduvias
1244 2565 1417 2597 escarum'
1455 2565 1541 2597 dixit
1578 2565 1721 2599 Solinus,

1026 2628 1087 2658 pro
1103 2617 1170 2649 cibi
1193 2617 1352 2659 reliquiis,
1375 2617 1446 2648 sive
1465 2616 1613 2648 minutiis
1629 2624 1721 2646 esca-

1025 2677 1110 2699 rum.
1136 2668 1216 2699 Dae.
