1876 3025
303 150 365 180 DE
399 145 670 178 VERBORUM
705 140 1113 174 SlGNiFch'rlONE
1147 140 1241 170 ΜΒ.
1275 140 1382 170 XVI.
1478 127 1565 169 749

175 242 221 285 z‘d
253 249 289 284 et
323 243 366 284 in
390 241 575 284 consilio
596 240 742 290 facere,
762 237 827 278 vel
846 236 888 277 in
909 235 1007 286 alio,
1028 249 1105 290 quo
1127 234 1256 276 sedet
1274 234 1390 283 loco,
1413 232 1563 286 pullis-

176 326 252 367 que
279 310 436 364 pultem
473 307 679 349 edentibus
716 305 959 347 solistimum
998 303 1108 344 facit
1148 300 1396 355 auspicium,
1430 306 1561 353 potest

171 381 294 422 etiam
325 378 359 419 si
378 378 482 419 velit
508 378 622 418 intra
652 372 914 430 pomoerium,
937 370 1000 412 sin
1020 375 1169 419 autem,
1192 369 1235 409 in
1265 368 1419 422 templo
1457 380 1562 408 con-

175 448 307 489 sistit.

120 515 493 559 Remorbescat:²
523 512 568 553 in
589 510 786 551 morbum
809 507 985 550 recidat.
1384 502 1562 555 [PAUL-

119 583 442 625 Remorbescat
458 580 616 622 Ennius
632 576 808 631 posuisse
827 574 1003 625 videtur,
1018 586 1098 628 pro
1116 571 1160 613 in
1184 571 1374 612 morbum
1398 568 1456 622 [F
1464 579 1563 609 EST.

173 649 358 691 recidat.

119 718 336 760 Remores
354 722 369 738 ³
391 727 496 756 aves
514 715 558 755 in
581 713 784 767 auspicio
801 711 1014 760 dicuntur,
1036 721 1136 762 quae
1158 710 1359 749 acturum
1382 703 1562 758 [PAUL.

175 784 343 838 aliquid
365 782 572 824 remorari
594 780 876 834 compellunt.

120 850 313 892 Remores
349 851 452 891 item
474 849 516 889 in
538 846 714 902 auspicio
736 859 828 886 oves
849 844 1041 885 (licuntur
1062 856 1150 899 qua:
1172 847 1356 882 acturum
1397 838 1561 894 [FEST‚

174 917 333 973 aliquid
353 915 561 958 remorari
582 913 838 968 compellant.

118 986 337 1028 Romuleo
351 984 366 1006 b
386 990 465 1034 est,
488 997 587 1024 cum
605 983 785 1036 scaphae
807 980 937 1022 remis
958 979 1080 1020 navis
1103 990 1259 1031 magna
1275 980 1360 1018 tra·
1382 975 1561 1029 [PAUL.

173 1053 302 1093 bitur.

120 1119 316 1161 Remulco
337 1125 406 1168 est,
437 1132 525 1158 cum
547 1115 699 1171 scaphae
713 1115 830 1157 remis
852 1113 966 1155 navis
987 1127 1136 1168 magna
1155 1109 1346 1154 trahitur.
1399 1108 1562 1163 [FEST.

120 1187 388 1229 Remurinus
428 1198 530 1239 ager
544 1190 558 1207 ⁰
589 1185 754 1233 dictus,
792 1183 896 1236 quia
930 1192 1167 1235 possessus
1210 1182 1277 1219 est
1310 1189 1336 1218 a
1384 1175 1562 1229 [PAUL.

175 1255 318 1296 Remo
338 1268 348 1295 z
370 1257 414 1294 et
433 1252 649 1293 habitatio
674 1250 805 1291 Remi
826 1249 1043 1290 Remota:
1068 1246 1148 1287 sed
1165 1250 1208 1287 et
1230 1245 1360 1286 locus
1377 1244 1422 1283 in
1446 1255 1565 1283 sum-

173 1335 245 1362 mo
278 1320 501 1361 Aventino
540 1318 752 1360 Remoria
773 1317 946 1366 dicitur,
969 1315 1041 1356 ubi
1064 1314 1232 1355 Remus
1255 1312 1308 1353 de
1331 1312 1435 1352 urbe
1458 1322 1564 1351 con-

173 1388 319 1429 denda
340 1387 485 1429 fuerat
504 1386 779 1441 auspicatus.

768 1548 910 1580 NOTAE

162 1651 174 1665 2
197 1645 430 1685 Remorbescut]
454 1646 583 1677 Iterum
606 1644 813 1675 moi-bescat.

118 1695 269 1726 Glossar.
283 1697 292 1713 ‘
307 1693 814 1733 remorbesco,&vauoae‘wssDaa

159 1751 175 1766 ὃ
198 1745 360 1785 Remores]
400 1745 452 1776 Ad
480 1754 627 1776 remores
656 1754 735 1775 aves
763 1753 810 1774 re-

118 1796 271 1836 spexisse
294 1795 430 1826 videtur
450 1796 593 1826 Plautus
615 1804 688 1825 cnm
706 1794 812 1833 scrip-

116 1848 173 1886 sit,
190 1847 266 1878 ‘An
292 1849 476 1888 auspicium
502 1847 636 1889 aliquod
667 1855 813 1877 remora-

118 1902 189 1929 tum
207 1898 291 1928 est?
315 1898 413 1929 Idem.

157 1948 172 1969 ¹³
197 1949 360 1990 Romuleo]
385 1949 462 1980 Non
477 1949 557 1979 satis
573 1948 714 1987 exponit
731 1946 811 1987 quid

115 1999 159 2029 sit
173 2000 333 2035 remulcus,
347 2009 457 2040 neque
473 1999 562 2030 enim
584 1999 630 2029 ita
652 1997 778 2028 dicitur
793 2006 813 2027 a

115 2050 208 2080 remis
230 2050 378 2089 scaphae,
395 2049 454 2080 sed
472 2059 491 2079 a
509 2049 597 2088 ῥῦμα,
617 2048 686 2078 sive
710 2045 813 2086 ῥυμὸς,

117 2109 241 2138 remus,
257 2100 346 2140 quod
370 2104 420 2130 est
446 2100 568 2136 lorum,
592 2099 682 2129 unde
706 2103 741 2128 et
762 2107 812 2127 re-

115 2159 194 2187 mus,
220 2148 312 2179 tubae
342 2149 447 2180 lorum
474 2148 598 2179 dicitnr
621 2148 813 2188 ῥυμουλκεῖν,

115 2197 196 2229 fune
214 2198 362 2237 trahere,
375 2198 417 2229 de
433 2199 557 2239 scapha
569 2208 642 2239 quae
661 2198 813 2238 grandio-

115 2257 187 2278 rem
202 2249 312 2279 navim
329 2248 408 2279 fune
427 2249 541 2283 trahit,
557 2258 631 2288 quae
649 2248 742 2278 navis
759 2257 812 2278 re-

116 2299 228 2329 mulco
245 2299 331 2329 trahi
348 2297 486 2329 dicitur.
520 2298 641 2329 Isidor.
657 2297 716 2328 lib.
732 2306 810 2328 xxx.

117 2356 194 2387 cap.
210 2350 241 2378 4.
262 2345 502 2386 ‘Remulcum,
522 2347 625 2386 funis,
643 2358 708 2388 qua
730 2347 813 2378 deli—

118 2403 197 2436 gata
209 2397 303 2428 navis
314 2398 458 2428 trahitur
470 2398 543 2428 vice
558 2397 661 2428 remi?
686 2398 813 2436 Caesar,

119 2455 178 2478 111.
210 2446 310 2477 Civil.
334 2447 421 2478 Bell.
446 2446 454 2462 ‘
474 2446 527 2477 Ad
546 2447 684 2478 Oricum
709 2447 813 2481 venit,

118 2496 395 2537 submersamque
419 2497 529 2526 navim
552 2496 714 2534 remulco,
731 2496 814 2525 mul-

118 2547 234 2587 tisque
258 2545 468 2576 contendens
496 2545 632 2576 funibus
660 2544 816 2575 reduxit-¹

119 2597 176 2627 Ita
194 2595 262 2627 Liv.
287 2604 352 2625 non
376 2596 477 2625 semel
493 2600 526 2626 et
545 2596 584 2626 C.
600 2596 740 2634 Valgius
756 2604 813 2625 an-

120 2648 233 2687 tiquus
263 2644 382 2686 poeta:
403 2646 411 2661 ‘
431 2645 498 2675 Hie
526 2654 600 2675 mea
628 2655 678 2674 me
716 2645 813 2684 longo

122 2695 305 2728 succedens
327 2703 427 2735 prora
448 2695 597 2725 remulco
624 2695 814 2726 Laetantem

868 1642 971 1682 gratis
996 1640 1087 1671 sistit
1105 1639 1136 1670 in
1155 1636 1334 1679 hospitiis?
1371 1637 1564 1675 Ῥυμουλκεῖν

866 1692 981 1723 Latini
1000 1691 1114 1721 dixere
1130 1691 1308 1720 remulcare.
1336 1688 1442 1718 Idem.

909 1748 922 1763 ⁰
945 1741 1127 1772 Remurinus
1137 1740 1227 1780 ager]
1248 1738 1464 1770 Remurinum
1476 1737 1565 1767 hunc

867 1801 995 1831 agrum,
1012 1795 1048 1821 et
1066 1789 1273 1826 Remmiam,
1289 1788 1458 1818 diversum
1481 1786 1564 1817 facit

868 1853 887 1873 a
906 1841 1067 1872 Remuria
1083 1850 1158 1881 quae
1180 1839 1213 1869 in
1232 1848 1361 1869 summo
1379 1837 1562 1868 Aventino.

865 1893 953 1923 Sane
989 1891 1128 1930 Dionys,
1161 1889 1334 1920 Halicarn.
1373 1886 1564 1918 Remoriam

866 1941 1032 1983 quandam
1050 1941 1146 1980 ponit
1162 1939 1323 1979 vigesimo
1338 1937 1380 1968 ab
1398 1936 1480 1968 urbe
1497 1942 1563 1967 sta-

866 1992 935 2029 dio,
949 1991 988 2021 ad
1004 1990 1164 2021 Tiberim.
1199 1987 1360 2019 Remuria
1378 1987 1481 2027 juxta
1496 1986 1561 2017 Ro-

866 2052 954 2073 mam
971 2042 1158 2081 Stephano.
1201 2039 1268 2070 Sed
1285 2037 1494 2068 verisimilius
1512 2042 1565 2067 est

867 2091 1088 2123 Reniurinnm
1108 2100 1224 2130 agrum
1249 2089 1342 2120 circa
1359 2087 1565 2119 Aventinum

865 2141 997 2180 fnisse3
1030 2146 1066 2172 et
1089 2140 1295 2178 Remuriam,
1319 2139 1430 2169 locum
1458 2138 1565 2168 muni-

865 2197 936 2223 tum
969 2192 1002 2222 in
1032 2200 1160 2221 summo
1197 2193 1325 2220 monte.
1373 2188 1460 2219 Nam
1489 2197 1565 2217 cum

866 2241 991 2272 Remus
1005 2245 1041 2271 et
1054 2239 1216 2270 Romulus
1233 2237 1274 2268 de
1290 2236 1467 2268 condenda
1484 2237 1566 2266 urbe

865 2291 1122 2328 contenderent,
1135 2295 1278 2330 uterque
1290 2288 1353 2319 sibi
1369 2288 1479 2318 locum
1495 2297 1566 2318 mn-

867 2343 965 2379 nivit,
979 2342 1032 2373 hic
1051 2342 1081 2372 in
1102 2341 1246 2378 Palatio,
1262 2339 1317 2370 ille
1332 2338 1364 2368 in
1384 2338 1566 2368 Aventino.

870 2393 1030 2424 Romulus
1053 2393 1164 2422 locum
1187 2400 1283 2421 suum
1299 2390 1307 2405 ‘
1327 2389 1465 2419 Romam
1487 2397 1567 2427 qua-

869 2443 1000 2473 dratam
1012 2442 1020 2454 '
1037 2442 1135 2480 dixit,
1152 2450 1247 2471 suum
1274 2438 1400 2468 Remus
1415 2437 1424 2453 ‘
1441 2437 1567 2467 Remu-

869 2493 950 2523 riam
963 2492 971 2504 ⁷
986 2492 1132 2523 vocavit.
1170 2490 1261 2521 Vide
1276 2490 1285 2506 ‘
1298 2489 1404 2519 Roma
1422 2486 1566 2527 quadra-

870 2543 929 2575 ta!
972 2543 1070 2575 Quod
1087 2541 1182 2573 addit
1202 2541 1235 2572 in
1259 2538 1325 2570 fine
1351 2538 1482 2573 Festus,
1503 2537 1566 2566 Re-

868 2593 1009 2624 muriam
1037 2593 1201 2623 Remorum
1228 2590 1310 2621 alias
1337 2586 1441 2617 fuisse
1466 2594 1564 2615 voca-

869 2648 951 2680 tam,
974 2643 1088 2673 nescio
1112 2642 1209 2681 cujus
1236 2638 1440 2670 auctoritate
1468 2634 1508 2664 ad
1531 2633 1564 2663 id

869 2692 1079 2733 probandum
1123 2691 1320 2723 utebantur.
1376 2684 1566 2717 Addiderat.
