1876 3025
287 199 350 229 DE
383 194 655 227 VERBORUM
690 189 1097 224 SIGNIFIGATlONE
1133 189 1229 219 Llss.
1252 188 1381 218 XVII.

1484 174 1568 216 843

118 294 373 336 Socordiam
403 293 582 347 quidam
611 303 690 345 pro
723 289 898 343 ignavia
929 288 1181 341 posuerunt.
1243 284 1356 325 Cato
1388 282 1567 335 [PAUL.

174 375 254 416 pro
287 362 472 403 stultitia
504 361 675 414 posuit:
708 358 1009 411 compositum
1039 359 1183 395 autem
1216 352 1387 393 videtur
1416 362 1473 389 ex
1505 362 1569 397 se,

175 430 295 483 quod
317 433 382 469 est
403 430 510 474 sine,
532 432 574 468 et
595 427 740 468 corde.

123 496 360 537 Sea-ordiam
375 503 390 518 Χ
412 495 592 550 quidam
608 509 687 548 >pro
712 492 877 547 ignavia
892 495 1119 545 posuerunt
1141 503 1152 527 :
1185 487 1250 528 M.
1273 486 1385 528 Cato
1408 485 1573 538 [FEST.

177 578 256 618 pro
278 563 453 604 stultitia
468 562 606 617 posuit
633 560 853 616 Originum
875 558 945 598 lib.
962 570 1050 598 vil.
1071 571 1172 598 cum
1194 556 1256 596 ait
1302 586 1311 594 .

1218 637 1232 661 z
1374 654 1382 661 .
1499 620 1574 659 im-

179 715 376 742 mensam
399 698 674 746 timiditatem,
696 711 741 736 ac
769 694 1002 736 Secordlam
1033 706 1155 733 (causa
1177 697 1265 731 erat
1297 703 1351 730 ne
1374 689 1480 743 quid
1502 702 1576 727 ne-

182 769 284 821 gotii
300 768 471 822 publici,
489 765 553 807 vel
565 764 727 819 privati
751 768 966 819 gereretur
988 775 998 813 3
1032 759 1289 814 compositzmz
1313 765 1447 799 autem
1467 755 1577 796 vide-

181 845 250 877 tur
270 851 317 877 ex
337 851 389 886 se,
408 836 523 890 quod
548 840 615 875 est
637 835 744 878 Sine,
765 838 801 873 ec
823 830 951 871 corde.

127 906 350 947 See-tarius
369 908 563 952 vervex‚>'
583 903 659 956 qui
683 914 855 954 gregem
874 911 1083 952 agnorum
1105 895 1365 950 praecedens
1386 893 1520 934 ducit.

129 973 314 1022 Sestio?
332 971 579 1026 persecutio
595 970 725 1023 Juris.

1400 962 1579 1015 [PAUL.

131 1042 371 1091 Sectores,a
394 1045 439 1081 et
460 1040 535 1093 qui
562 1042 725 1085 secant,
745 1036 958 1079 dicuntur,
989 1038 1032 1074 et
1054 1033 1127 1086 qui
1155 1036 1303 1086 empta
1325 1044 1403 1071 sua
1425 1042 1572 1083 perse-

188 1114 392 1162 quuntur.

785 1225 927 1256 NOTAE

175 1302 190 1317 x
229 1295 420 1336 Secordiam]
469 1293 627 1332 secordia,
667 1302 727 1332 pro
766 1301 831 1332 quo

133 1352 251 1389 postea
266 1347 473 1384 :socordiamt
487 1345 495 1360 ‘
509 1343 651 1375 sebrius'
667 1348 741 1384 post
758 1347 765 1359 ‘
780 1352 832 1373 so-

133 1398 248 1430 brius?
262 1398 370 1428 Gioss.
383 1398 391 1413 ‘
404 1406 530 1436 socors,
543 1394 694 1435 ἆκάρδιος,
706 1392 834 1434 ἅφρων,’

135 1450 197 1480 hoc
221 1453 283 1488 est,
308 1448 379 1477 siue
406 1446 520 1487 corde,
546 1447 683 1477 stultus.
727 1444 834 1475 Socor-

136 1501 219 1531 (liam
248 1510 265 1530 a
289 1499 425 1537 segnitia
450 1508 490 1528 eo
512 1497 692 1537 distinguit
706 1497 835 1527 Donat.

138 1550 227 1591 quod
245 1551 389 1580 animum
414 1548 567 1586 secordias
593 1547 730 1585 segnitia
757 1555 837 1576 vero

140 1611 264 1641 corpus
290 1602 436 1639 spectet.
482 1597 683 1637 ‘Seguitia‚’
720 1596 840 1635 inquit,

140 1651 205 1682 ‘ad
225 1650 403 1691 agendum,
433 1649 589 1679 socordia
616 1647 658 1677 ad
685 1646 839 1677 conside-

140 1701 307 1733 randum?
346 1699 580 1740 Supplendum
599 1698 631 1727 iu
649 1697 760 1727 verbis
778 1697 841 1727 Ca-

140 1753 244 1792 tonis,
262 1752 351 1786 Quod
363 1750 562 1781 ostenderetis
588 1749 780 1787 immensam,
791 1748 842 1786 33⁶⁰·

144 1804 197 1834 vel
216 1802 296 1841 quid
315 1802 432 1832 simile.
456 1800 555 1831 Idem.

186 1859 200 1880 Υ
224 1853 386 1884 Sectarz'us
415 1850 546 1890 vervex]
597 1849 701 1881 Quasi
738 1852 842 1879 sectae

145 1904 317 1944 princeps,
333 1903 410 1944 quia
433 1911 568 1942 gregem
596 1900 703 1930 ducit.
728 1898 843 1929 Plaut.

146 1955 246 1994 Capt.
270 1955 279 1971 ‘
296 1953 362 1986 Qui
382 1953 524 1983 Petroni
554 1961 675 1982 nomen
700 1949 847 1981 induunt

146 2003 281 2035 verveci
299 2001 468 2033 secun-io!
493 2001 590 2032 Idem.

188 2060 201 2074 Ζ
223 2054 326 2085 Sectio
343 2057 373 2083 et
392 2051 548 2091 sectores]
573 2050 700 2081 Ascon.
717 2049 776 2080 lib.
792 2058 848 2081 111.

146 2105 284 2136 Verrin.
328 2105 503 2135 Sectorem
541 2101 625 2132 ‹licit
664 2101 848 2131 aestimato-

148 2166 233 2197 reni,
257 2156 549 2193 redemtorenulne
572 2153 734 2182 bonorum
759 2150 850 2180 dam·

149 2207 233 2247 nati,
251 2212 353 2246 atque
370 2202 567 2245 proscripti,
594 2202 650 2243 qui
667 2211 761 2242 spem
778 2210 852 2231 sec-

152 2262 225 2288 tans
251 2256 335 2286 lucri
360 2255 412 2285 sui
439 2254 527 2284 bona
555 2252 667 2283 omnia
695 2251 852 2281 auctione

152 2305 285 2346 vendit,
302 2311 336 2336 et
353 2304 457 2335 semel
475 2301 581 2333 infert
603 2302 783 2342 pecuniam
801 2300 853 2330 vel

154 2357 285 2397 aerario,
299 2357 350 2387 vel
369 2355 479 2386 sociis.
523 2353 639 2384 Sentio
667 2357 781 2382 autem
802 2355 855 2382 est

156 2418 196 2438 ea
242 2402 417 2438 rettemno.
471 2405 592 2436 Cicero
645 2403 772 2442 Philip.
810 2411 850 2433 11.

156 2460 165 2475 ⁴
182 2459 290 2489 Hasta
306 2457 415 2498 posita
429 2466 489 2497 pro
507 2455 582 2486 aede
595 2454 691 2487 Jovis
713 2453 853 2484 Statoris

158 2511 248 2541 bona
273 2509 335 2540 Cn.
352 2508 495 2547 Pompei
519 2506 637 2546 Magni
665 2504 739 2535 voci
763 2513 854 2535 acer·

158 2561 309 2593 bissimae
325 2559 478 2599 subjecta
507 2557 685 2598 praeconis.
730 2556 796 2588 Qui
813 2555 854 2585 ad

158 2613 243 2645 illud
261 2612 369 2642 scelus
397 2610 557 2640 sectionis
588 2609 730 2639 auderet
760 2616 856 2638 acce-

161 2665 257 2703 dere,
275 2663 430 2692 inventus
448 2665 500 2690 est
515 2669 613 2690 nemo
636 2662 762 2699 praeter
790 2656 857 2688 Au·

160 2716 288 2746 touium
302 2713 320 2743 ι’
344 2717 379 2743 et
397 2716 527 2751 postea,
551 2711 560 2726 ‘
574 2711 658 2740 Cum
686 2713 799 2739 sector
814 2708 858 2737 sis

163 2766 228 2797 isto
245 2765 318 2795 loco
346 2759 476 2793 natusz’
501 2760 644 2791 deinde:
669 2762 677 2776 ‘
695 2769 770 2790 cuni
799 2758 861 2789 Cu.

884 1289 1028 1330 Pompei
1056 1292 1179 1323 sector,
1203 1296 1268 1317 non
1294 1291 1328 1316 te
1356 1281 1584 1315 execrandum

885 1341 1010 1381 populo
1022 1339 1096 1370 Ro?
1126 1341 1189 1369 ἃς.
1204 1338 1255 1368 Ex
1271 1337 1321 1366 his
1339 1335 1432 1365 vides
1442 1332 1539 1363 Pauli
1555 1341 1587 1361 e-

886 1392 1036 1432 pitomen
1052 1391 1147 1420 nimis
1157 1388 1324 1419 concisam
1339 1395 1413 1416 esse
1429 1384 1587 1414 inhoruui

888 1443 1064 1473 verborum
1076 1438 1370 1480 interpretatione.
1394 1436 1471 1467 Ant.
1487 1435 1573 1473 Aug.

932 1492 1050 1533 Secuto]
1070 1493 1151 1532 Ipsa
1168 1491 1271 1526 actio,
1288 1499 1363 1520 cuin
1381 1488 1515 1518 scilicet
1531 1487 1590 1516 ali-

889 1545 982 1585 cujus
998 1544 1087 1574 bona
1115 1542 1342 1582 publicantur.
1371 1539 1481 1570 Cicer.
1509 1536 1590 1567 Phi-

891 1598 974 1637 lipp.
1015 1604 1054 1626 11.
1103 1592 1389 1633 ‘expectantibus
1434 1587 1590 1619 omnibus

892 1648 1044 1688 quisnam
1066 1651 1156 1675 esset
1189 1650 1255 1673 tam
1274 1643 1406 1682 impium,
1435 1646 1502 1670 taur
1532 1638 1591 1668 de-

893 1708 998 1738 mens,
1015 1703 1082 1727 tam
1102 1695 1172 1726 Diis
1188 1693 1445 1732 hominibusque
1474 1689 1591 1727 nostis,

895 1749 951 1787 qni
970 1749 1009 1778 ad
1026 1746 1108 1777 illud
1126 1745 1237 1776 scelus
1260 1742 1421 1774 sectionis
1449 1740 1594 1771 auderet

895 1799 1072 1838 accedere,
1089 1798 1245 1828 iuventus
1266 1799 1318 1825 est
1344 1802 1441 1823 nemo
1468 1796 1595 1832 praeter

897 1850 1095 1888 Antonium,
1113 1846 1301 1888 praesertim
1318 1854 1395 1875 cum
1415 1847 1465 1873 tot
1481 1845 1596 1872 essent

897 1901 1130 1932 circ-anastaxi·
1149 1898 1238 1929 illam
1256 1896 1312 1937 qui
1331 1895 1397 1925 alia
1413 1893 1523 1925 omnia
1540 1902 1596 1923 au-

898 1949 1045 1982 desem!
1069 1950 1150 1980 Duc.

942 2005 956 2020 Ἀ
978 1999 1135 2039 Sectores]
1172 1998 1295 2037 Neque
1331 1995 1404 2026 liaec
1432 1993 1514 2024 satis
1543 1993 1598 2023 de-

899 2051 1042 2090 clarant,
1058 2049 1139 2090 quid
1163 2048 1205 2078 sit
1222 2048 1340 2086 Sectar,
1355 2054 1463 2086 neque
1481 2050 1601 2074 auctor

901 2101 1086 2133 Glossarii:
1112 2100 1120 2115 ‘
1134 2095 1411 2135 SectOi·‚Btd2vns.’
1433 2096 1501 2125 Jos.
1518 2094 1602 2125 Scal-

945 2149 1103 2189 sectores]
1134 2149 1288 2187 Sectores,
1319 2157 1338 2177 a
1367 2144 1552 2186 sequendo,
1579 2144 1602 2174 ii

904 2206 994 2240 sunt,
1018 2206 1054 2231 ut
1080 2198 1218 2230 Asconii
1249 2197 1361 2228 verbis
1395 2201 1483 2237 utar,
1513 2194 1602 2227 ‘Qui

904 2261 999 2293 spem
1017 2251 1103 2281 lucri
1120 2250 1169 2280 sui
1187 2248 1307 2283 secuti,
1335 2247 1421 2277 bona
1445 2246 1602 2276 condem-

905 2308 1059 2335 natorum
1077 2301 1180 2332 semel
1204 2298 1503 2336 auctionabantur,
1528 2306 1605 2337 pro-

905 2363 971 2395 que
986 2353 1035 2383 his
1062 2350 1224 2392 pecunias
1248 2348 1468 2388 pensitabant
1493 2347 1605 2385 singu-

906 2404 960 2443 lis,
988 2403 1020 2433 in
1045 2406 1217 2442 posterum
1236 2409 1296 2439 pro
1320 2397 1523 2437 compendio
1547 2406 1606 2426 suo

909 2453 1040 2494 singula
1056 2460 1201 2493 quaeque
1227 2449 1369 2489 pecunia
1385 2448 1511 2488 populo
1530 2456 1608 2477 ven·-

909 2503 1038 2535 dumi?
1081 2502 1223 2532 Sectores
1238 2510 1318 2530 vero
1345 2509 1363 2529 a
1387 2497 1532 2529 secando
1558 2497 1607 2527 di-

911 2559 1045 2593 cuntur,
1058 2552 1114 2593 qui
1129 2550 1253 2592 aliquid
1266 2555 1394 2580 secant.
1418 2548 1471 2580 Ad
1484 2553 1609 2578 utram-

912 2614 976 2645 que
994 2602 1275 2643 significationem
1288 2600 1399 2630 allusit
1411 2600 1482 2629 Cic.
1506 2598 1515 2613 ‘
1529 2598 1609 2627 Sec-

913 2660 1004 2686 tores
1032 2653 1194 2683 collorum
1233 2660 1271 2680 ac
1311 2647 1495 2679 bouormn.’
1541 2647 1610 2677 Ubi

913 2705 1000 2735 male
1018 2702 1153 2744 quidam
1170 2699 1277 2732 Codd.
1289 2699 1413 2730 liabent
1433 2701 1610 2728 sectatores,

915 2756 1000 2786 Dae.
