1876 3025
323 145 386 174 DE
419 141 692 174 VERBORUM
727 142 1136 173 SlGNlFlGATlONE
1173 143 1268 172 mn.
1292 143 1399 174 xvi.
1506 133 1592 174 759

139 240 384 293 Respicere
425 253 551 281 avem
588 237 733 280 est¹¹¹⁰
774 238 817 279 in
852 238 1142 292 auspicandO,
1178 237 1292 278 unde
1328 239 1428 292 quis
1466 252 1592 280 avem

194 308 451 361 prospexit,
477 321 576 348 cum
592 306 747 348 eodem
767 307 1012 347 revertitur.

139 375 322 429 Respici
356 375 482 416 avisc
518 381 613 415 tunc
643 373 846 424 dicitur,¹²
884 388 988 423 cum,
1017 380 1180 426 peracto
1210 373 1438 424 sacrificio,
1463 375 1594 427 quasi

195 443 293 484 finis
332 444 586 497 impetratus
621 449 732 493 esset,
768 449 803 482 et
827 442 945 498 quasi
964 440 1113 498 forent
1149 442 1331 483 comitia
1363 442 1592 496 perfecta;

195 511 310 552 sumi
345 517 430 551 tum
458 525 572 552 reum
589 509 798 565 jubebant
833 510 1071 551 sacerdotes
1105 524 1187 551 suo
1225 523 1361 560 more,
1403 510 1593 562 aliisque

186 579 365 633 peractis
385 579 517 634 juxta
550 577 882 620 consuetudinem
910 578 1015 628 luci,
1044 578 1089 618 in
1110 591 1198 632 quo
1219 591 1349 619 sacra
1369 576 1591 626 faciebant,

194 660 262 687 reo
278 661 302 686 a
324 647 592 688 calatoribus
614 647 928 699 ingeniculato,
950 653 1072 701 atque
1088 645 1147 686 ita
1164 645 1358 687 inclinato
1376 646 1525 687 vinum
1549 645 1594 685 in

195 720 331 768 caput
351 713 622 756 infundebant
643 713 808 754 solemni
824 728 913 754 cuni
927 715 1194 767 precatione.

140 781 437 837 Respublicas
453 782 470 806 ‘¹
492 783 725 824 multarum
745 782 974 824 civitatum
994 782 1218 836 pluraliter
1239 781 1355 823 dixit
1383 781 1432 823 C.
1458 781 1595 822 Grac-

735 901 975 913 ““““““““

183 993 220 1022 ll
248 990 312 1023 Ed.
329 991 417 1023 Scal.
437 991 602 1031 Respicere
624 994 727 1022 autem
743 993 870 1022 et.—l2
894 989 978 1021 Ead.
997 989 1051 1022 ed.
1068 990 1242 1021 dicebatur.

800 1110 940 1142 NOTAE

179 1184 193 1206 b
218 1184 382 1224 Respicere
397 1193 483 1215 avem
503 1184 564 1224 est]
588 1183 712 1225 Spicere
728 1188 762 1214 et
787 1194 837 1215 re-

136 1236 253 1276 spicere
276 1235 415 1276 propria
429 1235 604 1276 Augurum
621 1237 724 1267 verba
747 1241 838 1267 sunt.

137 1285 226 1317 Vide
255 1285 289 1316 in
320 1284 500 1326 ‘'specti0.'
545 1287 683 1327 Respiei
724 1292 837 1318 antem

138 1336 208 1368 avis
219 1336 406 1378 dicebatur,
421 1347 495 1368 cum
510 1337 628 1368 eodem
642 1338 836 1369 reverteba-

137 1393 194 1420 tur
210 1388 299 1419 unde
316 1399 387 1420 eam
406 1398 512 1428 augur
529 1393 697 1429 spexerat.
715 1389 815 1420 Idem.

179 1443 193 1460 θ
216 1439 342 1479 Respici
371 1439 452 1480 avis]
500 1439 568 1470 Hic
598 1440 688 1470 solus
720 1449 837 1470 versus

137 1491 286 1531 pertinet
307 1488 349 1521 ad
377 1491 583 1531 epitomem:
612 1500 720 1532 neque
745 1491 838 1521 alind

138 1541 318 1583 quicquam
332 1542 486 1582 amplius,
504 1547 735 1582 praeterquam
749 1542 838 1583 quod

135 1592 170 1622 in
190 1593 346 1632 Epitome
370 1593 577 1633 continetur,
597 1604 613 1623 a
633 1594 733 1624 Festo
751 1599 837 1625 trac-

135 1648 243 1675 tatum
261 1643 365 1675 fuisse
383 1649 476 1684 puto.
524 1646 680 1687 Reliqua,
694 1656 766 1687 quae
786 1657 837 1677 se-

136 1699 298 1735 quuntur,
316 1700 445 1725 tantum
471 1695 579 1735 abest,
598 1701 632 1726 nt
661 1696 723 1726 lmc
751 1696 837 1727 refe-

136 1745 243 1775 renda
258 1746 338 1783 sint⁷
356 1750 392 1775 ut
410 1747 520 1785 potins
535 1746 726 1786 importune
746 1758 763 1777 a
780 1758 838 1778 suo

137 1795 212 1826 loco
244 1795 375 1825 divulsa
407 1794 547 1827 fuerint.
593 1796 839 1838 Conjungenda

137 1845 226 1877 enim
242 1850 319 1877 sunt
332 1855 406 1876 cum
422 1846 471 1886 iis,
488 1857 563 1887 quae
577 1847 619 1877 de
633 1848 736 1879 verbo
752 1848 761 1864 ‘
777 1849 838 1879 Re·

135 1906 269 1928 sectare
284 1896 292 1909 ’
308 1906 410 1937 supra
429 1897 550 1937 posuit,
573 1899 688 1929 statim
707 1906 781 1938 post
800 1899 836 1929 li-

135 1957 247 1989 neam,
276 1946 443 1988 ‘cumque
473 1948 637 1989 comitia‚’
668 1950 731 1980 &c.
763 1951 830 1981 ita:

135 1998 317 2037 Resecrare,
342 1999 492 2029 resolvere
520 1999 693 2037 religione:
729 2000 835 2040 utique

133 2059 202 2080 cum
216 2059 286 2080 reus
305 2050 452 2090 populum
474 2050 610 2080 comitiis
625 2054 765 2080 orat-erat
781 2061 836 2090 per

134 2101 231 2136 Deos,
247 2105 282 2132 ut
298 2111 330 2132 eo
353 2102 487 2142 periculo
503 2101 699 2139 liberaretur,
706 2103 835 2141 jubebat

134 2152 338 2191 magistratus
345 2161 412 2182 eum.
420 2161 584 2182 resecrare.
612 2152 734 2182 Rursus
744 2154 835 2190 idem,

133 2203 182 2233 uti
196 2212 229 2233 se
244 2202 423 2240 liberarent,
438 2202 620 2233 insistebat:
651 2207 681 2233 et
697 2206 774 2243 quod
788 2205 835 2234 in-

134 2263 215 2291 sons,
231 2254 433 2293 innocensque
450 2256 538 2293 esset,
553 2254 736 2285 causabatur
751 2265 789 2285 ne
804 2256 836 2285 in

133 2313 285 2335 carcerem
304 2307 380 2335 esset
397 2305 547 2335 eundum.-
571 2305 683 2335 iterum
705 2315 742 2336 ne
757 2306 836 2337 inse

132 2354 322 2385 innocentem
346 2354 553 2385 animadverti
576 2359 761 2394 statuerent,
785 2357 835 2387 ‹Ie-

130 2403 340 2444 precabatur:
363 2414 487 2444 cunzque
511 2406 637 2436 comitia
662 2410 762 2437 essent
788 2408 836 2437 (ti-

135 2454 299 2492 mittenda,
320 2457 446 2494 peracto
461 2455 626 2496 sacrificio,
651 2457 739 2496 qzzasi
752 2457 835 2497 finis

134 2505 318 2545 impetratus
339 2508 429 2543 esset,
447 2508 517 2545 post
539 2507 665 2537 comitia
682 2507 834 2546 perfecta,

134 2556 214 2587 sumi
226 2554 376 2593 jubebant
398 2565 466 2586 eum
489 2557 664 2588 sacerdotes
677 2568 730 2588 suo
751 2568 833 2589 more

133 2607 224 2646 alisq.
251 2628 258 2636 .
277 2628 283 2636 .
301 2627 309 2635 .
333 2608 362 2636 et
393 2607 556 2636 secundum
583 2608 833 2638 consuetudinem

134 2657 208 2696 luci,
223 2657 255 2687 in
271 2666 329 2696 quo
344 2666 433 2686 sacra
440 2655 596 2696 facerent,
612 2667 631 2688 a
646 2659 832 2689 calator-ibus

135 2709 345 2749 ingeniculato
376 2707 580 2745 statuebatur,
611 2713 640 2740 et
667 2711 771 2741 vinum
802 2711 833 2740 in

890 1188 981 1226 caput
1007 1185 1227 1223 infundebatur
1251 1183 1328 1223 ejus,
1355 1193 1424 1214 cum
1446 1182 1595 1223 impreca-

891 1237 984 1268 tione.
1030 1236 1177 1268 Omnino
1195 1245 1285 1275 vere,
1310 1234 1344 1265 ni
1370 1233 1479 1273 fallor,
1508 1234 1596 1264 arbi-

891 1292 1021 1318 tramur
1052 1287 1123 1318 liaec
1154 1287 1242 1317 male
1266 1285 1398 1316 divulsa
1425 1283 1529 1314 fuisse
1555 1294 1595 1315 ac

891 1339 1070 1376 distracta,
1087 1347 1161 1378 qnae
1187 1336 1356 1367 sententia
1371 1335 1456 1375 ipsa,
1473 1340 1508 1366 et
1523 1344 1595 1366 mos

892 1389 1132 1420 resecrationis
1157 1397 1289 1418 reorum
1316 1388 1478 1417 haetenus
1501 1386 1596 1426 igno·

893 1445 986 1470 ratus
1018 1444 1086 1470 tam
1115 1439 1203 1470 belle
1233 1438 1322 1469 inter
1349 1447 1384 1468 se
1412 1437 1595 1478 conjungit.

893 1491 962 1521 Pro
979 1490 1042 1520 illis
1064 1489 1232 1529 corruptis
1258 1489 1346 1529 alisq.
1368 1510 1375 1517 .
1394 1511 1401 1519 .
1421 1511 1427 1518 .
1446 1498 1511 1519 non
1536 1488 1595 1518 ob-

895 1551 1028 1573 scurum
1066 1546 1118 1572 est
1149 1540 1343 1581 legendum,
1368 1551 1386 1571 a
1414 1539 1596 1570 lictoribus:

894 1602 976 1633 quos
1011 1597 1131 1631 postea
1163 1595 1261 1622 vocat
1287 1592 1458 1622 calatores:
1492 1591 1526 1629 ii,
1557 1595 1595 1621 ut

895 1642 973 1673 alibi
994 1642 1130 1681 (licitur,
1145 1648 1221 1672 sunt
1247 1641 1470 1675 sacerdotum,
1489 1650 1527 1671 ac
1545 1650 1595 1670 sa—

895 1702 1029 1723 crorum
1055 1693 1274 1732 collegiorum
1300 1692 1399 1722 servi.
1447 1691 1529 1722 Cum
1559 1691 1594 1720 in

896 1744 943 1774 rei
960 1748 1064 1783 caput
1082 1744 1191 1774 vinum
1211 1742 1467 1781 infundebatur,
1491 1751 1595 1782 appa-

893 1800 944 1824 ret
963 1794 994 1824 id
1014 1793 1086 1824 fieri
1103 1794 1248 1829 solitum,
1268 1799 1303 1824 nt
1326 1794 1357 1824 in
1386 1803 1462 1824 eum
1487 1793 1593 1823 omnis

893 1845 1012 1884 religio
1043 1849 1219 1875 contracta
1249 1848 1412 1874 verteret.
1460 1844 1593 1883 Religio

892 1895 980 1925 enim
997 1900 1177 1926 contracta
1202 1894 1404 1934 intelligitur
1429 1904 1470 1924 ex
1496 1893 1593 1924 obse-

891 1946 1064 1977 eratione:
1090 1950 1298 1986 quapropter
1325 1954 1391 1975 non
1417 1945 1517 1975 aliter
1545 1954 1594 1974 re·

890 1997 1101 2036 sectabatur,
1118 1996 1150 2026 id
1168 2000 1231 2034 est,
1244 2005 1340 2026 sacro
1357 1999 1415 2025 aut
1433 1995 1594 2034 religione

891 2047 1086 2078 solvebatur
1108 2048 1336 2087 magistratus,
1354 2056 1452 2086 quam
1477 2047 1503 2077 si
1522 2046 1593 2086 pia-

892 2098 1003 2128 culum
1021 2103 1207 2128 contractae
1233 2098 1405 2137 roligionis
1423 2098 1456 2128 in
1474 2098 1523 2128 rei
1538 2107 1593 2128 ca-

892 2154 953 2189 put
969 2153 1131 2179 verteret.
1147 2150 1214 2179 Jos.
1231 2149 1314 2179 Scat.

934 2199 1060 2239 Res-pici
1075 2199 1157 2239 acis]
1186 2200 1266 2230 Post
1286 2200 1411 2239 Respici
1435 2200 1502 2230 avis
1522 2203 1593 2230 tunc

890 2252 1006 2282 dicitur
1016 2261 1084 2282 cum
1096 2251 1242 2291 spatium
1254 2251 1389 2291 aliquod
1400 2252 1593 2293 relinquen-

892 2302 971 2332 dum
989 2301 1112 2341 fuerat,
1126 2311 1247 2342 nempe
1264 2302 1304 2332 ad
1322 2312 1360 2332 ea
1379 2312 1454 2343 quae
1469 2302 1593 2333 desunt

891 2352 1071 2393 capienda,
1087 2363 1154 2383 cum
1170 2363 1203 2383 eo
1218 2354 1299 2383 redit
1316 2354 1394 2383 unde
1410 2363 1476 2384 eant
1490 2363 1591 2392 augur

888 2407 1042 2443 spexerat.
1099 2403 1243 2444 Reliqua
1272 2404 1385 2434 omnia
1416 2404 1591 2444 pertinent

890 2454 931 2485 ad
950 2453 1189 2484 resecrationis
1207 2454 1321 2494 ritum,
1339 2459 1375 2484 ut
1398 2454 1540 2485 vidimus
1559 2454 1591 2484 in

889 2508 897 2522 ‘
917 2503 1116 2536 resecrare.'
1141 2505 1221 2535 Duc.

930 2558 944 2578 11
968 2555 1187 2596 Respublicas]
1213 2557 1256 2587 Et
1275 2556 1396 2587 Cicero
1414 2565 1453 2586 ιι.
1468 2555 1509 2585 de
1526 2555 1588 2585 Di-

888 2608 992 2638 vinat.
1009 2612 1093 2638 sect.
1107 2610 1138 2638 2.
1163 2607 1172 2621 ⁴
1192 2606 1230 2637 ld
1245 2606 1332 2636 enim
1350 2606 1459 2645 ipsum
1477 2615 1495 2635 a
1511 2605 1590 2635 Pla-

889 2664 968 2690 tone
985 2658 1272 2698 philosophiaque
1289 2656 1473 2687 didiceram
1491 2661 1589 2686 natu-

889 2710 976 2740 rales
994 2718 1067 2741 esse
1084 2707 1244 2749 quasdam
1271 2708 1510 2739 conversiones
1536 2717 1585 2739 re-
