1876 3025
296 154 380 197 772
739 164 890 196 sux‘m
926 163 1125 194 ΡοΜΡΕιι
1160 163 1300 194 susm

354 262 440 304 ait:
473 261 652 303 Plumbi
682 261 899 316 paxillum
918 266 937 290 4
980 260 1115 301 rodus
1143 260 1307 314 linique
1336 264 1558 301 metaxam
1576 273 1585 301 ε
1603 264 1616 289 ⁵
1664 259 1744 301 sed

355 331 487 372 etiam
508 342 588 384 pro
610 330 797 383 signato,
821 329 924 383 quia
942 329 987 369 in
1014 328 1309 383 mancipando
1341 341 1441 369 cum
1467 327 1640 378 dicitur,
1674 341 1745 368 ru-

354 399 540 440 dusculo
574 398 730 439 libram
764 397 909 446 ferito,
946 409 1046 437 asse
1079 398 1266 450 tangitur
1296 397 1422 438 libra.
1483 394 1666 437 Cincius
1688 395 1743 436 de

353 467 498 508 verbis
526 466 690 520 priscis
711 466 775 507 sic
798 465 862 506 ait
886 479 895 503 :
929 464 1308 515 Quemadmodum
1332 464 1476 506 omnis
1498 465 1589 506 fere
1610 467 1746 504 mate-

353 535 419 576 ria
441 548 526 576 non
557 534 803 575 deformata
838 533 956 575 rudis
990 534 1251 588 appellatur,
1288 534 1405 575 sicut
1435 533 1746 574 vestimentum

354 604 472 652 rude,
492 616 577 644 non
597 602 865 656 perpolitum
885 616 893 640 :
916 603 981 643 sic
1005 615 1068 643 aes
1089 603 1297 643 infectum
1316 601 1600 643 rudusculum
1629 600 1748 654 apud

357 671 498 713 aedem
517 677 533 702 P
565 671 791 724 Apollinis
812 683 876 713 aes
898 670 1140 712 conflatum
1156 670 1317 724 jacuit,
1352 669 1397 710 id
1424 669 1479 710 ad
1499 668 1633 709 rudus
1670 681 1748 722 ap—

353 739 608 794 pellabant:
640 740 684 780 in
716 739 1009 781 aestimatione
1041 739 1242 780 censoria
1273 752 1335 780 aes
1367 737 1577 778 infectum
1609 736 1748 777 rudus

354 807 613 862 appellatur.

354 874 540 928 poliunt.

673 806 880 848 Rudiarii
905 807 960 848 ab
982 807 1134 848 eodem
1159 807 1377 856 dicuntur,
1406 806 1483 860 qui
1505 818 1612 858 saga
1632 817 1750 845 nova

601 873 843 915 Hominem
865 875 1115 928 imperitum
1150 874 1300 916 rudem
1322 873 1524 914 dicimus.
1573 872 1752 913 Ruden-

354 946 420 982 tes
441 946 583 983 restes
604 942 814 991 nauticae,
834 946 880 982 et
899 942 1028 989 asini,
1051 955 1151 983 cum
1174 953 1307 983 voces
1329 942 1522 982 mittunt.

299 1008 649 1051 Rodusculanaq
679 1014 809 1064 porta
840 1010 1078 1064 appellata,
1100 1010 1218 1064 quod
1244 1010 1362 1052 rudis
1383 1013 1427 1051 et
1446 1010 1526 1050 im·
1571 1007 1752 1063 [PAUL-

355 1078 498 1131 polita
519 1079 576 1119 sit
596 1078 758 1127 relicta,
780 1078 851 1119 vel
871 1078 1026 1129 raudo,
1047 1078 1092 1119 id
1115 1083 1197 1129 est,
1219 1090 1306 1120 aere
1326 1078 1485 1119 vincta.

905 1231 1021 1244 eeeeee

1027 1232 1144 1245 eeeeee

341 1331 360 1360 4
384 1328 445 1358 Vir
461 1327 551 1360 doct.
574 1328 609 1359 in
633 1337 738 1371 marg.
766 1329 820 1362 ed.
842 1329 933 1364 Scal.
953 1331 1044 1372 conj.
1059 1331 1244 1373 pauxillum.
1281 1330 1367 1362 Vide
1385 1330 1571 1362 Notas.-5
1597 1328 1683 1360 Ead.
1700 1327 1754 1360 ed.

298 1375 465 1404 matexam.

954 1478 1097 1512 NOTAE

299 1553 394 1585 illum
419 1553 572 1594 plumbi.’
617 1555 708 1587 Quin
729 1555 830 1586 etiam
857 1555 1001 1586 eundem

298 1604 421 1635 Latino
438 1605 541 1636 verbo
554 1605 655 1646 Syrus
669 1606 914 1637 vetustissimus
933 1606 1002 1637 No-

301 1655 335 1685 vi
360 1655 572 1686 Testamenti
600 1656 849 1697 Paraplirastes
875 1656 1002 1687 ‘Unci-

301 1706 401 1737 num'
435 1712 546 1742 vocat,
573 1707 605 1738 in
630 1707 849 1747 navigatione
882 1706 1002 1744 l’auli3

300 1755 475 1795 videlicet,
491 1757 578 1798 quod
596 1767 702 1788 uncus
727 1761 826 1788 esset.
870 1758 1004 1788 Metaxa

303 1811 357 1838 est
373 1807 470 1847 σειρὰ,
487 1808 590 1846 linea,
606 1808 706 1839 serici
721 1813 845 1839 tracta.
891 1807 1004 1839 Hodie

303 1860 338 1887 et
354 1865 412 1887 nos
429 1857 594 1897 Aquitani
611 1857 656 1887 fili
676 1861 822 1888 tractam
847 1866 1004 1888 vocamus

302 1908 363 1938 ita.
408 1907 523 1937 Verba
552 1907 621 1945 illa,
650 1907 853 1938 ‘rodusculo
884 1906 1004 1937 libram

303 1956 427 1998 ferito,'
454 1957 671 1997 concipiebat
687 1957 742 1997 qui
765 1957 931 1996 mancipio
948 1957 1004 1987 da-

304 2007 385 2046 bat;
423 2008 479 2048 qui
505 2016 584 2038 vero
622 2006 830 2046 accipiebat,
859 2007 1006 2044 dicebat,

304 2058 314 2075 ‘
326 2057 388 2088 hoc
400 2057 442 2088 ab
456 2067 523 2088 aere
537 2066 665 2097 aeneaq.
676 2055 785 2086 libra!
802 2056 894 2087 Puta
908 2066 1006 2087 meum

305 2111 364 2146 est,
397 2112 457 2138 aut
496 2107 617 2147 simile,
659 2116 701 2137 ex
731 2107 900 2138 Varrone.
937 2108 1006 2138 dos.

307 2157 392 2189 Scal.

353 2209 397 2238 Ut
426 2208 576 2243 Lucilius,
594 2218 663 2239 cum
687 2208 750 2248 uit]
779 2209 788 2224 ‘
805 2208 1007 2248 Cataprora-

307 2256 396 2290 teni’
421 2260 551 2290 dictum
579 2258 742 2299 intellige,
761 2258 851 2300 quod
873 2259 913 2288 de
932 2269 1006 2299 pro·

309 2319 357 2347 ra,
374 2307 453 2340 κατὰ
472 2308 603 2348 πρώρας,
620 2308 862 2340 demitteretur
879 2308 919 2339 ad
936 2314 1007 2339 teu-

308 2359 414 2390 tanda
431 2360 528 2390 vada.
562 2360 681 2400 Neque
697 2364 808 2390 tamen
827 2358 1007 2390 tacendum

309 2416 362 2442 est
399 2411 432 2441 in
464 2411 507 2442 al.
536 2409 635 2441 codd.
665 2410 731 2448 legi
776 2410 1008 2450 catapeiratem,

308 2471 392 2493 voce
422 2461 547 2492 Graeca
584 2459 788 2499 καταπειράω,
827 2464 1007 2501 pertento:

309 2511 401 2553 quod
431 2511 510 2542 milti
538 2512 644 2551 magis
668 2511 805 2551 placet:
832 2515 882 2541 est
908 2510 1009 2551 igitur

308 2566 316 2580 ‘
334 2561 560 2603 catapirates’
590 2561 759 2592 funiculus
777 2569 851 2591 cum
873 2561 1009 2601 plumbo

311 2614 477 2654 deligato,
501 2613 557 2654 qui
578 2612 805 2652 καταπειρατὴρ
822 2612 941 2642 Graece
959 2611 1008 2642 di-

312 2666 400 2695 citur
416 2664 516 2699 βόλις,
534 2673 552 2694 a
568 2672 633 2704 quo
649 2669 683 2694 et
698 2664 846 2694 Lucilius
861 2662 1006 2694 fabulam

312 2728 403 2748 auam
423 2718 522 2753 ,uude
550 2726 665 2749 versus
691 2717 771 2748 istos
802 2716 917 2748 attulit
946 2715 1007 2747 Isi-

1056 1555 1170 1596 dorus,
1185 1555 1339 1586 Bolideui
1358 1553 1590 1593 inscripserat.
1627 1549 1757 1581 Salma-

1057 1607 1126 1637 sius
1153 1611 1265 1637 tamen
1284 1604 1441 1646 legebat:
1464 1603 1516 1634 An
1541 1600 1760 1641 catapirateris

1057 1658 1160 1688 eodem
1181 1657 1300 1695 deferet
1321 1665 1431 1687 uncum
1449 1653 1574 1685 Plumbi
1587 1652 1761 1694 pauxillum

1057 1709 1172 1738 ’‘atidus
1186 1708 1300 1748 linique
1316 1711 1481 1737 metaxam.
1519 1709 1527 1722 ‘
1542 1704 1759 1743 Catapirater

1059 1757 1240 1798 pluml›us‚’
1277 1758 1293 1787 ὁ
1329 1754 1556 1797 καταπειρατὴρ
1600 1752 1759 1793 μόλιβδος.

1062 1810 1145 1839 Duc.

1098 1863 1113 1884 Ρ
1130 1858 1184 1890 Sic
1195 1868 1237 1889 oes
1249 1858 1397 1896 infectum
1413 1856 1610 1888 rudusculum
1628 1855 1708 1895 apud
1720 1864 1761 1884 ω·

1059 1909 1142 1950 dem]
1160 1910 1246 1941 Haec
1260 1915 1390 1940 tantum
1408 1906 1763 1946 (listinctionejrtvan-

1061 1961 1104 1991 da
1124 1966 1201 1991 sunt
1220 1971 1226 1989 ε
1252 1960 1307 1991 Sic
1329 1970 1372 1991 (τε
1387 1959 1533 1997 infectum
1555 1958 1762 1988 rudusculum.

1060 2012 1152 2051 Apud
1167 2012 1276 2049 cedem,
1291 2012 1345 2051 ᾃτ.
1382 2010 1504 2051 Neque
1521 2014 1555 2040 te
1568 2008 1645 2038 hinc
1662 2007 1764 2038 aliter

1061 2061 1236 2102 expedias,
1261 2061 1357 2091 Idem.

1104 2116 1118 2137 ‘1
1144 2110 1376 2150 Rodusculana]
1399 2107 1546 2140 vidend.
1568 2107 1678 2137 Varro
1702 2105 1763 2137 lib.

1062 2171 1110 2193 iv.
1139 2163 1211 2192 Lat.
1238 2162 1292 2202 qui
1314 2160 1542 2192 Raudusculam
1565 2157 1718 2199 appellat
1744 2166 1764 2187 a

1061 2214 1170 2250 raudo,
1198 2212 1230 2242 id
1260 2218 1322 2248 est,
1354 2221 1433 2242 aere.
1479 2209 1565 2240 Vide
1595 2212 1603 2225 ‘
1620 2206 1762 2238 Rodus:

1063 2262 1284 2294 leudusculaua
1311 2263 1475 2302 scriptum
1498 2265 1551 2291 est
1569 2260 1601 2289 in
1618 2267 1762 2289 marmo-

1063 2323 1098 2344 re
1118 2314 1261 2352 quodam
1279 2311 1483 2353 Capitolino.
1506 2310 1585 2341 Aut.
1602 2309 1687 2347 Aug.

1105 2364 1323 2394 Roausculana
1337 2362 1443 2402 porta]
1463 2360 1691 2391 Raudusculam
1706 2368 1762 2389 vo·

1062 2418 1118 2445 cat
1135 2414 1242 2444 Varro
1258 2413 1316 2445 lib.
1335 2421 1384 2443 vt.
1402 2411 1443 2443 de
1465 2412 1502 2442 L.
1520 2412 1555 2443 L.
1578 2412 1588 2428 ‘
1601 2410 1761 2451 Sequitur

1064 2470 1162 2505 porta
1176 2465 1309 2499 Naevia,
1324 2462 1412 2504 quod
1427 2463 1457 2493 in
1473 2461 1665 2493 nemoribus
1681 2461 1761 2492 Nae-

1064 2515 1136 2552 viis,
1165 2515 1306 2545 Naevius
1337 2513 1425 2543 enim
1456 2513 1541 2548 loca,
1567 2512 1623 2543 ubi
1649 2521 1688 2542 ea
1712 2512 1761 2542 sic

1064 2564 1171 2602 dicta,
1197 2563 1311 2594 coluit.
1358 2563 1490 2594 Deinde
1508 2566 1603 2603 porta
1620 2561 1762 2592 raudus-

1064 2615 1152 2653 cula,
1170 2614 1258 2654 quod
1275 2619 1379 2644 aerata
1395 2612 1470 2646 fuit.
1488 2622 1534 2643 aes
1551 2611 1674 2642 raudus
1691 2610 1760 2641 dic-

1064 2671 1146 2695 tum.
1194 2664 1243 2694 Ex
1262 2673 1302 2694 eo
1326 2664 1359 2694 in
1383 2663 1554 2693 veteribus
1574 2662 1761 2701 mancupiis

1062 2716 1237 2756 scriptum,
1267 2715 1468 2745 raudusculo
1497 2713 1613 2744 libratu
1639 2711 1761 2743 fei·ito.'
