1876 3025
305 197 365 226 DE
400 195 674 226 VERBORUM
708 192 1118 224 SIGNlFlCATIONE
1154 192 1250 222 [AB.
1283 191 1412 221 XV11.

188 297 426 348 paupertas
455 292 517 341 fit,
547 291 655 333 fides
693 291 949 340 sublestior,
983 289 1027 330 id
1056 294 1140 338 est,
1176 288 1401 328 infirmior.

1503 181 1588 222 917

1464 287 1586 327 Idem

189 364 252 403 ait
269 362 416 402 vinum
436 360 823 409 sublestissimum,
846 359 953 412 quia
987 356 1185 398 infirmos
1221 356 1361 396 faciat
1390 355 1459 395 vel
1494 367 1589 395 cor-

189 443 309 483 pore,
328 429 396 470 vel
420 429 584 469 animo.

131 498 397 539 Subliciumc
415 502 582 550 pontem
604 493 772 550 quidum
789 500 941 548 putant
962 507 1039 534 esse
1062 491 1335 547 appellatum
1357 503 1383 531 a
1420 489 1587 543 [FnS'r.

790 650 930 682 NOTAE

130 740 197 780 tis,’
219 744 400 781 utrumqne
429 740 519 771 enim
546 739 613 770 dici
644 743 770 780 potest,
798 743 836 769 ut

128 792 269 823 sublimis
297 796 332 823 et
357 791 518 830 sublimus,
545 789 731 828 ‘infirmus,
760 788 836 819 tris-

133 843 200 874 tis.’
225 842 327 880 Item,
343 843 352 859 ‘
366 842 540 882 sublestia,
558 840 744 879 infirmitas,
760 839 837 869 tris-

133 893 231 926 titia?
276 893 345 924 Ubi
370 893 487 924 melius
513 892 643 931 forsan,
670 890 839 929 Subleslia,

131 945 283 986 infirmia,
305 944 424 975 tristia.
470 943 634 974 Sublestus
656 949 783 981 autem,
800 946 838 972 ut

132 995 261 1036 optime
277 995 401 1035 Scalig.
419 999 472 1025 est
489 1004 507 1024 a
528 993 653 1024 Graeco
669 991 838 1022 ὑπόλισπος

134 1050 266 1076 111111310
288 1056 332 1076 σπ
348 1046 381 1075 111
402 1048 444 1084 st,
468 1049 505 1075 ut
531 1044 581 1079 fit,
599 1044 687 1084 quod
709 1042 838 1074 Aristo·

134 1097 255 1137 phanis
284 1097 489 1128 Scholiastes
513 1096 760 1136 interpretatur
787 1106 839 1125 τε-

132 1146 308 1187 τριμμένος,
339 1145 632 1177 3111111151λίσπος
665 1145 754 1175 enim
787 1149 840 1175 est

134 1197 254 1237 ἰσχνὸς,
285 1198 432 1238 graciliS.
470 1198 628 1228 Eustatli.
678 1196 723 1227 Et
752 1196 840 1226 idem

137 1248 313 1289 Aristopli.
332 1249 456 1287 interp.
472 1247 504 1278 in
530 1247 620 1278 Ran.
641 1246 669 1277 οἱ
688 1246 729 1277 τὰ
749 1246 841 1285 ἴσχια

134 1298 258 1338 λεπτοὶ,
273 1298 382 1330 λῖσποι
397 1296 559 1337 λέγονται.
583 1298 708 1328 Versus
726 1297 841 1327 Plauti

138 1350 246 1381 Persa
278 1355 344 1381 act.
371 1359 405 1380 v.
435 1359 484 1381 sc.
514 1352 543 1381 l.
575 1349 623 1379 sic
652 1349 685 1379 in
717 1348 839 1380 editis:

136 1402 145 1417 ‘
163 1402 250 1432 Nam
275 1401 301 1431 si
320 1400 360 1431 ad
385 1406 623 1441 paupertatem
648 1399 843 1439 admigrant

138 1451 300 1487 infamiae,
319 1451 466 1483 Gravior
481 1456 666 1492 paupertas
691 1450 742 1491 fit,
758 1450 842 1481 fides

139 1501 341 1533 sublestior.'
388 1501 484 1532 Idem
513 1502 546 1531 in
578 1501 744 1532 Bacchid.
774 1507 842 1533 act.

139 1563 195 1585 111.
220 1564 266 1585 sc.
294 1556 325 1584 6.
358 1554 516 1593 ‘Lingua
538 1552 686 1593 factiosi,
713 1554 841 1584 inertes

140 1615 255 1646 opere,
273 1605 424 1636 sublesta
443 1604 538 1636 fide!
582 1604 679 1636 Infra
704 1609 712 1622 ¹
729 1605 842 1636 vinum

141 1656 420 1687 sublestissimum
440 1655 447 1668 '
479 1656 589 1696 potius
621 1658 844 1696 interpretor,

140 1712 149 1724 ‘
164 1706 294 1742 tenue,’
310 1709 318 1724 ‘
334 1706 501 1737 infirmum
518 1706 537 1735 ε’
555 1707 603 1738 sic
617 1707 750 1746 pictura
766 1707 844 1737 sub-

140 1758 240 1796 lesta,
260 1767 334 1798 quae
358 1762 489 1787 tantum
518 1757 634 1797 primis
660 1758 844 1788 lineamen-

143 1810 184 1841 tis
200 1809 390 1840 deformata
407 1816 473 1847 est,
489 1818 528 1839 ac
551 1809 653 1839 nullis
676 1809 845 1840 coloribus

143 1860 356 1892 adumbrata.
381 1860 510 1890 Gr-aecis
520 1858 746 1899 μονόγραμμος.
762 1860 844 1890 Duc.

185 1918 198 1931 0
222 1909 410 1950 Sublicium]
434 1910 548 1941 Livius
562 1911 624 1941 sub
643 1910 737 1941 Anco
751 1911 845 1950 Rege

142 1961 337 1993 Janiculum
361 1960 532 2001 adjectum
559 1970 634 1991 esse
660 1961 790 1995 scribit,
812 1966 847 1992 et

145 2012 189 2042 ob
202 2012 480 2043 commoditatem
495 2011 625 2041 itineris
640 2018 756 2052 ponte,
769 2012 847 2042 sub-

144 2062 221 2094 licio
235 2068 303 2092 tnm
320 2061 462 2101 primum
477 2061 507 2091 in
521 2061 634 2092 Tiberi
652 2060 756 2100 facto,
768 2071 846 2092 eon-

140 2113 239 2153 jungi
258 2113 331 2143 urbi
355 2112 533 2152 placuisse.
581 2112 741 2152 Ejusdem
765 2123 847 2152 pon-

146 2164 188 2194 tis
205 2162 358 2194 defensio
376 2162 418 2192 ab
443 2161 589 2192 Horatio
613 2162 746 2193 Coclite
773 2172 848 2192 nar-

145 2219 241 2244 ratur
268 2213 309 2244 ab
335 2213 454 2243 eodem
473 2213 570 2243 Livio
594 2212 652 2243 lib.
672 2222 711 2243 11.
744 2213 848 2244 ‘Sine

145 2263 256 2295 ferreo
273 2264 369 2294 clavo
392 2261 497 2293 fuisse
519 2263 567 2293 ita
585 2263 753 2303 disposita
769 2273 849 2294 con-

147 2315 349 2353 tignatione,
381 2318 418 2344 ut
455 2314 686 2344 eximerentur
724 2314 849 2350 trabes,

147 2366 218 2395 sive
245 2364 397 2401 sublicae,
424 2374 463 2395 ac
490 2365 561 2394 sine
588 2363 725 2395 fulturis
754 2374 851 2405 repo-

149 2420 313 2446 nerentur
330 2415 337 2427 ’
380 2415 511 2446 Plinius
553 2421 672 2445 auctor
712 2420 764 2446 est
795 2416 852 2448 lib.

150 2477 281 2499 xxxvr.
305 2477 381 2507 cap.
407 2470 459 2498 15.
504 2467 558 2498 Ab
580 2469 643 2498 lioc
668 2474 772 2509 ponte
790 2479 851 2500 sae-

151 2521 224 2559 pius
242 2530 260 2549 a
288 2517 503 2558 pontificibus
531 2518 673 2554 refecto,
693 2525 728 2550 ut
752 2519 800 2550 cis
817 2524 852 2550 et

151 2571 202 2600 uls
227 2569 375 2600 Tiberim
401 2578 496 2599 sacra
519 2568 653 2609 tierent,
672 2570 850 2610 pontifices

151 2620 261 2651 dictos
283 2628 359 2649 esse
382 2618 490 2648 Varro
517 2619 692 2650 existimat
720 2620 777 2651 lib.
803 2630 853 2652 ιν.

152 2671 194 2700 de
220 2669 314 2708 Ling.
340 2668 414 2698 Lat.
458 2667 554 2698 Idem
580 2668 639 2699 lib.
667 2678 716 2700 ν1.
740 2671 788 2700 311
810 2672 852 2702 ab

151 2721 214 2751 hoc
233 2726 335 2760 ponte
353 2718 541 2757 Argeorum
560 2720 741 2751 simulacra
757 2728 853 2762 quot·

155 2771 251 2803 annis
291 2780 310 2802 a
350 2768 583 2801 sacerdotibus
623 2771 692 2812 jaci
732 2773 852 2806 solere.

891 737 982 768 Pons
1007 736 1121 767 dictus
1148 740 1199 766 est
1225 745 1243 765 a
1272 734 1409 773 sublicis,
1436 734 1595 766 sublicius.

890 787 1087 818 Sublicarum
1114 787 1241 817 menno
1267 785 1306 817 fit
1332 796 1350 816 a
1379 786 1517 817 Caesare
1536 786 1595 816 lib.

891 848 940 869 ιν.
964 838 1006 869 ‹le
1033 838 1130 869 Bello
1147 838 1238 869 Gall.
1275 837 1369 867 Livio
1401 836 1456 868 lib.
1484 846 1596 868 xxiii.

895 888 1052 920 Vitruvio
1070 889 1127 920 lib.
1146 898 1203 919 111.
1227 898 1303 928 cap.
1328 890 1358 919 3.
1407 888 1528 918 Festus
1547 892 1597 917 ta—

893 949 970 970 men
999 939 1126 970 sublices
1157 939 1349 979 appellasse
1380 938 1528 978 videtur,
1560 944 1597 969 ut

893 990 983 1021 elices
997 1000 1129 1031 quoque
1147 990 1316 1025 dicuntur,
1330 995 1363 1020 et
1377 999 1474 1030 aquae
1491 990 1598 1020 licium

894 1048 1036 1073 vocatur
1053 1042 1095 1073 ab
1111 1042 1259 1072 elicienda
1273 1052 1372 1082 aqim:
1390 1042 1455 1077 vel,
1469 1047 1507 1072 ut
1523 1043 1597 1072 aliis

896 1092 1042 1128 videtur,
1060 1103 1077 1123 a
1099 1093 1231 1133 liquenti
1253 1103 1345 1133 aqua.
1393 1093 1511 1124 Utitur
1539 1102 1599 1123 ex-

896 1145 1008 1184 emplo
1025 1144 1176 1175 Sallustii
1200 1144 1232 1174 in
1255 1143 1414 1179 historiis,
1431 1144 1510 1184 (1111ι
1523 1144 1600 1175 snb·

895 1193 1016 1224 licibus
1034 1193 1174 1225 cavata'
1190 1193 1288 1224 dixit.
1313 1195 1390 1225 Ant.
1405 1194 1490 1233 Aug.

939 1246 1124 1287 Sublicium]
1153 1247 1270 1277 Festus
1283 1246 1366 1276 dicit
1378 1246 1520 1286 sublices,
1534 1256 1600 1277 non

895 1297 1048 1328 sublicas:
1073 1296 1161 1338 quod
1189 1302 1224 1327 et
1249 1297 1281 1326 in
1307 1297 1516 1327 Sallustiano
1542 1306 1601 1327 ex-

898 1349 1011 1389 emplo
1027 1354 1114 1380 erat.
1160 1348 1215 1379 Sic
1233 1348 1333 1378 etiam
1352 1352 1486 1378 veteres
1504 1348 1603 1379 Glos-

898 1409 942 1430 sae
961 1411 968 1429 z
991 1401 1000 1417 ⁴
1016 1399 1182 1434 Subtices.
1198 1399 1389 1437 καταπῆγες,
1406 1398 1433 1429 οἷ
1453 1399 1487 1429 ἐν
1502 1410 1598 1429 ποτα-

897 1452 942 1490 μῷ
958 1451 1017 1489 τὴν
1036 1450 1174 1491 ’γέφυραν
1195 1449 1487 1490 ὑποβαστάζοντες.’
1533 1450 1599 1481 Re-

899 1501 1035 1533 ferebat
1068 1509 1235 1542 praeterea
1261 1502 1381 1532 Festus
1406 1500 1600 1540 opinionem

899 1562 1014 1583 eorum
1043 1553 1098 1593 qui
1125 1551 1323 1582 vocabulum
1341 1551 1502 1581 Volscum
1526 1560 1601 1581 esse

899 1603 1050 1641 aiebant,
1079 1602 1167 1643 quod
1201 1612 1266 1632 non
1298 1602 1397 1632 aliter
1431 1601 1601 1632 Formiani

899 1653 1004 1692 tigna,
1028 1653 1150 1694 quibus
1175 1662 1290 1683 eorum
1321 1662 1404 1692 pons
1427 1657 1602 1682 surrectus

900 1707 986 1740 erat,
1014 1703 1258 1744 appellabant:
1286 1704 1364 1733 item
1390 1712 1518 1742 eornm,
1545 1702 1603 1742 (1111

901 1755 1063 1786 dicebant
1090 1755 1227 1785 Subllces
1251 1755 1292 1785 ab
1317 1764 1357 1785 eo
1383 1754 1506 1794 dictas,
1524 1754 1605 1794 quia

902 1806 961 1837 sub
977 1807 1024 1836 eis
1047 1816 1134 1847 aqua
1155 1807 1284 1847 liquens
1305 1805 1490 1836 laberetur.
1534 1805 1601 1835 Sed

901 1866 962 1887 nos
979 1866 1154 1887 censemus
1178 1856 1326 1886 sublicum
1344 1856 1484 1893 dictam,
1501 1861 1536 1885 ut
1553 1854 1603 1884 ob-

901 1908 1039 1948 liquam:
1063 1913 1098 1938 et
1115 1908 1259 1948 intelligi
1279 1906 1421 1938 trabem.
1460 1906 1606 1937 Sublimis

902 1969 996 2000 ergo,
1017 1964 1052 1989 et
1067 1959 1194 1997 oblicus,
1218 1958 1270 1989 vel
1287 1957 1456 1997 subliquus,
1473 1963 1506 1987 et
1529 1957 1606 1987 obli·

901 2020 979 2051 quus
989 2011 1178 2051 composita
1190 2015 1266 2040 sunt
1281 2020 1288 2040 :
1304 2020 1446 2050 quorum
1459 2010 1606 2050 simplex

902 2061 1014 2100 liquus,
1044 2061 1096 2090 vel
1123 2060 1229 2100 liquis.
1272 2060 1383 2090 Vetus
1410 2064 1530 2090 auctor
1558 2061 1604 2090 lo-

903 2121 1009 2152 quens
1027 2110 1070 2141 de
1083 2109 1199 2150 figuris
1212 2116 1243 2141 et
1259 2110 1493 2141 lineamentis:
1513 2115 1522 2127 ‘
1536 2121 1605 2142 0111-

903 2170 980 2192 nem
1017 2166 1131 2191 autem
1169 2161 1397 2192 summitatem
1440 2161 1606 2192 metiundi

904 2214 1162 2245 observationes
1176 2218 1255 2245 sunt
1270 2213 1367 2245 duae:
1392 2215 1554 2251 enormis,
1571 2220 1607 2246 et

905 2266 1016 2306 liquis.
1062 2266 1231 2300 Eum-mis,
1249 2275 1324 2306 quae
1348 2265 1381 2296 in
1400 2275 1531 2296 omnem
1551 2276 1607 2296 ac-

906 2321 977 2347 tum
988 2316 1231 2356 rectisangulis
1243 2316 1452 2347 continetur.
1477 2317 1607 2358 Liquis,

907 2377 982 2408 quae
1000 2367 1172 2397 minuendi
1195 2366 1318 2397 laboris
1334 2376 1449 2406 eausa,
1465 2373 1499 2397 et
1515 2369 1610 2398 salva.

906 2425 1077 2450 rectorum
1107 2419 1238 2450 ratione
1264 2420 1462 2458 angulorum
1490 2430 1607 2451 secun-

906 2470 986 2500 dum
1016 2470 1125 2508 ipsam
1151 2469 1405 2500 extremitatem
1434 2469 1608 2500 subtendi-

908 2519 984 2552 tur.’
1006 2520 1076 2549 Jos.
1094 2520 1179 2551 Scul.

949 2570 1134 2609 Sublicium]
1173 2569 1233 2600 Ait
1262 2570 1411 2600 Festus:
1453 2569 1609 2599 Sublicius

907 2631 990 2663 pons
1019 2621 1218 2662 quibusdam
1251 2631 1269 2651 a
1298 2620 1447 2651 sublicis:
1482 2620 1608 2650 sublicoe

907 2677 1033 2705 autem,
1052 2672 1116 2705 vel,
1145 2676 1182 2701 ut
1205 2671 1261 2701 alii
1289 2676 1444 2700 auctores
1475 2675 1608 2710 vocant,

905 2723 1047 2761 sublices,
1067 2722 1224 2752 Volscum
1252 2720 1464 2757 vocabulum,
1482 2729 1548 2760 (1110
1573 2725 1609 2751 et

910 2773 1079 2806 Formiani
1097 2772 1263 2804 vocabant
1291 2772 1386 2812 tigna
1407 2771 1528 2813 quibus
1553 2780 1610 2801 eo-
