1876 3025
278 138 364 180 944

731 148 878 179 SEXTI
913 148 1007 177 POM
1018 147 1114 178 1’E11
1148 148 1283 180 FESTI

337 258 405 286 sa:
438 243 615 286 Gallico
637 242 819 285 tumultu
848 243 1058 298 quondam
1092 243 1282 284 edictum
1312 246 1378 284 est
1412 243 1605 297 legiones
1637 244 1718 286 Su-

338 313 422 362 trii,
437 316 483 353 ut
503 317 664 365 praesto
683 314 826 351 essent
846 324 944 351 cum
979 311 1079 352 cibo
1102 324 1200 360 suo,
1232 310 1349 364 quod
1379 311 1576 363 usurpari
1599 324 1720 364 coep-

339 383 429 420 tum
451 384 518 420 est
545 379 678 427 iniis,
711 378 787 430 qui
810 377 900 417 suis
928 378 1058 418 rebus
1093 378 1342 430 opibusque
1372 376 1507 418 officii
1536 377 1581 417 id
1611 391 1721 430 prae-

339 452 520 495 starent,
542 446 702 499 quibus
724 444 940 486 deberent.
983 444 1167 485 Plautus
1185 457 1194 485 :
1227 444 1316 485 Sed
1335 444 1471 485 facito
1493 444 1611 493 dum,
1634 458 1721 485 me-

339 514 431 554 rula
452 526 527 566 per
542 512 559 537 ⁶
580 524 751 561 verSUS‚
772 511 916 564 quod⁷
950 515 1096 551 cantat
1123 510 1276 560 colas‚⁸
1308 524 1403 551 cum
1425 524 1505 551 suo
1528 511 1686 563 cuique
1703 517 1720 542 ⁹

338 581 476 622 facito
499 580 686 630 veniant,
708 579 835 632 quasi
857 583 955 619 eant
977 579 1183 620 Sutrium.

880 697 1122 711 ‘oeenoaenee

325 789 346 816 6
367 785 440 815 Viri
466 785 558 816 docti
583 786 699 824 legunt
724 785 909 816 memineris.
955 784 1043 815 Vide
1061 783 1183 815 inst-7
1206 785 1284 815 Vet.
1306 784 1362 814 lib.
1378 786 1528 823 quoa—8
1551 784 1613 815 Vir
1629 782 1720 814 doct.

280 828 315 859 in
332 839 434 869 marg.
449 829 502 860 ed.
517 829 604 859 Scal.
624 828 710 868 conj.
726 829 891 858 σῶαι-9
916 827 968 859 Id.
985 827 1067 858 ibid.
1083 838 1151 859 cum
1165 827 1231 858 cibo
1248 831 1281 857 tu
1296 837 1412 867 quoque
1427 837 1487 857 eos.

942 956 1085 987 NOTAE

282 1033 380 1061 essent
395 1040 463 1061 cum
475 1030 540 1061 cibo
553 1040 625 1061 suo:
648 1031 727 1071 quod
742 1030 883 1071 usurpari
900 1040 974 1070 εωρ-

281 1086 347 1112 tum
363 1085 408 1112 est
424 1082 455 1112 in
470 1081 525 1119 iis,
540 1081 592 1121 qui
614 1083 678 1111 suis
698 1081 788 1111 rebus
813 1081 976 1121 opibusque

285 1133 393 1172 confisi
417 1135 674 1172 reproesentareut
695 1132 801 1171 quibus
821 1131 976 1162 deberent.

285 1183 435 1213 Plautus:
458 1183 520 1214 Sed
533 1183 638 1221 facito
658 1184 741 1217 dum,
764 1183 878 1213 merula
893 1192 977 1221 ραι-α’

283 1242 388 1263 ‘versus
417 1243 490 1272 quos
515 1237 635 1270 cantat,
664 1233 754 1263 colas.
800 1233 879 1262 Cum
912 1231 976 1261 cibo

282 1287 347 1313 tum
376 1284 482 1323 quiqui
500 1283 603 1320 facito
633 1282 769 1317 veniant,
793 1282 880 1322 quasi
906 1285 977 1312 eunt

282 1332 434 1364 Sutrium.
480 1333 643 1365 Quamvis
671 1342 736 1363 non
764 1342 849 1372 nego
871 1332 978 1362 inter-

282 1383 509 1423 pretationem
528 1382 710 1423 proverbii,
731 1391 828 1423 quain
857 1382 977 1412 Festus

282 1434 455 1473 proponit,
480 1443 545 1464 non
570 1443 644 1464 esse
670 1433 811 1464 alienam
836 1432 878 1463 ab
904 1432 977 1472 ipso

283 1483 478 1524 proverbio,
495 1489 608 1514 tamen
620 1483 717 1524 longe
731 1482 827 1513 abest
843 1492 862 1513 a
876 1482 977 1513 Plau-

285 1533 356 1563 tino
378 1542 493 1571 sensu,
516 1533 628 1568 immo,
652 1538 688 1563 ut
711 1533 829 1563 melius
853 1531 976 1571 dicam,

284 1583 496 1615 adversatur.
540 1584 665 1615 Locum
682 1584 808 1623 Plauti,
830 1584 884 1624 qni
908 1593 977 1614 om-

283 1643 342 1664 nes
366 1634 573 1674 interpretes
601 1635 744 1675 cruciat,
771 1634 803 1664 in
828 1634 908 1674 ipsis
936 1632 976 1664 ad

286 1685 446 1715 Plautum
465 1684 551 1715 notis
568 1693 784 1724 exponemus.
807 1684 877 1713 Jos.
893 1683 976 1714 Scal.

326 1734 483 1775 Sutrium]
522 1734 648 1765 Versus
678 1733 793 1764 Plauti
823 1738 901 1764 sunt
936 1742 976 1763 ex

285 1785 408 1816 Casina
426 1791 493 1816 act.
510 1794 564 1815 ιιι.
581 1795 628 1816 sc.
648 1788 677 1815 l.
724 1785 783 1815 Sed
792 1785 891 1823 facito
907 1785 978 1814 dum

284 1836 458 1866 memineris
470 1845 573 1866 rersus
587 1845 659 1875 quos
673 1838 775 1865 cantat
791 1836 898 1865 colax.-
912 1834 978 1865 cibo

288 1886 367 1916 Cum
382 1896 435 1916 suo
449 1885 663 1926 quiquisacilo
678 1886 726 1916 uti
742 1885 879 1922 veniunt,
892 1884 979 1925 quusi

285 1940 356 1967 eant
386 1936 539 1967 Sutrium.
592 1936 668 1967 Hoc
698 1939 770 1966 est:
809 1934 911 1965 facito
940 1940 979 1966 ut

285 1987 477 2016 memineris
508 1995 625 2017 versus
664 1995 747 2025 quos
778 1985 916 2016 Naevius
945 1985 979 2014 in

287 2037 410 2068 Colace
438 2046 498 2067 suo
523 2036 698 2077 (Colacem
721 2036 806 2066 euim
832 2035 978 2066 fabulam

288 2087 426 2126 scripsit
454 2085 610 2126 Naevius)
633 2090 768 2116 cantat:
793 2085 877 2116 Cibo
903 2094 979 2115 cum

288 2147 362 2176 suo,
391 2139 456 2168 «Sec.
503 2137 542 2167 In
568 2136 661 2166 libris
690 2135 882 2166 veteribus:
915 2135 979 2166 Sed

279 2187 393 2226 facita,
407 2189 479 2218 dum
494 2187 591 2217 merui
605 2197 677 2226 aper
692 2196 797 2217 versus
816 2196 888 2226 quos
907 2196 977 2217 can-

287 2242 348 2276 tat,
369 2239 461 2269 colas.
508 2238 552 2269 Et
567 2249 573 2267 :
600 2237 663 2268 Sed
669 2237 771 2274 facito
787 2237 858 2267 dum
872 2236 980 2266 Meam·

287 2298 362 2328 aper·
377 2298 479 2319 rersus
494 2298 567 2328 quos
585 2291 703 2326 cantat,
717 2288 809 2318 colus.
854 2287 979 2326 Vulga-

288 2343 356 2371 tam
375 2339 551 2370 lectionem
569 2347 690 2378 sequor
711 2348 719 2367 :
745 2342 857 2367 tamen
874 2336 977 2367 Scali—

289 2399 350 2430 ger
364 2399 372 2420 :
397 2388 459 2419 Sed
466 2388 566 2425 facito
579 2389 663 2426 dum,
680 2387 802 2417 Merula
811 2396 896 2426 parce
910 2396 976 2416 ver-

289 2450 340 2471 sus
360 2449 433 2480 quos
455 2442 571 2474 cantat,
588 2439 680 2469 colas.
727 2438 804 2468 Cum
826 2437 891 2468 cibo
915 2440 980 2468 tum

290 2490 397 2530 quiqui
416 2489 518 2526 facito
543 2489 679 2526 veniant,
707 2488 796 2528 quasi
824 2491 893 2518 eant
920 2487 980 2517 Su-

289 2541 396 2571 trium.
443 2539 627 2578 Additque,
644 2539 707 2569 etsi
729 2547 792 2568 non
818 2542 918 2577 neget
935 2537 982 2568 in-

293 2589 573 2630 terpretationem
591 2588 773 2628 proverbii,
789 2597 886 2629 quam
905 2588 982 2618 Fes-

294 2646 347 2672 tus
378 2641 549 2681 proponit,
579 2649 643 2670 non
663 2648 738 2669 esse
769 2640 908 2669 alienam
941 2638 982 2669 ab

292 2692 368 2732 ipso
381 2689 574 2731 proverbio,
588 2689 704 2723 abesse
721 2695 831 2720 tamen
847 2698 865 2720 a
882 2689 982 2720 Plau·

1027 1030 1099 1061 tino
1122 1040 1231 1067 sensu,
1256 1030 1356 1060 immo
1380 1034 1415 1060 et
1432 1028 1461 1059 ei
1484 1028 1585 1059 etiam
1603 1027 1722 1058 adver-

1028 1083 1105 1111 sari.
1149 1080 1216 1111 Sed
1247 1080 1341 1111 nobis
1372 1079 1425 1109 liic
1457 1080 1567 1109 locum
1609 1078 1721 1108 Plauti

1027 1140 1198 1171 exponere
1235 1130 1383 1160 debebat
1418 1128 1581 1168 scaliger.
1611 1137 1721 1168 neque

1028 1190 1088 1211 nos
1114 1180 1156 1211 ad
1173 1190 1249 1210 suas
1265 1180 1298 1210 in
1317 1180 1478 1210 Plautum
1493 1183 1587 1208 notas
1608 1179 1721 1208 remit-

1029 1235 1100 1261 tere
1131 1241 1212 1271 quas
1253 1235 1383 1260 tantuin
1421 1229 1595 1268 cogitavit.
1651 1229 1722 1265 Ego

1029 1290 1109 1311 vero
1126 1280 1214 1311 aliud
1233 1280 1341 1310 dicam
1357 1279 1444 1319 quod
1463 1289 1525 1309 non
1543 1278 1627 1309 vidit
1643 1278 1723 1309 Sca-

1029 1332 1125 1370 liger,
1141 1336 1176 1361 et
1202 1330 1288 1371 quod
1308 1339 1421 1360 verum
1445 1338 1516 1359 esse
1540 1338 1655 1360 omnes
1673 1329 1722 1360 di-

1029 1385 1130 1412 cent:
1150 1389 1269 1419 nempe
1287 1389 1351 1409 non
1368 1379 1474 1409 solum
1492 1379 1635 1409 alienam
1648 1387 1722 1409 esse

1029 1441 1048 1461 a
1078 1430 1259 1471 proverbio
1290 1429 1375 1459 lianc
1405 1429 1497 1459 Festi
1524 1430 1723 1468 interpreta-

1030 1482 1169 1518 tionem,
1191 1487 1293 1522 atque
1319 1481 1403 1511 adeo
1429 1482 1588 1512 Plautino
1613 1480 1723 1511 sensui

1028 1532 1215 1570 adversari,
1231 1532 1287 1562 sed
1306 1532 1358 1562 vel
1376 1532 1407 1562 in
1425 1532 1497 1571 ipso
1514 1532 1628 1562 statim
1646 1541 1723 1571 pro-

1029 1582 1145 1613 verbio
1166 1582 1292 1623 aliquid
1311 1582 1493 1618 turbatum,
1513 1582 1563 1611 vel
1586 1581 1618 1611 iu
1642 1581 1723 1620 ipsis

1030 1634 1119 1664 Festi
1150 1633 1273 1663 verbis.
1317 1632 1351 1663 Si
1384 1632 1470 1662 enim
1501 1631 1647 1662 Sutrinae
1677 1631 1724 1660 le-

1029 1683 1143 1721 giones
1161 1691 1235 1712 cum
1263 1681 1337 1713 cibo
1365 1692 1423 1712 suo
1455 1686 1579 1721 praesto
1607 1680 1723 1711 adesse

1024 1734 1130 1774 jussae
1155 1737 1244 1768 sunt,
1269 1738 1307 1763 ut
1331 1733 1363 1763 id
1391 1731 1569 1772 aliquando
1594 1729 1723 1761 factum

1030 1789 1095 1822 est,
1120 1793 1185 1814 non
1210 1783 1325 1823 utique
1351 1781 1488 1812 formari
1514 1780 1590 1811 inde
1616 1780 1724 1820 potuit

1031 1834 1245 1874 proverbium
1261 1844 1270 1871 ;
1286 1833 1375 1873 quasi
1390 1835 1460 1863 eunt
1479 1832 1634 1866 Sutrium,
1652 1830 1724 1869 sed,

1030 1884 1116 1924 quasi
1140 1887 1211 1915 eant
1232 1883 1354 1923 Sutrio,
1369 1892 1444 1913 cum
1461 1892 1479 1912 a
1500 1882 1616 1912 Sutrio
1634 1880 1724 1910 veni-

1031 1939 1107 1965 rent
1132 1934 1285 1974 legiones
1313 1933 1412 1963 rebus
1444 1931 1644 1963 necessariis
1675 1931 1725 1960 in-

1031 1978 1167 2016 structae'
1183 1995 1191 2015 ε
1208 1984 1301 2024 atqui
1314 1983 1445 2014 Gallico
1456 1982 1600 2012 tumultu
1616 1980 1725 2011 Sutri-

1031 2035 1082 2064 nis
1099 2035 1221 2064 milites
1237 2035 1421 2073 imperatos
1441 2041 1600 2072 nusquam
1619 2032 1723 2070 legas.

1032 2083 1121 2116 Quid
1139 2083 1265 2122 igitur?
1286 2083 1360 2112 audi
1380 2081 1500 2112 niodo:
1534 2081 1723 2112 distinctio-

1033 2144 1074 2165 ne
1102 2138 1233 2164 tantum
1253 2125 1352 2172 *apud
1380 2133 1516 2164 Festum
1545 2137 1725 2171 peccatum

1035 2189 1107 2215 est:
1139 2183 1306 2223 distingue
1336 2183 1408 2213 sic:
1445 2182 1566 2213 Gallico
1592 2183 1727 2213 tumultu

1031 2235 1164 2266 edictum
1185 2237 1243 2274 est,
1260 2233 1412 2272 Legiones
1436 2232 1539 2264 Sutrii
1558 2236 1592 2264 ut
1612 2237 1726 2272 proesto

1032 2288 1142 2320 essent,
1171 2286 1223 2324 ὅγε.
1277 2284 1353 2314 hoc
1383 2288 1454 2313 est:
1493 2287 1530 2314 ut
1560 2283 1727 2322 legiones,

1034 2336 1191 2367 Romanae
1237 2333 1380 2371 scilicet,
1415 2333 1518 2363 Sutrii
1555 2333 1726 2373 adessent,

1033 2394 1154 2425 nempe
1172 2389 1208 2414 ut
1226 2384 1303 2414 inde
1324 2383 1510 2413 Hetruscos
1535 2383 1723 2423 pellerent3

1034 2445 1111 2466 nam
1125 2433 1258 2465 Gallico
1273 2432 1432 2470 tumultu,
1444 2432 1520 2462 dum
1537 2432 1651 2463 Gallos
1664 2433 1725 2463 Ca-

1035 2486 1143 2516 millus
1160 2483 1386 2524 persequitur,
1405 2482 1565 2513 Hetrusci
1577 2483 1725 2514 Sutrium

1036 2536 1247 2574 impugnant,
1272 2533 1421 2573 illudque
1443 2532 1615 2564 deditione
1636 2533 1727 2572 capi-

1037 2590 1122 2617 unt:
1157 2585 1274 2615 eodem
1299 2584 1351 2614 die
1374 2584 1517 2614 Senatus
1550 2583 1727 2615 decretum

1036 2636 1102 2667 sert
1116 2640 1152 2666 ut
1167 2635 1313 2666 Sutrium
1331 2635 1395 2664 iret
1413 2634 1571 2665 Camillus
1588 2643 1662 2665 cum
1679 2635 1724 2664 le-

1038 2687 1202 2728 gionibus,
1217 2686 1280 2716 hoc
1297 2691 1361 2724 est,
1377 2684 1481 2716 Sutrii
1499 2690 1622 2726 praesto
1638 2688 1723 2716 esset
