1876 3025
275 133 360 174 718

724 145 873 175 SEXTI
906 145 1107 176 POMPEII
1142 147 1278 178 FESTI

277 239 424 294 Rapig
456 240 568 281 solet
597 240 689 290 faX,
719 253 806 293 qua
838 240 1102 293 praelucente
1127 254 1243 283 nova
1263 247 1400 297 nupta
1422 244 1614 287 deducta
1636 252 1720 295 est,

335 308 390 348 ab
421 306 645 360 utrisque⁶
676 308 846 356 amicis,
876 320 929 348 ne
963 311 1037 348 aut
1069 321 1185 349 uxor
1212 323 1308 351 eam
1330 312 1410 351 sub
1430 311 1549 353 lecto
1570 312 1650 353 viri
1668 326 1719 353 ea

334 377 465 415 nocte
500 378 649 427 ponat,
684 379 762 415 aut
793 374 859 414 vir
889 374 934 414 in
965 374 1164 427 sepulcro
1195 377 1539 418 comburendam
1580 384 1719 427 curet,

333 454 423 494 quo
443 444 631 495 utroque
652 454 766 482 mors
788 441 1035 495 propinqua
1057 442 1235 483 alterius
1251 443 1390 484 utrius
1404 449 1419 474 7
1451 445 1619 497 captari
1641 458 1720 498 pu-

332 512 463 550 tatur.

276 576 472 618 Rasores
502 575 697 617 fidicines
720 575 840 625 dicti,
863 575 966 629 quia
987 575 1189 617 videntur
1209 575 1395 618 chordas
1416 577 1511 619 ictu
1543 577 1717 631 [PAUL.

331 644 494 685 radere.

277 709 648 764 Rasoresfidicines
670 711 831 766 antiqui
849 709 1136 765 appellabant,
1155 710 1240 765 qui,
1261 718 1307 751 ut
1328 712 1388 752 ait
1413 710 1510 753 Ver·
1556 712 1719 765 [FEST.

334 778 432 829 rius,
449 779 506 819 ita
528 778 723 833 appellati
742 778 955 828 videntur,
986 778 1091 832 quia
1112 777 1253 818 radere
1274 778 1355 819 ictu
1372 777 1539 820 chordas
1554 778 1718 820 videan-

332 853 402 886 tur
418 846 587 888 artificio
603 845 792 901 quodam.

275 912 413 954 Rates
445 917 609 954 vocant
640 912 790 966 tigna8
823 913 1046 965 colligata,
1075 927 1175 968 quae
1210 926 1286 966 per
1318 926 1480 968 aquam
1538 914 1716 968 [PAUL.

331 984 528 1033 aguntur,
558 994 646 1034 quo
678 981 897 1022 vocabulo
924 980 1138 1022 interdum
1159 981 1288 1021 etiam
1311 994 1447 1023 naves
1469 980 1718 1034 significan-

330 1051 412 1088 tur.

276 1112 435 1156 Rate.s¹¹
470 1121 665 1155 vocantur
700 1113 829 1168 tigna,
862 1114 966 1155 inter
998 1128 1036 1154 se
1063 1113 1270 1168 colligata,
1298 1127 1398 1168 quae
1429 1127 1506 1169 per
1553 1114 1717 1167 [FEST.

876 1233 992 1245 eeeeee

997 1233 1113 1246 eeeeee

317 1313 337 1341 6
359 1310 437 1341 Vet.
454 1309 512 1340 lib.
529 1309 764 1350 utriusque.—-7
789 1309 850 1339 Vir
873 1308 966 1341 doct.
982 1309 1015 1340 in
1042 1319 1148 1351 marg.
1174 1309 1230 1342 ed.
1254 1310 1342 1342 Scal.
1359 1311 1447 1350 conj.
1464 1310 1718 1341 alterutrius—S

272 1353 352 1384 Vet.
369 1353 426 1384 lib.
441 1353 538 1392 ligna.

924 1417 1063 1449 NOTAE

272 1491 349 1522 veni
365 1491 397 1522 in
414 1501 529 1523 manus
553 1492 723 1523 Floridam
745 1491 817 1532 ipse
842 1492 969 1532 puellu-

273 1542 338 1571 lam
354 1542 478 1573 Matris
497 1552 515 1573 e
531 1543 659 1582 gremio
676 1552 744 1573 suae
762 1541 892 1572 Dedis.’
918 1542 967 1573 111.

314 1597 330 1618 g
355 1593 454 1633 Καρὶ]
478 1592 588 1623 Aliam
607 1602 740 1623 causam
763 1592 877 1623 reddit
891 1592 967 1622 Ser-

271 1640 356 1680 vius,
375 1642 431 1681 qui
459 1642 566 1673 adhuc
593 1643 677 1673 latet
702 1642 735 1672 in
757 1641 969 1672 Bibliotheca

271 1691 422 1721 Danielis
458 1692 564 1722 nostri
581 1702 588 1722 ι
627 1700 744 1723 FAcns.
802 1692 939 1722 Servius
958 1701 967 1722 :

271 1740 281 1756 ‘
294 1740 396 1780 quae‚’
413 1741 533 1781 inquit,
550 1742 559 1758 ‘
574 1741 684 1772 solent
701 1741 824 1782 praeire
841 1741 968 1772 nuben-

271 1795 322 1821 tes
348 1791 491 1830 puellas,
517 1801 650 1823 corneae
676 1801 755 1823 sane
772 1791 876 1827 faces,
893 1801 967 1831 quae

274 1840 370 1879 quasi
394 1840 582 1872 diutissime
616 1842 773 1872 luceant:
809 1850 891 1882 quas
916 1851 968 1871 ra-

270 1890 379 1928 piunt,
396 1895 554 1931 tanquam
569 1891 646 1922 vitae
661 1890 830 1930 praesidia.
864 1891 968 1921 Nam-

271 1947 336 1977 que
351 1939 399 1969 his
416 1940 566 1979 quisunt
583 1941 696 1980 potiti,
713 1940 839 1971 diutius
856 1939 968 1971 ferun-

272 1991 327 2016 tur
343 1987 491 2020 vixisse!
514 1989 582 2021 Jos.
598 1989 680 2020 Scuz.

315 2037 399 2076 Rapi
422 2039 498 2069 solet
513 2038 593 2079 sax]
619 2039 728 2070 Aliam
745 2049 878 2071 causam
894 2039 968 2070 red-

270 2087 322 2118 dit
358 2088 505 2128 Servius,
538 2097 600 2119 cur
626 2088 715 2126 faces
744 2093 966 2128 raperentur:

272 2136 282 2153 ‘
295 2137 393 2177 quae,'
408 2137 516 2178 inquit
532 2138 600 2177 ille,
616 2142 623 2154 ¹
638 2137 773 2174 solent,'
788 2140 853 2170 &c.
877 2138 967 2169 vide

271 2185 425 2218 ‘facem'
469 2188 569 2220 Quod
600 2188 647 2219 ait
676 2188 807 2223 Festus,
834 2197 875 2218 ea
893 2187 967 2219 face

272 2236 462 2275 combusta,
486 2238 513 2267 si
538 2238 588 2268 vir
606 2247 679 2268 eam
706 2237 967 2268 comburendam

274 2291 422 2321 curaret,
452 2287 564 2317 uxoris
599 2291 741 2317 mortem
774 2286 970 2327 significari,

274 2335 327 2365 vel
344 2335 405 2366 viri
419 2335 533 2375 etiam,
553 2336 579 2366 si
595 2345 669 2366 eam
696 2345 780 2366 uxor
799 2336 861 2367 sub
876 2337 967 2367 lecto

271 2387 334 2417 viri
361 2396 401 2417 ea
425 2391 525 2418 nocte
553 2391 708 2428 poneret,
742 2387 825 2418 illud
852 2388 968 2428 utique

272 2436 314 2466 ab
339 2437 490 2468 Historia
514 2437 680 2477 Meleagri
705 2443 849 2469 sumtum
874 2438 966 2469 vide-

271 2492 337 2525 tur,
352 2488 445 2527 cujus
462 2487 531 2518 vita
554 2496 572 2518 e
595 2486 691 2518 fatali
707 2487 851 2528 quodam
875 2492 967 2519 torre

272 2536 458 2577 pendebat,
475 2537 521 2568 ita
547 2543 583 2568 ut
610 2537 737 2568 tamdiu
755 2537 884 2568 viveret
901 2537 968 2577 ille,

271 2587 430 2627 quamdiu
455 2587 554 2618 torris
571 2587 799 2617 incombustus
817 2596 966 2618 servare-

272 2642 336 2667 tur.
378 2637 446 2668 Sed
463 2638 551 2668 eoin
569 2637 680 2677 ignem
695 2637 851 2676 conjecto
868 2637 915 2668 sic
932 2642 968 2669 et

273 2686 346 2725 ipse
362 2687 488 2727 pariter
504 2692 660 2719 ureretur
680 2693 714 2719 et
733 2693 965 2719 evanesceret.

1023 1492 1103 1523 Vid.
1123 1491 1227 1523 ovid.
1245 1491 1386 1522 Metam.
1413 1490 1469 1522 lib.
1486 1498 1567 1521 vni.
1591 1488 1659 1519 fab.
1686 1493 1717 1519 4.

1021 1542 1055 1572 in
1068 1542 1148 1573 fine.
1171 1543 1250 1573 Dac.

1064 1591 1078 1611 ἢ
1103 1591 1216 1632 Rates]
1241 1592 1337 1623 Rates
1358 1594 1465 1622 vocant
1490 1591 1577 1629 tigna
1593 1589 1717 1628 colliga>

1019 1645 1065 1680 ta,
1079 1652 1148 1682 quoe
1168 1651 1223 1682 per
1248 1651 1358 1682 aquam
1380 1643 1534 1679 aguntur:
1559 1649 1617 1678 quo
1634 1647 1720 1668 voca-

1020 1691 1087 1721 bulo
1103 1691 1259 1721 interdum
1275 1691 1369 1721 etiam
1382 1699 1475 1720 nares
1488 1687 1719 1728 significantur.

1020 1740 1174 1778 Afranius
1189 1741 1222 1771 in
1240 1740 1382 1780 Epistula
1397 1751 1406 1769 .-
1436 1739 1534 1769 Vento
1549 1738 1720 1777 perculsum

1018 1795 1129 1822 ratem.
1167 1791 1242 1822 ilem
1275 1800 1308 1822 eo
1345 1789 1466 1821 nominc
1500 1788 1718 1829 significarunt

1019 1840 1113 1871 etiam
1126 1850 1235 1871 remos.
1266 1840 1379 1871 Attius
1394 1840 1426 1869 z'u
1442 1839 1656 1878 Neoptolemo.-
1673 1841 1721 1868 at-

1019 1900 1076 1930 que
1099 1900 1156 1928 ego
1178 1890 1349 1930 repercuti«)
1365 1889 1485 1919 ratibus
1500 1897 1596 1919 mure.
1612 1891 1641 1918 ct
1658 1887 1720 1917 ulio

1019 1940 1104 1969 loco:
1130 1940 1192 1981 Sed
1209 1939 1280 1977 jum
1300 1938 1476 1979 propellunt
1507 1941 1590 1968 rates
1611 1938 1719 1967 salum.

1020 1989 1130 2020 Recte
1169 1998 1279 2019 remos
1317 1993 1406 2019 rates
1449 1989 1496 2018 ait
1536 1987 1720 2027 appellatos

1020 2042 1162 2079 propter
1177 2037 1442 2068 similitudinem.
1467 2038 1554 2068 Nam
1571 2037 1651 2067 remi
1667 2046 1719 2066 su-

1021 2097 1082 2128 per
1108 2096 1227 2128 aquam
1249 2088 1373 2119 sublati
1399 2098 1417 2117 a
1442 2086 1623 2127 remigibus
1647 2096 1718 2117 eam

1020 2136 1342 2178 speciemreferunt.
1368 2138 1557 2177 Propterea
1568 2143 1601 2167 et
1611 2137 1717 2175 ταρσοὶ

1021 2198 1040 2219 a
1056 2188 1187 2219 Graecis
1200 2197 1265 2218 uon
1278 2188 1383 2218 solum
1396 2192 1498 2226 rates,
1513 2197 1570 2218 seu
1585 2187 1717 2226 σχεδίαι,

1020 2238 1079 2269 scd
1096 2242 1131 2269 et
1150 2237 1232 2268 remi
1259 2237 1323 2277 ipsi
1351 2237 1520 2268 dicuntur.
1565 2237 1693 2268 Glossa=
1711 2248 1716 2266 t

1020 2289 1029 2304 ‘
1043 2288 1153 2327 Ratis,
1168 2286 1303 2327 ταρσός.’
1341 2287 1437 2317 Idem
1457 2295 1561 2327 prope
1579 2287 1716 2317 inuuere

1019 2337 1155 2368 videtur
1170 2338 1278 2367 Varro
1299 2337 1386 2368 libro
1410 2342 1506 2368 sexto
1524 2337 1564 2367 ad
1583 2338 1715 2368 Cicero-

1019 2397 1095 2419 nem
1113 2387 1154 2418 de
1174 2388 1294 2418 Latino
1312 2396 1464 2418 sermone
1480 2397 1487 2416 :
1507 2387 1563 2417 sed
1578 2396 1653 2417 cum
1670 2388 1715 2418 Ιο-

1020 2447 1079 2469 cus
1097 2447 1159 2468 non
1177 2438 1283 2468 solum
1297 2442 1490 2477 corruptus,
1504 2435 1562 2467 sed
1579 2446 1716 2467 mancus

1019 2488 1074 2527 sit,
1087 2492 1125 2519 ut
1137 2488 1216 2519 olim
1233 2487 1464 2525 indicavimus,
1478 2488 1523 2518 ita
1535 2491 1569 2517 et
1580 2487 1714 2517 restitu-

1019 2547 1124 2571 emus,
1142 2541 1177 2568 et
1201 2537 1430 2577 supplebimus
1453 2546 1494 2567 cx
1517 2535 1715 2576 fragmentis

1018 2588 1201 2627 Servianis,
1218 2597 1291 2628 quae
1309 2592 1387 2618 sunt
1404 2597 1507 2627 penes
1536 2586 1715 2617 Danielem

1020 2643 1194 2669 nostrum:
1218 2637 1357 2667 “Ratis
1381 2637 1473 2668 dicta
1498 2636 1592 2666 navis
1617 2636 1714 2674 longa

1020 2692 1160 2729 propter
1177 2696 1305 2719 remos:
1332 2687 1419 2728 qnod
1434 2686 1465 2717 hi
1482 2695 1584 2726 supra
1597 2694 1712 2726 aquam
