1876 3025
255 123 341 165 744
716 131 863 162 sexu
900 129 1102 160 POMPEH
1136 128 1273 160 FESTJ.

314 233 449 269 summ
475 231 554 278 est,
576 240 661 267 non
688 227 832 281 utique
854 238 1015 265 sacrum
1036 230 1092 264 est
1112 231 1158 265 ut
1177 222 1374 278 sepulcra,
1397 222 1515 278 quod
1537 235 1592 264 ea
1612 236 1694 265 non

311 309 443 345 sacra,
465 294 741 349 sedweligiosa
766 308 840 333 sun
867 300 897 332 t.

259 362 515 415 Religiosus
533 367 549 383 ¹¹
564 366 632 403 est
652 375 734 402 non
750 360 883 401 modo
907 360 1101 400 Deorum
1117 358 1393 400 sanctitatem
1414 356 1558 410 magni
1575 358 1698 398 aesti-

312 442 454 479 mans,
475 428 552 470 sed
572 429 698 469 etiam
716 427 942 469 officiosus
961 426 1171 466 adversus
1187 425 1394 466 hemines.
1426 425 1536 465 Dies
1555 428 1696 464 autem

309 496 516 549 religiosi,
545 497 721 550 quibus,
755 495 840 536 nisi
872 494 991 547 quod
1030 505 1214 534 necesse
1247 497 1330 541 est,
1362 492 1485 532 nefas
1512 491 1696 531 habetur

307 564 479 606 facere:
511 564 666 618 quales
687 566 789 604 sunt
809 575 889 604 sex
908 565 950 602 et
969 561 1143 614 triginta
1173 560 1270 609 atri,
1303 560 1378 614 qui
1400 560 1693 612 appellantur,

307 635 352 671 et
391 629 655 679 Alliensis‚¹0
684 635 816 683 atque
858 629 906 678 ii,
949 628 1111 682 quibus
1149 626 1335 667 mundus
1371 631 1509 679 patet.
1567 625 1694 675 Esse,

306 697 466 737 Gallus
481 696 642 745 AElius,
664 695 780 749 quod
801 695 967 736 homini
986 695 1048 736 ita
1064 694 1208 735 facere
1227 706 1314 734 non
1338 693 1498 734 liceat:
1521 698 1570 733 ut
1588 693 1626 733 si
1647 692 1693 732 id

305 764 455 814 faeiat,
477 769 629 805 contra
650 764 887 804 Deorum¹¹
909 763 1184 804 voluntatem
1209 761 1409 802 videatur
1429 758 1588 806 faeere,
1605 772 1693 813 quo

304 831 349 872 in
369 845 521 883 genere
543 836 648 872 sunt
666 831 763 873 haec
781 845 791 873 ;
813 831 857 872 in
879 831 1017 872 aedem
1040 831 1179 871 Bonae
1199 829 1310 870 Deae
1332 829 1470 869 virum
1491 828 1692 868 introire:

307 899 519 940 adversus
537 899 725 954 mystica
746 903 777 922 ¹2
799 899 938 951 legem
961 897 1018 939 ad
1037 897 1251 951 populum
1272 896 1407 940 ferre:
1433 895 1502 936 die
1524 894 1692 936 nefasto

304 966 422 1019 apud
456 966 692 1008 Praetorem
733 967 826 1020 lege
860 979 999 1019 agere.
1067 965 1189 1006 Inter
1228 976 1403 1006 sacrum
1445 967 1612 1013 autem,
1647 966 1693 1003 et

304 1037 516 1084 sanctum,
558 1039 601 1076 et
639 1035 915 1088 religiosum⁰
961 1033 1232 1074 differentias
1269 1031 1511 1072 bellissime
1546 1029 1692 1072 refert.

850 1141 1086 1153 ee‘eeeeaeeoaee

286 1210 306 1238 9
331 1206 413 1237 Ead.
430 1205 483 1236 ed.
497 1211 505 1225 ‘
525 1216 587 1238 non
602 1208 708 1247 utique
733 1218 853 1238 sacrvm
881 1205 954 1239 est?
976 1212 1011 1238 ut
1032 1208 1190 1247 sepulchra
1206 1205 1293 1247 quod
1313 1215 1353 1237 ea
1369 1214 1434 1235 non
1457 1213 1545 1235 sacra
1568 1204 1621 1234 sed
1642 1214 1691 1234 re-

249 1250 359 1288 ligiosa
371 1252 462 1280 sunt.'
483 1251 492 1266 ‘
509 1250 581 1280 Non
597 1251 701 1290 utique
715 1261 835 1281 sacrum
849 1255 906 1288 est,
921 1254 956 1281 ut
970 1252 1129 1291 sepulcra:
1153 1251 1231 1290 quod
1247 1260 1283 1279 ea
1299 1258 1357 1279 ηοη
1371 1257 1468 1287 sucro,
1480 1248 1532 1277 sed
1545 1246 1690 1284 religiosa

247 1296 331 1322 sunt.
376 1292 432 1322 Sic
452 1292 543 1322 Festi
557 1293 661 1323 verba
682 1294 795 1324 sarciri
821 1293 983 1333 possunt!
1008 1294 1084 1324 Aut.
1100 1293 1270 1331 Augu—10
1295 1292 1371 1321 Vet.
1388 1289 1690 1321 eod.ali1·senes,—

247 1337 284 1365 ll
311 1336 319 1351 ‘
337 1335 426 1372 Lege
441 1344 448 1364 :
479 1335 564 1371 Esse,
582 1336 693 1366 Gallus
708 1336 820 1371 AElhcs,
837 1337 915 1375 quod
931 1336 1046 1366 homini
1062 1336 1105 1366 ihi
1120 1335 1229 1373 facere
1240 1344 1300 1365 non
1315 1334 1416 1370 liceat,
1430 1336 1483 1363 aut
1493 1332 1521 1362 si
1536 1332 1691 1369 associat,

243 1380 351 1407 contra
366 1377 516 1415 Deorum,
528 1379 580 1415 ὅγε.
623 1378 679 1408 Sic
697 1377 795 1412 infra,
812 1380 874 1409 &a
906 1379 970 1409 Vel
989 1379 1099 1418 potius
1114 1377 1242 1408 excidit
1258 1387 1321 1406 vox
1338 1375 1526 1414 religiosum,
1546 1384 1618 1414 quae
1639 1375 1688 1404 sie

245 1419 433 1459 supplenda
448 1430 454 1448 :
482 1420 671 1459 Religiosum
694 1430 756 1451 esse
772 1421 883 1452 Gallus
906 1422 1007 1452 AElins
1028 1422 1105 1461 quod
1121 1419 1237 1451 homini
1262 1420 1308 1449 ita
1322 1418 1429 1455 fucere
1444 1427 1504 1448 non
1520 1417 1622 1457 liceat,
1635 1420 1689 1447 aut

244 1463 284 1502 si,
300 1461 364 1502 &cl
388 1462 557 1493 Dac.—l2
581 1463 662 1494 Vet.
678 1463 752 1495 cod.
769 1464 931 1504 mysticiae.
976 1465 1064 1496 Dae.
1083 1462 1261 1504 legendum
1278 1465 1390 1492 monet
1404 1460 1552 1500 auspicia.

898 1570 1038 1603 NOTAE

1036 1634 1230 1674 Religiosus]
1247 1633 1314 1664 Sex
1330 1636 1365 1663 et
1381 1630 1521 1671 triginta
1537 1628 1599 1660 atri
1617 1628 1687 1659 dies

287 1637 308 1652 “¹
331 1632 376 1664 At
392 1635 469 1673 quod
490 1644 546 1674 per·
563 1644 596 1665 se
611 1635 805 1676 religiosum]
838 1635 938 1675 Opu-

993 1685 1078 1715 terni
1103 1689 1181 1714 sunt
1203 1683 1342 1723 singulis
1364 1680 1544 1718 mensibus,
1567 1678 1688 1720 postri-

246 1692 320 1714 me:
338 1685 494 1724 sepulcra
507 1686 594 1716 enim
608 1695 673 1716 non
683 1686 938 1717 consecratione

246 1739 280 1763 et
311 1734 420 1765 verbis
459 1735 663 1775 solennibus,
690 1735 749 1766 sed
784 1736 937 1767 illatione

242 1789 448 1815 mortuorum
487 1785 641 1824 religiosa
689 1784 934 1817 efficiebantur.

242 1833 341 1864 Unde
357 1843 463 1874 neque
486 1835 573 1864 arari
601 1844 641 1865 ea
662 1844 771 1875 neque
796 1835 860 1866 coli
879 1835 936 1875 jus

241 1881 346 1914 fnisse
363 1883 463 1915 docet
481 1885 590 1915 Cicer.
608 1894 646 1915 ιι.
661 1884 703 1915 de
722 1886 785 1925 leg.
802 1891 809 1903 ¹
822 1885 937 1915 Prius-

243 1944 341 1974 quam
365 1935 398 1964 in
422 1945 457 1965 os
481 1935 604 1974 injecta
629 1935 728 1974 gleba
752 1941 817 1975 est,
845 1936 936 1966 locus

242 1984 310 2023 ille,
339 1985 393 2015 ubi
416 1990 601 2016 crematum
630 1991 682 2017 est
705 1986 936 2026 corpus,uilni1

241 2035 346 2065 habet
376 2036 559 2075 religionis,
588 2036 715 2076 injecta
743 2036 841 2075 gleba
865 2041 935 2066 tum

242 2091 277 2117 et
292 2086 348 2117 ille
364 2087 519 2118 humatus
543 2091 607 2126 est,
624 2091 658 2118 et
673 2088 863 2127 sepulcrum
880 2096 935 2117 vo·

242 2142 350 2176 catur,
368 2147 406 2168 ae
423 2141 502 2168 tunc
519 2137 665 2178 denique
682 2137 788 2168 multa
804 2137 935 2177 religio-

242 2187 367 2227 sajura
384 2186 646 2226 complectitur.’
669 2187 766 2218 Idem.

284 2241 298 2256 ¹¹
316 2236 508 2276 Religiosus]
527 2236 607 2267 Dies
624 2239 676 2267 36.
693 2237 757 2268 atri
770 2243 848 2268 sunt
865 2241 933 2268 ter-

241 2287 274 2317 ni
292 2286 431 2327 singulis
455 2287 644 2317 mensibus:
670 2287 832 2328 postridie
855 2288 934 2319 Kal.

241 2337 369 2375 Nonas,
400 2336 493 2367 Idus.
541 2338 594 2368 De
622 2337 741 2378 quibus
770 2339 834 2370 alio
860 2339 933 2369 loco

240 2386 372 2417 Festus.
418 2386 564 2416 Mundus
591 2396 670 2417 vero
698 2392 751 2418 ter
783 2388 816 2418 iu
847 2398 933 2419 anno

241 2441 350 2477 patet,
366 2436 428 2467 hoc
445 2440 508 2476 est,
525 2439 555 2468 9.
572 2437 649 2468 Kal.
662 2438 758 2478 Sept.
770 2439 934 2478 postridie

240 2486 451 2524 Volcanalia‚
468 2491 503 2517 et
521 2489 552 2517 3.
578 2486 666 2519 Non.
690 2487 816 2519 Octob.
844 2495 876 2519 et
900 2492 932 2520 6.

239 2537 293 2567 Id.
311 2536 476 2567 Novemb.
500 2536 510 2553 ‘
524 2536 680 2568 Alliensis
705 2537 776 2568 dies
789 2537 796 2549 '
816 2539 933 2578 postri-

240 2587 294 2617 die
322 2585 402 2617 Idus
424 2585 628 2619 Quinctiles.
671 2586 816 2617 Vidend.
844 2588 933 2618 Gell.

239 2637 298 2666 lib.
327 2645 358 2666 v.
382 2646 458 2677 cap.
485 2638 536 2668 17.
559 2636 665 2668 Macr.
682 2636 741 2668 lib.
756 2646 780 2669 1.
796 2637 930 2669 Saturn.

241 2688 318 2719 Ant.
334 2687 417 2725 Aug.

991 1734 1045 1764 die
1070 1733 1253 1772 Kalendas,
1273 1733 1398 1770 Nonas,
1415 1735 1449 1761 et
1466 1730 1560 1760 Idus.
1584 1726 1686 1760 Ovid.

992 1793 1015 1816 1.
1032 1784 1189 1816 Fast.ubi
1201 1783 1243 1814 de
1253 1781 1431 1821 Kalendis,
1443 1778 1687 1818 Nonis,etldi-

992 1834 1063 1866 bus.
1086 1839 1093 1851 ‘
1110 1833 1275 1865 Omnibus
1301 1833 1371 1863 istis
1388 1832 1443 1862 Ne
1461 1829 1592 1868 fallare,
1614 1829 1684 1859 (nes

991 1884 1164 1923 proximus
1181 1888 1256 1914 ater
1269 1883 1346 1913 erit.
1377 1882 1488 1912 Omen
1502 1881 1543 1911 ab
1560 1884 1685 1910 eventu

991 1939 1060 1964 est:
1096 1933 1168 1964 Illis
1192 1942 1265 1963 nam
1287 1933 1394 1963 Roma
1416 1930 1534 1961 diebus
1552 1930 1685 1960 Damna

990 1983 1050 2013 sul)
1067 1978 1210 2013 adverso
1227 1981 1335 2012 tristia
1352 1981 1463 2011 Marte
1478 1976 1576 2010 tulit!
1597 1978 1683 2009 Vide

989 2034 999 2050 ⁶
1013 2031 1183 2063 Mundus.'
1207 2032 1284 2062 Dae.

1032 2087 1046 2101 0
1071 2082 1157 2112 Inter
1171 2091 1290 2112 sacrum
1301 2083 1415 2115 (uitem,
1425 2083 1454 2110 et
1469 2089 1552 2110 sanc.
1568 2083 1597 2110 et
1610 2079 1682 2119 rel]

991 2132 1122 2163 Sacrum
1145 2137 1210 2170 est,
1227 2130 1316 2171 quod
1336 2132 1409 2161 Deo
1427 2135 1460 2160 et
1483 2130 1555 2170 ejus
1577 2131 1683 2160 cultui

990 2183 1122 2223 publice
1163 2186 1409 2216 consecratum,
1438 2179 1587 2211 dicatum
1619 2186 1682 2215 est,

987 2234 1037 2265 uti
1061 2233 1164 2272 aedes,
1187 2242 1267 2270 araz,
1293 2232 1428 2266 sacella,
1446 2235 1480 2261 et
1506 2231 1683 2270 ejusmodi.

989 2284 1076 2315 Nam
1097 2283 1168 2313 loca
1191 2282 1261 2316 illa,
1277 2281 1331 2312 ubi
1356 2281 1481 2321 privati
1505 2290 1597 2311 sacra
1622 2290 1681 2311 sua

989 2338 1164 2374 peragunt,
1186 2341 1254 2362 non
1278 2336 1355 2362 sunt
1379 2340 1485 2369 sacra,
1503 2331 1580 2370 quia
1597 2331 1681 2370 pub-

987 2386 1084 2416 licam
1101 2383 1295 2422 religionem
1310 2391 1373 2412 non
1390 2386 1559 2421 spectant.
1582 2382 1679 2412 Sanc-

986 2439 1064 2472 tum,
1080 2433 1166 2475 quod
1184 2443 1225 2464 ne
1250 2432 1323 2472 quis
1341 2431 1457 2472 violet,
1474 2432 1587 2472 capite
1605 2441 1682 2462 san-

987 2486 1091 2516 citum
1130 2489 1193 2519 est,
1223 2482 1342 2513 nullius
1381 2487 1493 2513 tamen
1527 2482 1678 2512 Deorum

988 2535 1183 2576 proprinm;
1228 2534 1278 2564 uti
1316 2538 1391 2564 sunt
1429 2533 1525 2567 muri,
1556 2539 1679 2573 portae,

986 2587 1114 2626 aliaque
1134 2584 1302 2619 nonnulla,
1325 2583 1445 2624 quibus
1470 2583 1603 2614 violatis
1626 2593 1676 2613 so-

985 2636 1101 2667 lebant
1131 2635 1260 2666 consuli
1292 2633 1488 2664 Pontifices.
1535 2632 1675 2671 Religio-

984 2697 1061 2727 snm,
1077 2685 1131 2718 ubi
1149 2685 1228 2727 quid
1253 2685 1295 2716 sit
1317 2684 1404 2726 quod
1422 2683 1609 2715 hominibus
1626 2681 1674 2714 fa-
