1876 3025
375 160 436 190 Du
471 156 745 188 vssussolzuiu
779 153 1187 185 SlGNlFchTIONE
1222 154 1317 183 Lm.
1351 154 1459 184 xiv.
1549 144 1634 186 6213

231 254 404 308 ponitur
416 253 519 294 alias
533 267 608 307 pro
619 248 1117 306 privandifacultate‚ut,
1132 248 1174 289 in
1188 246 1637 303 propudio,prohiben-

239 321 304 372 do,
319 321 417 377 quia
435 328 649 376 utrumque
672 319 813 360 abnuit
834 319 875 359 in
893 317 954 358 his
974 332 1051 359 esse
1069 316 1278 371 pudorem,
1298 323 1609 372 potestatemque
1623 333 1635 356 .-

240 388 346 430 alias
366 389 483 431 aliud
497 402 575 444 pro
592 389 692 434 alio,
710 394 770 439 ut,
784 402 862 442 pro
872 386 1062 442 pecunia,
1076 399 1155 440 pro
1170 385 1344 439 praedio,
1362 399 1439 439 pro
1456 384 1635 426 consule:

238 459 351 500 alias
382 471 463 512 pro
486 456 771 507 admiratione,
793 462 853 506 ut,
878 468 957 510 pro
979 453 1162 509 Jupiter.

241 525 351 581 ippo,
371 541 445 581 pro
469 524 652 580 Jupiter.

242 608 374 636 manu
393 593 585 634 omnium.

244 663 432 704 Plautus
460 663 505 702 in
527 658 735 702 Condalio

1225 452 1374 494 Accius
1392 453 1438 494 in
1461 452 1637 495 Melan-

243 730 346 771 altas
370 744 448 784 pro
465 735 571 778 ante,
592 734 652 778 ut,
672 742 746 781 pro
767 728 898 778 ostio,
920 727 1032 769 alias
1045 741 1121 781 pro
1144 725 1203 776 in,
1225 733 1269 767 ut
1286 724 1454 767 dicimus
1470 726 1643 782 promit-

248 806 330 839 tere
350 798 539 846 barbam,
560 801 604 837 et
619 795 843 849 capillum.

190 867 280 908 Pro
315 879 451 907 censu
488 864 649 906 classis
678 863 944 904 JuniorumS
980 861 1076 904 Ser.
1106 862 1282 903 Tullius
1320 876 1424 904 cum
1457 861 1575 904 dixit
1602 865 1648 904 in

245 934 543 988 descriptione
563 932 868 981 centuriarum,
893 931 1038 985 accipi
1061 931 1222 972 debet
1210 944 1254 971 m
1271 943 1419 980 censu,
1437 934 1484 971 ut
1501 931 1562 972 ait
1579 930 1645 971 M.

246 1003 389 1044 Varro
409 1003 454 1042 in
480 1002 590 1042 libro
618 1004 749 1040 sexto
777 1012 920 1040 rerum
950 998 1265 1040 humanarum:
1297 999 1428 1040 sicuti
1450 1011 1526 1051 pro
1552 998 1649 1039 aede

249 1071 463 1119 Castoris,
487 1083 567 1123 pro
589 1068 814 1116 tribunali,
836 1080 915 1121 pro
937 1067 1204 1107 testimonio.

191 1139 281 1181 Pro
301 1138 515 1193 scapulist
546 1150 649 1178 cum
671 1137 779 1177 dicit
795 1141 828 1167 ¹⁷
860 1134 989 1185 Cato,
1010 1135 1227 1187 significat
1257 1146 1335 1188 pro
1371 1133 1534 1187 injuria
1556 1145 1654 1174 ver-

250 1209 396 1248 berum
417 1220 427 1247 :
454 1219 556 1246 nam
579 1205 826 1258 complures
848 1204 970 1256 leges
999 1206 1120 1243 eraut
1148 1203 1192 1243 in
1214 1202 1335 1242 cives
1355 1206 1535 1254 rogatae,
1559 1202 1655 1254 qui-

250 1276 336 1315 bus
357 1275 639 1315 sanciebatur
661 1286 795 1326 poena
815 1265 1046 1313 verberum
1067 1285 1076 1310 z
1107 1271 1175 1311 his
1203 1268 1422 1322 significat
1445 1269 1656 1322 prohibu-

251 1342 341 1383 isse
359 1342 516 1383 multos
539 1354 647 1382 suos
670 1340 782 1382 civis
804 1340 850 1380 in
878 1353 932 1381 ea
955 1339 1170 1388 oratione,
1193 1351 1292 1391 quae
1315 1341 1384 1378 est
1404 1342 1555 1378 contra
1592 1335 1655 1376 M.

253 1409 472 1451 Coelium:
504 1409 553 1449 Si
587 1422 656 1449 em
694 1406 947 1461 percussi‚¹⁸
990 1419 1110 1460 saepe
1135 1404 1368 1446 incolumis
1392 1405 1513 1444 abii:

1546 1417 1659 1458 prae-

254 1483 376 1518 terea
405 1489 484 1530 pro
505 1476 746 1529 republica,
778 1489 857 1529 pro
889 1475 1102 1529 scapulis,
1134 1478 1271 1527 atque
1294 1472 1451 1513 aerario
1472 1472 1656 1513 multum

256 1544 449 1597 Reipub.
472 1543 648 1597 profuit.

200 1612 289 1653 Pro
307 1611 503 1665 scapulis
526 1624 628 1653 cum
648 1609 762 1652 dixit
785 1609 911 1660 Cato,
933 1609 1215 1663 significavit,
1240 1586 1320 1662 pro
1343 1608 1456 1662 inju-
1481 1607 1659 1658 [PAUL.

258 1680 323 1720 ria
344 1680 587 1720 verberum.

810 1795 948 1806 eeeeeee

952 1794 1049 1806 eeeee

246 1887 286 1916 17
313 1882 374 1914 Ed.
388 1882 474 1913 Scal.
491 1882 672 1914 dixit.—-lS
699 1881 898 1923 Legendum
911 1884 1051 1912 monent
1066 1879 1156 1911 Scal.
1176 1878 1264 1910 Dae.
1281 1878 1397 1911 hostem
1409 1880 1560 1920 percussi.
1595 1881 1665 1913 Pro

202 1926 322 1969 profuit
338 1926 419 1966 legit
434 1930 470 1957 et
487 1925 571 1956 Dae.
584 1924 700 1965 profui.

860 2023 1001 2057 NOTAE

205 2105 379 2146 superiora
404 2097 618 2138 sunt‘Pauli,
637 2102 730 2134 Festi
757 2111 831 2142 quae
857 2109 907 2130 se·

209 2163 371 2198 quoium,
386 2157 444 2188 sed
464 2158 511 2188 ita
528 2155 737 2196 supplenda:
764 2154 829 2184 Pro
844 2154 908 2191 sig-

208 2207 315 2248 nificat
329 2207 375 2245 in,
385 2211 419 2238 ut
433 2217 490 2247 pro
500 2207 623 2245 rostris,
633 2215 688 2245 pro
698 2206 775 2243 (ede,
784 2213 839 2243 pro
851 2203 910 2233 tri-

207 2257 311 2288 bunali
321 2269 331 2288 .-
354 2257 387 2288 in
401 2257 619 2297 compositione
630 2256 768 2296 ponitur,
783 2256 832 2294 &1:-
867 2254 909 2284 In

207 2307 282 2342 illis,
304 2317 360 2348 pro
382 2309 458 2347 oecle,
479 2306 610 2338 fallitur
633 2307 774 2344 Festus;
799 2313 909 2345 neque

208 2357 297 2387 enim
316 2357 360 2388 ibi
374 2368 430 2397 pro
442 2356 611 2397 significat
627 2356 674 2395 in,
691 2356 749 2386 sed
768 2359 853 2394 onte,
872 2360 910 2385 ut

208 2407 297 2438 infra
312 2408 321 2424 ‘
341 2418 401 2449 pro
428 2407 539 2439 ostio?

210 2457 269 2488 lib.
287 2466 337 2489 xx.
353 2467 430 2498 cap.
446 2461 477 2489 3.
493 2458 575 2489 Dae.

257 2512 268 2526 ³
285 2508 348 2538 Pro
363 2517 452 2539 censu
467 2508 572 2539 classis
584 2508 611 2538 J
612 2506 769 2545 aniorum]
788 2505 828 2536 Id
846 2508 911 2543 est,

213 2556 247 2586 ’ἰη
263 2567 353 2589 censu
369 2570 378 2588 .·
404 2562 440 2589 et
464 2559 538 2589 haec
564 2559 665 2589 Tullii
692 2558 781 2598 regis
810 2556 914 2586 verba

214 2607 436 2648 intelligenda
454 2608 496 2639 de
524 2608 769 2639 distributione
795 2612 913 2637 centu-

583 2407 649 2438 Sed
666 2407 743 2438 vide
760 2406 908 2437 Gellium

964 2095 1147 2135 nonaginta
1164 2098 1233 2125 tres
1252 2093 1424 2124 centurias
1449 2089 1566 2122 divisit
1588 2089 1667 2120 Tul-

963 2146 1037 2176 lius.
1085 2145 1172 2175 Vide
1184 2144 1384 2184 Dionysium
1402 2143 1459 2173 lib.
1477 2150 1528 2172 ιν.
1544 2145 1578 2171 et
1595 2139 1669 2170 Liv.

964 2196 1020 2226 lib.
1049 2203 1074 2226 1.
1106 2195 1205 2225 Tullii
1239 2194 1418 2225 verborum
1448 2200 1589 2222 sensus:
1628 2189 1669 2219 Iu

965 2256 1067 2277 censu
1096 2245 1214 2276 classis
1229 2244 1401 2284 juniorum
1419 2241 1583 2273 centuriae
1601 2239 1671 2270 siut

966 2298 1121 2332 totidem,
1136 2299 1199 2328 Sec.
1227 2297 1324 2326 [tlem-

1008 2350 1016 2369 ‘
1040 2349 1104 2379 Pro
1120 2348 1269 2388 scapulis]
1306 2348 1344 2378 Iu
1376 2346 1489 2377 verbis
1516 2343 1671 2383 Catonis,

964 2401 1000 2432 Si
1015 2412 1062 2432 em
1084 2400 1231 2438 percussi,
1255 2399 1438 2439 legendum
1465 2398 1581 2427 hostem
1603 2405 1673 2435 per-

965 2454 1055 2484 cassiv
1087 2453 1130 2483 Et
1149 2453 1179 2482 id
1200 2452 1291 2492 prior
1307 2451 1389 2481 vidit
1405 2450 1570 2488 Scaliger.
1606 2448 1671 2477 lta-

966 2505 1014 2535 t'io
1042 2503 1139 2543 hujus
1169 2502 1373 2541 corruptelae
1400 2505 1464 2539 est,
1488 2498 1574 2539 quod
1593 2506 1669 2527 cum

968 2555 1097 2595 priores
1115 2553 1189 2583 duae
1218 2553 1325 2582 litera:
1354 2552 1391 2580 ho
1424 2553 1454 2580 iu
1484 2548 1671 2586 exemplari

967 2615 1033 2636 nou
1050 2607 1274 2644 apparerent,
1291 2612 1332 2632 ex
1361 2600 1497 2640 reliquis
1514 2602 1588 2628 stem
1607 2597 1674 2626 dis-

215 2658 341 2688 riarum
358 2657 390 2688 in
411 2657 562 2698 qualibet
587 2659 708 2689 classe.
751 2657 837 2687 Nam
855 2665 914 2686 sex
961 2656 1091 2695 junctis
1107 2654 1221 2685 fecere
1238 2654 1264 2684 si
1278 2663 1335 2685 em.
1364 2652 1434 2684 Pro
1449 2649 1582 2691 proficit,
1595 2649 1671 2688 lege

216 2709 333 2750 populi
352 2708 491 2740 Romani
508 2709 631 2741 classes
660 2710 693 2740 iu
721 2713 855 2740 centum
881 2711 915 2737 et

966 2705 1082 2745 profui.
1108 2705 1218 2736 Idem.
