1876 3025
295 188 357 216 DE
394 184 665 215 VERBORUM

701 180 1112 214 SlGNIFlCA'l'IONE
1147 180 1241 210 LIB.
1278 180 1408 209 XVII.

1494 168 1580 210 853

186 282 296 324 locis
327 281 550 323 faciebant
580 279 863 329 sacrificium,
883 277 1069 327 Palatio,
1086 276 1234 327 Velia,
1258 273 1476 328 Fagutali‚
1499 274 1580 315 Su-

184 351 308 399 bura,
330 349 549 398 Cermalo,
573 348 735 398 Coelio,
757 347 923 401 Oppio,
945 349 988 388 et
1002 345 1172 399 Cispio.

132 416 443 472 Septimontium
464 415 547 456 dies
567 417 808 469 appellatur
824 428 974 456 mense
991 411 1221 463 Decembri,
1236 411 1307 466 quz'
1327 410 1387 450 di·
1417 409 1474 463 [F
1482 418 1581 449 EST.

185 485 292 526 citur
312 485 355 526 in
378 483 525 525 Fastis
547 483 785 536 Agonalia,
817 481 927 537 quod
955 496 1001 522 ea
1033 480 1097 522 die
1126 480 1169 520 in
1199 486 1345 533 septem
1365 478 1580 519 montibus

183 552 294 593 fiunt
320 549 746 604 sacrficiu‚·Palutio‚
769 547 899 600 Velia,
916 549 1136 604 FagutaH,
1159 549 1349 598 Subura,
1376 544 1580 595 Cermalo,

189 618 331 670 Caelio,
358 617 480 673 Opz'O,
503 618 676 673 Cispio.

131 687 409 743 Sepulchrum
426 692 442 709 ⁰
464 690 546 737 est,
568 690 615 727 ut
650 686 710 727 ait
731 684 893 727 Gallus
914 683 1069 736 AElz'us,
1104 683 1149 725 in
1173 696 1252 740 quo
1287 685 1486 724 mortuus
1515 692 1583 720 se-

184 756 335 809 pultus
357 760 438 805 est,
461 754 583 809 quod
615 752 780 808 antiqui
799 751 958 793 bustum
975 751 1277 807 appellabant:
1309 750 1465 802 hisque
1487 748 1582 801 cip-

183 825 269 877 piS,
293 828 369 865 aut
392 824 539 877 aliqua
560 820 644 862 alia
667 835 724 871 re,
750 821 903 862 mortui
925 833 1064 862 causa
1084 820 1336 874 designatus
1370 820 1435 858 est
1465 816 1580 856 intra

182 906 279 947 quos
297 891 512 946 sepultura
531 893 601 931 est
621 888 756 930 facta.

780 1007 921 1040 NOTAE

124 1098 274 1121 mensem
292 1088 518 1120 Decembrem
534 1086 746 1126 incidebant,
766 1095 824 1127 po-

125 1140 175 1171 nit
196 1144 231 1171 et
255 1139 346 1170 inter
370 1148 410 1169 ea
433 1137 687 1179 Septimontium.
733 1136 824 1177 Ago-

124 1191 215 1221 nalia
243 1199 323 1221 vero
351 1189 470 1220 eodem
497 1198 609 1220 mense
632 1191 730 1220 erant
748 1196 825 1228 pro-

124 1242 234 1282 pridie
263 1241 345 1272 Idus
369 1240 593 1280 Decembres,
617 1239 683 1270 alia
702 1238 744 1270 ab
761 1238 825 1269 illis

124 1291 346 1333 Agonalibus,
364 1301 439 1332 quae
457 1295 577 1322 notant
596 1290 685 1321 Fasti
707 1297 825 1321 mense

122 1342 299 1374 Januario.
323 1341 399 1372 Hoc
418 1346 548 1372 tantum
565 1341 722 1379 interest,
735 1337 825 1380 quod

124 1392 291 1433 Agonalia
300 1392 368 1423 sint
379 1396 458 1423 ante
470 1391 721 1430 Larentinalia3
740 1391 826 1421 Var-

122 1453 160 1475 ro
175 1453 254 1475 vero
267 1442 531 1484 Septimontium
547 1447 651 1483 ponat
669 1446 747 1483 post
762 1442 824 1472 La-

123 1494 314 1525 rentinalia.
361 1494 416 1524 De
431 1492 660 1534 Septimontio
673 1492 776 1523 habes
789 1496 826 1523 et

122 1544 211 1585 apud
228 1543 473 1575 Tertullianum
498 1543 584 1573 libro
607 1541 649 1572 de
674 1542 823 1573 Idolola-

122 1596 211 1626 tria:
237 1597 245 1612 ‘
264 1595 377 1626 Etiam
404 1599 528 1625 streuae
560 1593 755 1634 captandae,
790 1597 825 1624 et

123 1646 397 1686 Septimontium,
431 1649 466 1676 et
498 1645 639 1683 bruma‘,
670 1648 706 1675 et
734 1653 823 1675 carae

122 1696 333 1737 cognationis
356 1696 535 1727 honoraria
551 1694 720 1735 exigenda
742 1696 823 1725 omi-

121 1746 206 1777 na:’
231 1755 273 1777 ex
303 1746 423 1787 quibus
449 1750 596 1786 apparet
618 1754 684 1775 non
715 1745 822 1775 solum

121 1805 238 1828 mense
265 1794 448 1827 Decembri
476 1794 591 1831 fuisse,
615 1794 691 1835 qnia
719 1793 744 1824 is
772 1798 824 1825 est

121 1847 250 1878 btumae
279 1845 424 1883 mensis3
450 1844 509 1876 sed
537 1845 640 1876 etiam
665 1844 759 1875 circa
785 1843 823 1875 fi-

121 1908 199 1929 nem
215 1898 288 1939 ejus
315 1897 437 1929 mensis
463 1896 579 1936 fuisse,
601 1896 680 1938 quia
706 1896 822 1937 proxi-

120 1959 210 1980 mum
227 1949 270 1979 sit
286 1953 409 1980 strenae
437 1946 628 1988 exigendae,
649 1947 738 1988 quod
764 1946 822 1978 fie-

120 2001 179 2032 bat
195 1999 362 2031 Kalendis
377 1998 560 2032 Januariis.
598 1997 699 2031 Quod
717 1997 821 2028 diser-

121 2051 188 2083 tius
213 2051 379 2092 probatur
403 2059 446 2081 ex
470 2049 635 2081 Suetonio
652 2049 685 2079 in
702 2048 821 2080 Domi-

120 2104 236 2135 tiano:
254 2103 490 2144 ‘Congiarium
505 2102 629 2142 populo
644 2110 819 2132 uumorum

120 2159 353 2186 trecentorum
379 2157 433 2184 ter
459 2152 567 2192 dedit,
598 2156 702 2193 atque
729 2151 821 2182 inter

120 2204 316 2245 spectacula
332 2203 479 2235 muneris
498 2202 720 2242 largissimum
738 2211 821 2242 epu-

119 2256 210 2287 lum:
237 2254 480 2295 septimontiali
494 2262 667 2285 sacrorum
685 2252 820 2293 quidem

119 2306 175 2337 die
200 2306 332 2337 senatui
366 2305 539 2347 equitique
567 2304 728 2345 panai-iis,
753 2304 824 2343 ple-

119 2356 175 2387 bei
199 2356 370 2397 sportellis
398 2365 475 2387 cum
503 2355 643 2387 obsonio
660 2354 822 2386 distribu-

121 2405 187 2438 tis!
247 2407 359 2438 Antea
388 2407 490 2447 plane
522 2405 745 2447 ignorabatur
775 2405 819 2436 de

119 2459 182 2489 boc
199 2457 443 2497 Septimontiali
461 2457 528 2489 die.
549 2457 621 2488 Jos,
638 2456 722 2488 Scal-

163 2507 420 2548 Septimontium]
451 2507 504 2538 De
521 2516 561 2538 eo
575 2506 623 2538 sic
641 2507 740 2537 Varr.
756 2505 815 2538 lib.

122 2570 157 2591 v.
175 2558 217 2590 de
236 2559 272 2589 L.
290 2558 329 2588 L.
351 2562 360 2575 ‘
378 2557 460 2588 Dies
483 2557 736 2598 septimontium
757 2565 816 2587 no-

118 2611 267 2642 minatus
291 2608 333 2639 ab
357 2607 406 2639 his
429 2611 560 2648 septem
588 2607 759 2638 montibus
783 2606 817 2637 in

120 2662 197 2703 quis
224 2659 290 2690 sita
313 2657 393 2689 urbs
416 2661 481 2688 est.
529 2656 637 2688 Feriae
662 2665 729 2688 non
759 2665 817 2697 po-

119 2711 204 2752 puli,
227 2708 290 2740 sed
312 2711 548 2739 montanorum
569 2706 680 2747 modo,
704 2711 744 2738 ut
760 2716 819 2747 pa-

121 2759 311 2803 ganalibns,
341 2757 399 2800 qui
428 2762 505 2789 sunt
542 2756 684 2796 alicujus
718 2754 820 2797 pagi!

875 1086 993 1128 Atque
1005 1090 1082 1127 post
1092 1083 1326 1117 Larentinalia
1335 1081 1448 1124 ponit:
1461 1083 1470 1098 ⁸
1479 1083 1580 1112 erant

877 1143 991 1169 autem
1019 1135 1251 1168 Larentinalia
1275 1137 1325 1167 10.
1348 1131 1497 1164 Kalend.
1520 1130 1580 1163 Ja-

876 1187 983 1219 nuar.'
1023 1186 1189 1229 Agonalia
1205 1195 1286 1217 vero
1303 1182 1477 1226 propridie
1494 1181 1578 1213 Idus

878 1238 1100 1270 Decembres.
1144 1238 1220 1270 Quo
1236 1236 1291 1267 die
1314 1239 1350 1266 et
1372 1233 1580 1274 Septimont.

876 1293 1014 1320 notatur
1022 1289 1055 1320 in
1065 1287 1213 1319 Kalend.
1223 1283 1437 1318 Constantini
1448 1282 1580 1323 Magni.

875 1339 943 1370 Sed
960 1339 1051 1371 circa
1067 1339 1167 1370 finem
1187 1336 1397 1371 Decembris,
1425 1334 1578 1375 adeoque

877 1394 953 1429 post
972 1387 1207 1419 Larentinalia
1222 1386 1325 1418 fuisse
1343 1384 1489 1426 probant
1505 1383 1577 1414 liaec

876 1439 1075 1471 'l‘ertulliani
1099 1449 1141 1470 ex
1167 1437 1254 1469 libro
1285 1438 1327 1469 de
1356 1434 1577 1467 Idololatria:

875 1490 884 1507 ‘
900 1491 1011 1522 Etiam
1037 1495 1162 1522 strenae
1188 1487 1382 1530 captandae‚
1409 1491 1444 1518 et
1471 1485 1577 1526 septi-

876 1541 1056 1582 montium,
1071 1545 1107 1573 et
1122 1541 1265 1579 brumae,
1282 1543 1317 1570 et
1340 1547 1430 1570 carae
1452 1545 1578 1577 cogna-

878 1592 979 1624 tionis
1016 1591 1195 1623 honoraria
1233 1588 1404 1630 exigenda
1438 1584 1576 1618 omina.'

877 1642 967 1674 Quia
992 1647 1073 1674 tunc
1100 1642 1289 1683 proximum
1306 1640 1349 1671 sit
1365 1643 1489 1670 strenae
1506 1637 1575 1668 exi-

876 1693 1008 1733 gendae,
1033 1693 1121 1734 quod
1146 1692 1250 1723 fiebat
1267 1688 1433 1722 Kalendis
1447 1688 1577 1721 Janua-

875 1743 946 1776 riis.
992 1743 1034 1775 Id
1051 1743 1210 1774 disertius
1235 1741 1399 1783 probatur
1425 1747 1468 1769 ex
1492 1737 1576 1769 Sue-

876 1798 944 1824 ton.
971 1793 1005 1824 in
1032 1793 1232 1824 Domitiano
1259 1801 1336 1831 cap.
1355 1792 1388 1822 4.
1411 1787 1577 1829 ‘Congia-

876 1844 962 1875 rium
988 1844 1112 1884 populo
1129 1851 1337 1873 nummorum
1356 1844 1576 1872 trecenorum

876 1900 929 1926 ter
958 1894 1081 1926 dedit:
1121 1898 1224 1935 atque
1254 1893 1344 1924 inter
1377 1888 1576 1932 spectacula

874 1946 1022 1977 muneris
1047 1944 1267 1985 largissimum
1296 1942 1445 1984 epulum.
1488 1939 1575 1980 Sep-

874 1996 1056 2028 timontiali
1072 2005 1168 2026 sacro
1181 1993 1317 2035 quidem
1335 1991 1467 2023 senatui
1480 1989 1574 2031 equi-

873 2047 965 2089 tique
982 2046 1143 2088 panariis,
1162 2044 1274 2086 plebei
1298 2041 1472 2084 sportellis
1496 2048 1573 2072 cum

873 2097 1013 2129 obsonio
1031 2095 1235 2131 distributis,
1260 2094 1393 2125 initium
1413 2089 1574 2123 vescendi

873 2147 1002 2188 primus
1026 2145 1132 2177 fecit.’
1176 2143 1437 2184 Septimontium
1460 2144 1574 2172 autem

874 2196 1015 2228 Romani
1033 2197 1076 2228 ob
1092 2196 1257 2227 inclusum
1284 2192 1453 2235 pomoeriis
1469 2189 1575 2231 septi·

872 2257 963 2278 mum
1001 2246 1122 2278 collem
1160 2245 1305 2286 primum
1339 2242 1573 2275 celebravere.

873 2298 954 2329 Dae.

916 2352 930 2367 ⁰
953 2344 1172 2386 Sepulchrum]
1197 2343 1287 2375 Vide
1314 2348 1322 2361 ‘
1337 2340 1496 2374 bustum!
1520 2341 1575 2372 Id.

916 2396 1134 2438 Sepulchrum]
1158 2395 1378 2436 Sepulchrum
1390 2397 1454 2431 est,
1470 2397 1508 2424 ut
1525 2393 1574 2423 ait

873 2448 991 2480 Gallus
1021 2448 1137 2487 AElius,
1158 2446 1215 2478 ubi
1239 2449 1391 2476 mortuus
1418 2442 1573 2483 sepultus

872 2504 947 2532 cst:
976 2498 1067 2541 quod
1097 2497 1227 2539 antiqui
1258 2496 1393 2527 bustum
1422 2493 1572 2534 appella-

872 2551 976 2582 bant:
992 2550 1088 2591 isque
1105 2549 1227 2590 cippis,
1239 2551 1298 2579 aut
1312 2547 1423 2588 aliqua
1439 2544 1506 2576 alia
1521 2551 1572 2581 re,

871 2600 996 2633 mortui
1033 2609 1134 2631 causa
1161 2599 1360 2638 designatus
1388 2599 1453 2633 est,
1483 2593 1573 2623 intra

872 2662 955 2694 quos
979 2651 1155 2691 sepultura
1178 2654 1232 2681 est
1257 2647 1360 2679 facta.
1404 2644 1492 2676 Haec
1519 2647 1572 2673 est

872 2704 950 2736 Sex,
962 2701 1119 2744 Pompeii
1133 2699 1314 2733 sententia.
1338 2696 1415 2729 Ant.
1431 2695 1517 2734 Aug.
