1876 3025
268 171 353 214 984
722 181 869 211 ssx'ri
905 180 1106 210 POMPEH
1141 179 1278 210 FEs'rr

327 278 355 319 J
360 277 433 319 ovi
456 278 621 318 donum
642 276 820 330 scripsit
838 275 1073 326 Quinctius
1097 275 1312 325 Dictator,
1331 288 1432 317 cum
1453 288 1531 329 per
1552 288 1712 317 novem

329 346 424 387 dies
446 345 627 388 totidem
649 346 795 392 urbes,
827 349 870 385 et
900 344 1112 385 decimam
1144 343 1374 385 Praeneste
1397 344 1607 396 cepisset.
1671 344 1724 384 Id

328 413 573 467 significare
609 414 702 454 aitu
750 411 932 453 Cincius
974 411 1318 465 Mystagogicon
1357 411 1469 452 libro
1509 411 1723 468 secundo,

330 483 442 523 duas
477 482 610 521 libras
640 480 785 534 pondo
807 485 849 521 et
868 480 1085 530 trientem,
1107 492 1195 533 qua
1230 479 1544 520 consuetudine
1576 479 1728 519 hodie-

331 564 417 605 que
454 550 613 590 utimur
648 562 745 590 cnm
785 548 953 600 lignum
989 549 1067 588 bes
1110 548 1294 589 alterum
1328 548 1525 597 dicimus,
1562 546 1605 586 id
1642 552 1725 595 est,

329 619 485 673 pedem
522 622 564 658 et
594 618 766 658 bessem
795 617 1043 658 latitudinis
1078 616 1271 657 habens:
1302 619 1344 656 et
1374 615 1637 663 sestertium,
1677 614 1722 654 id

333 692 414 737 est,
436 686 546 726 duos
568 698 693 726 asses
716 690 760 726 et
779 686 1005 726 semissem
1034 685 1232 725 tertium:
1276 684 1381 724 item
1418 683 1456 723 si
1492 686 1578 723 tres
1600 694 1725 722 asses

337 758 450 802 sunt,
472 758 517 793 et
539 757 723 806 quartus
747 751 982 805 quadrans.

276 821 462 862 Trifaxx
492 820 629 861 telum
651 819 933 873 longitudinis
957 820 1087 860 trium
1108 819 1367 867 cubitorum,
1400 816 1517 871 quod
1548 816 1727 871 [PAUL.

338 888 564 942 catapulta
583 887 781 928 mittitur.
829 887 1023 928 Ennius:
1057 892 1133 928 aut
1164 891 1433 940 permaceret
1464 886 1609 939 paries
1632 897 1731 938 per-

338 969 497 997 cussus
520 955 680 996 trifaci.

289 1023 560 1065 Trisulcumy
590 1023 733 1076 fulgur
748 1028 782 1052 ¹4
811 1021 892 1062 fuit
913 1021 965 1061 ab
985 1021 1163 1077 antiquis
1185 1021 1334 1062 dictum
1357 1020 1474 1076 quia,
1490 1020 1535 1060 id
1568 1019 1733 1073 [FEST.

341 1098 417 1133 aut
438 1091 646 1139 incendit,
669 1097 740 1131 ant
762 1088 888 1144 qfflat,
912 1095 982 1129 αιιι
1007 1090 1205 1130 terebrat.

280 1160 522 1201 Tritonia¹5
547 1159 748 1199 Minerva
769 1171 795 1198 a
815 1159 913 1211 ripa
925 1155 1168 1198 Tritonis¹6
1186 1156 1379 1197 fluminis
1398 1155 1531 1203 dicta,
1552 1153 1733 1208 [PAUL.

340 1228 461 1282 quod
485 1227 545 1268 ibi
567 1227 765 1280 primitus
787 1226 843 1266 sit
863 1226 972 1266 visa.

890 1352 1129 1364 eeeeeeeeeeee

330 1444 369 1472 14
392 1441 455 1470 Vir
471 1440 563 1472 doct.
581 1440 724 1481 conjicit
740 1441 959 1479 famem—15
985 1441 1079 1472 Vett.
1097 1440 1177 1471 libb.
1198 1438 1392 1479 Tritogenia,
1411 1437 1660 1475 T1·ogenia.—16
1683 1435 1736 1466 Id.

288 1485 468 1522 Trogeonis.

943 1569 1084 1601 NOTAE

288 1647 334 1677 ris
352 1646 383 1676 in
401 1644 606 1686 Capitolium
625 1645 731 1676 aTito
749 1645 890 1677 Quintio
907 1645 987 1676 alla-

289 1702 372 1727 tum.
397 1696 478 1726 Dae.

331 1753 344 1768 ¹³
371 1748 409 1777 Id
435 1746 614 1788 significare
639 1746 702 1787 ait]
734 1746 842 1777 Triens
866 1746 988 1787 tertius,

1084 1650 1096 1671 Υ
1126 1642 1312 1682 Trisnlcum]
1336 1642 1526 1673 Trisnlcnm
1538 1639 1664 1671 fulmen
1675 1639 1741 1670 fuit

1043 1695 1186 1732 dictum,
1202 1693 1281 1735 quia
1297 1693 1329 1723 id
1347 1697 1405 1723 aut
1427 1691 1590 1730 incendit,
1605 1695 1661 1721 ant
1679 1689 1739 1721 fin-

1043 1746 1106 1787 dit,
1123 1750 1180 1776 ant
1199 1744 1361 1775 terebrat.
1407 1742 1492 1773 Haec
1508 1747 1560 1771 est
1582 1740 1685 1778 Festi,
1703 1745 1742 1770 ut

294 1799 326 1829 id
345 1803 407 1833 est,
426 1799 523 1828 librae
542 1798 618 1828 dnae
641 1808 715 1828 cnm
741 1797 879 1837 triente,
900 1797 988 1837 qnod

291 1856 371 1881 tnnc
392 1851 510 1880 tertius
529 1851 634 1880 triens
656 1854 864 1879 numeratur.
902 1848 988 1879 Vide

292 1911 394 1940 supra
424 1905 430 1917 ‘
450 1899 649 1930 sestertius)
693 1901 748 1931 Sic
781 1900 908 1939 lignum
940 1900 990 1930 bes

292 1952 424 1981 alterum
445 1951 572 1981 dicitur
592 1950 682 1991 qnod
707 1951 828 1991 pedem
856 1955 892 1981 et
916 1950 990 1981 bes-

293 2011 363 2031 sem
389 2002 491 2031 latum
519 2006 583 2036 est,
603 2000 693 2041 quod
721 2006 801 2031 tunc
824 2000 991 2031 secundus

294 2051 366 2081 bes.
412 2051 452 2081 In
483 2050 549 2081 fine
577 2051 833 2090 supplendum:
866 2051 901 2081 Si
931 2055 993 2081 tres

294 2112 375 2132 asses
391 2104 461 2131 sunt
477 2104 506 2131 et
522 2104 651 2140 quartus
664 2102 818 2141 quadrans
832 2101 993 2138 adjicitur,

295 2155 424 2192 quartus
452 2152 608 2191 quadrans
637 2154 757 2181 tantum
787 2154 993 2181 numeratur:

298 2208 359 2235 liot·
377 2208 441 2243 est,
459 2204 485 2233 si
510 2208 576 2234 tres
603 2213 691 2233 asses
710 2213 784 2233 enin
808 2203 995 2243 quadrante

300 2255 381 2285 velis
418 2254 545 2292 dicere,
575 2258 733 2294 quartum
771 2253 995 2294 quadrantem

300 2310 431 2336 tantum
450 2304 661 2335 numerabis:
682 2306 754 2335 liaec
769 2309 889 2345 aperta
905 2309 994 2335 sunt.

302 2356 402 2386 Idem.

344 2412 360 2428 x
404 2407 530 2448 Trifux]
576 2406 703 2438 Eodem
749 2405 847 2436 modo
887 2404 998 2443 Bifax.

303 2458 512 2489 Glossarium
528 2469 534 2487 :
553 2459 561 2475 ‘
578 2456 860 2497 Bifaxssixpwuos,
875 2455 998 2496 διπρόσ-

303 2520 392 2543 ωπος,
413 2507 539 2538 διττός.’
569 2508 659 2548 Ergo
676 2509 898 2547 compositum
917 2518 935 2537 a
951 2505 996 2537 fa-

305 2561 368 2589 eie.
390 2559 458 2588 Jos.
476 2558 558 2589 Scal.

350 2609 477 2649 Trifax]
510 2609 711 2646 Trisnlcum,
727 2607 889 2644 trifidum,
906 2618 924 2638 a
941 2607 998 2638 tri-

307 2669 349 2689 na
372 2659 468 2690 facie.
514 2659 600 2690 Nam
628 2658 747 2689 eodem
775 2658 875 2688 modo
902 2657 1001 2695 bifaoe.

308 2710 514 2739 Glossarium
531 2720 538 2739 z
556 2711 564 2726 ⁴
581 2707 1001 2749 Βίἲακ,δῖχρωμος,διπρόσ-

313 2771 402 2795 ωπος,
419 2758 542 2792 διττός.’
567 2759 646 2791 Duc.

1043 1797 1203 1834 arbitror,
1217 1795 1399 1825 sententia.
1424 1792 1510 1823 Vide
1523 1795 1531 1809 ‘
1544 1789 1743 1822 Manubiae!

1043 1847 1182 1878 Servius
1209 1846 1265 1876 lib.
1292 1854 1333 1876 11.
1359 1844 1432 1875 AEn.
1459 1843 1648 1873 Fulminuin
1678 1841 1744 1872 tria

1046 1906 1172 1937 genera
1188 1905 1260 1926 esse
1277 1895 1377 1932 dicit3
1411 1893 1499 1934 qnod
1522 1891 1626 1930 afflat,
1652 1890 1742 1931 quod

1046 1948 1210 1985 incendit,
1225 1946 1314 1987 quod
1330 1945 1442 1976 findit.
1467 1944 1545 1975 Ant.
1560 1944 1643 1979 Aug.

1092 1997 1279 2036 Trisnlcum]
1302 1997 1407 2027 Merae
1421 2005 1537 2035 nngae:
1556 1994 1643 2024 Vide
1656 1995 1664 2011 ⁴
1678 1993 1744 2023 sul-

1047 2048 1148 2080 cum!
1176 2048 1252 2078 Duc.

1089 2102 1101 2116 2
1126 2095 1284 2136 Tritonia]
1321 2094 1415 2134 Vir-g.
1434 2102 1473 2124 11.
1492 2092 1622 2123 AEneid.
1644 2094 1652 2110 ‘
1670 2094 1745 2124 Nee

1048 2146 1159 2177 dubiis
1183 2155 1223 2176 ea
1247 2146 1342 2185 signa
1367 2144 1459 2174 dedit
1477 2144 1630 2174 'l'ritonia
1654 2153 1747 2174 mon-

1049 2196 1150 2228 stris.'
1194 2197 1320 2227 Eadem
1338 2200 1373 2226 et
1395 2195 1587 2233 Trilogenin,
1604 2205 1621 2225 a
1637 2195 1746 2225 Trito·

1050 2258 1106 2288 ne,
1123 2258 1219 2279 amne
1237 2247 1366 2288 Lybiae,
1389 2246 1474 2275 unde
1497 2252 1530 2275 et
1555 2244 1748 2276 Herodotus

1049 2298 1196 2330 Tritonis
1220 2298 1353 2328 accolas
1378 2296 1408 2326 ei
1432 2295 1624 2326 sacrificare
1641 2295 1746 2325 dicit:

1051 2349 1110 2379 sed
1137 2359 1197 2379 cur
1215 2357 1278 2378 non
1304 2346 1415 2386 potius
1438 2356 1456 2376 a
1473 2346 1628 2385 Tritone,
1655 2344 1749 2375 fonte

1053 2403 1105 2432 vel
1133 2400 1235 2432 fluvio
1258 2400 1369 2430 Cretae
1386 2399 1455 2429 sive
1480 2397 1650 2433 Arcadiae,
1678 2397 1747 2427 sive

1053 2454 1156 2484 etiam
1186 2451 1353 2482 Boeotiae:
1389 2450 1459 2480 sive
1484 2449 1595 2489 potins
1615 2449 1657 2479 ab
1673 2448 1749 2478 1Εο-

1054 2505 1131 2539 lico,
1148 2503 1198 2533 vel
1216 2501 1371 2532 Cretensi
1389 2500 1563 2536 vocabulo,
1587 2498 1692 2539 τρίτω,
1716 2498 1750 2528 id

1054 2556 1245 2591 est,caput,
1263 2550 1352 2592 quod
1374 2560 1392 2580 e
1413 2550 1509 2593 Jovis
1534 2549 1647 2589 capite
1671 2553 1752 2579 nata

1055 2604 1120 2635 sit?
1167 2602 1207 2633 Id
1235 2602 1349 2632 firmat
1378 2601 1490 2632 Scliol.
1516 2599 1691 2638 Aristoph.
1720 2598 1753 2628 in

1057 2653 1181 2685 Nebul.
1194 2652 1286 2693 τρίτω
1297 2652 1357 2691 ’γὰρ
1372 2651 1391 2689 ἡ
1405 2649 1535 2688 Κεφαλὴ
1545 2649 1613 2689 παρ’
1626 2648 1752 2679 Αἷολεῦ·

1056 2716 1116 2735 σιν.
1158 2703 1306 2742 Ἐ’γενήθη
1322 2702 1354 2733 δὲ
1370 2702 1389 2739 ἡ
1406 2702 1518 2737 Ἀθηνᾶ
1539 2701 1573 2730 ἐκ
1587 2701 1643 2736 τῆς
1658 2705 1751 2738 κεφα·

1059 2756 1116 2793 λῆς
1131 2755 1186 2786 τοῦ
1199 2753 1284 2786 Διός.
1331 2753 1375 2784 Et
1401 2753 1432 2783 in
1458 2751 1635 2793 Lysistrat.
1651 2760 1750 2789 τριτο-
