1876 3025
317 140 430 183 1090
761 150 910 181 §Exn
946 149 1151 180 POMPEII
1189 149 1327 181 pnsrr

319 247 469 289 dictam
487 246 645 299 volunt,
661 245 770 302 quod
787 245 831 286 id
844 260 976 301 genus
992 246 1172 296 arboris,
1201 259 1301 287 cum
1322 257 1442 298 grave
1457 243 1525 295 sit,
1542 258 1588 285 ac
1604 243 1768 296 durum,

320 321 407 356 tum
430 314 551 356 etiam
575 315 617 355 'in¹
639 315 859 367 ingentem
885 313 1047 355 evadat
1076 312 1351 354 altitudinem.
1409 311 1604 353 Aurelius
1636 321 1771 354 autem

321 382 499 437 Opilius
518 383 719 435 frigidam
743 380 803 423 ait
824 380 917 432 dici,
942 389 980 422 et
999 396 1089 422 cum
1111 381 1277 422 horrore
1297 386 1552 422 trementem.
1614 381 1772 422 Santra

319 464 417 492 eam
436 464 492 492 ex
513 450 655 492 Graeco
672 448 832 490 deducit
848 465 861 492 ‚·
882 449 953 504 qui
974 456 1184 490 tremorem
1206 448 1402 504 ejusmodi
1419 448 1601 504 κάρχαρον
1617 447 1771 488 dicunt.

325 515 442 558 Unde
474 517 555 558 dici
585 518 719 559 etiam
752 529 987 558 carcerem.
1049 517 1230 558 Plautus
1254 516 1295 556 iu
1319 515 1552 557 Frivolaria
1571 514 1643 558 :Is
1674 515 1773 555 mihi

320 589 413 626 erat
451 585 554 626 hilis
586 598 828 639 querquera
860 584 993 625 tussis.
1057 582 1244 624 Lucilius
1266 582 1369 624 libro
1429 613 1439 624 .
1515 613 1526 623 .
1590 583 1772 637 jactans

317 665 389 693 me
411 657 460 694 ut
479 652 613 694 febris
647 657 1043 708 querquerajerret:
1079 653 1210 694 alibi:
1244 651 1500 706 Querquera
1521 651 1773 705 consequitur

305 716 458 773 febris,
480 719 702 775 capitisque
723 719 816 774 [67]
837 718 991 760 dolores
1110 749 1119 758 .
1237 750 1247 760 .
1365 750 1374 759 .
1490 720 1560 760 ius

711 802 813 843 quae
934 818 942 826 .
1062 818 1069 827 .
1188 801 1364 843 quarum
1385 802 1432 829 ea*
1455 786 1572 842 legib.
1591 785 1767 842 quadru-

316 855 380 910 pli
400 863 486 897 erat
510 858 626 899 actio
806 887 815 896 .
936 887 944 895 .
1063 886 1072 895 .
1192 883 1202 894 .
1262 856 1364 896 ibus

707 929 783 966 ata
937 955 945 964 .
1065 953 1076 964 .
1194 954 1202 963 .
1324 953 1333 962 .
1450 925 1500 963 oe

840 993 973 1033 abant

322 1060 377 1101 ab
396 1073 450 1101 eo
587 1093 594 1100 .
714 1091 724 1101 .
847 1092 855 1100 .
957 1093 966 1103 .
1066 1092 1075 1100 .
1194 1088 1205 1098 .
1321 1059 1367 1099 in

585 1160 594 1168 .
715 1161 724 1169 .
1105 1128 1162 1168 tis
1194 1157 1204 1168 .
1321 1159 1329 1168 .
1449 1156 1460 1168 .

580 1211 621 1251 q.
640 1197 748 1238 licto
1351 1194 1518 1248 populo

581 1264 693 1305 curia
718 1261 907 1306 Calabra
968 1293 978 1303 .
1096 1292 1106 1303 .
1225 1291 1235 1301 .
1447 1291 1456 1301 .
1516 1274 1615 1302 men
1632 1261 1775 1314 legum

903 1330 945 1371 in
969 1330 1127 1384 populi
1151 1329 1381 1370 dominatu.
1445 1326 1621 1371 Quando
1645 1326 1774 1369 Rexm

322 1399 488 1440 comitia
508 1399 573 1441 sic
591 1405 602 1429 ³
624 1398 705 1455 fus
721 1415 733 1439 .·
764 1398 819 1439 sic
853 1404 1038 1438 notatum
1060 1411 1137 1437 esse
1159 1396 1263 1436 diem
1294 1396 1334 1436 iu
1355 1395 1487 1451 justis
1507 1396 1549 1436 in
1570 1396 1775 1437 honorem

325 1466 454 1521 Regv's
485 1482 705 1518 sacrorum,
743 1466 875 1516 uiuut,
897 1466 969 1520 qui
1004 1464 1052 1505 de
1074 1465 1204 1521 feriis
1233 1465 1469 1505 menstruis
1503 1464 1775 1518 scripserunt,

323 1549 410 1590 quae
439 1535 552 1575 nouis
569 1534 784 1591 februarii
816 1533 857 1573 iu
894 1532 1026 1573 Curia
1057 1546 1082 1571 u
1114 1532 1239 1585 Rege
1269 1532 1472 1572 dicuntur
1492 1536 1532 1570 :4
1561 1545 1614 1571 eae
1632 1544 1726 1571 vero
1749 1545 1774 1570 a

322 1602 461 1642 multi5
480 1602 752 1657 scriptoribus
767 1602 935 1643 traditae
955 1605 1081 1651 sunt3
1105 1613 1195 1639 uum
1214 1613 1291 1654 quo
1307 1598 1370 1639 die
1394 1597 1479 1639 Rex
1493 1599 1533 1639 iu.
1554 1596 1775 1639 Comitium

322 1670 447 1720 venit,
471 1670 556 1724 ejus
572 1684 674 1724 pars
691 1670 883 1711 anterior
900 1667 1012 1723 nefas
1029 1667 1201 1708 habetur
1218 1683 1230 1705 :
1248 1674 1386 1707 contra
1404 1674 1540 1707 autem
1556 1667 1777 1720 posterior

308 1735 417 1791 fas:
451 1738 546 1792 quia
580 1739 702 1779 sacris
726 1737 903 1792 peractis
941 1735 1032 1777 inde
1060 1736 1175 1776 abit.-
1210 1733 1319 1790 quod
1349 1736 1386 1775 si
1420 1735 1521 1788 quis
1553 1734 1667 1775 alius
1698 1746 1777 1787 pro

326 1804 454 1857 Rege
478 1821 520 1845 eo
542 1805 606 1846 die
636 1806 677 1846 in
703 1803 1060 1860 Comitiofecerit,
1084 1812 1190 1859 puta
1211 1802 1428 1852 Pontifex,
1451 1808 1542 1843 tum
1564 1801 1632 1842 his
1647 1806 1660 1831 ⁵
1681 1801 1776 1842 dies

326 1878 432 1912 totus
463 1881 518 1913 est
527 1873 685 1929 justus,
748 1871 924 1916 Quando
946 1879 1103 1913 stercus
1121 1877 1137 1893 ¹¹
1158 1871 1363 1921 delatum,
1384 1870 1478 1912 fas:
1501 1868 1775 1910 eodemmodo

932 1980 1168 1993 eeeeeeeeeeee

369 2049 387 2077 3
414 2046 437 2078 f.
455 2047 579 2078 comitia
595 2047 713 2078 sit.—4
738 2046 762 2078 f.
781 2047 1021 2078 edicuntur.——5
1046 2046 1068 2079 f.
1085 2048 1123 2077 is.

982 2132 1126 2165 NOTAE

369 2200 391 2216 ¹¹¹
417 2195 546 2231 Quando
564 2195 650 2236 Rex]
693 2196 867 2227 Edicuutur
891 2206 950 2237 pro
977 2198 1024 2227 di-
1081 2196 1123 2228 R.
1143 2196 1178 2226 C.
1196 2195 1235 2226 F.
1257 2195 1289 2225 id
1313 2198 1370 2234 est,
1391 2194 1520 2230 Quando
1542 2193 1612 2224 Rex
1636 2194 1776 2225 comitia-

325 2249 439 2278 cuntur
455 2246 590 2277 videtur
604 2246 831 2288 scribendum,
844 2253 880 2279 ut
893 2248 926 2278 in
941 2257 1024 2278 mar·
1078 2247 1133 2286 sit,
1155 2246 1227 2285 Fas,
1239 2255 1258 2276 a
1274 2247 1375 2277 Festo
1386 2245 1550 2285 scriptum
1565 2243 1682 2286 fnisse,
1699 2245 1777 2286 quia

325 2298 405 2337 gine
434 2297 646 2327 notavimus:
670 2306 747 2328 nam
773 2298 884 2329 Varro
908 2298 967 2329 lib.
992 2307 1026 2329 v.
1081 2297 1128 2328 sic
1145 2298 1178 2328 in
1196 2296 1373 2327 Fastishic
1387 2295 1459 2326 dies
1476 2299 1625 2326 notatur.

327 2347 370 2378 de
398 2348 494 2387 Ling.
518 2348 594 2378 Lat.
614 2349 661 2378 sic
683 2348 801 2379 habet:
827 2349 922 2379 ‘Rex
950 2359 1025 2380 cnm
1122 2354 1136 2369 ¹¹
1161 2350 1290 2385 Quando
1316 2347 1448 2388 stercus]
1477 2347 1543 2378 Hic
1574 2355 1674 2388 quoq.
1706 2347 1776 2387 opi-

326 2396 429 2428 ferias
444 2399 941 2430 menstruasnonisFebruariis
956 2399 1027 2430 edi·
1077 2409 1139 2431 nor
1175 2399 1360 2430 desiderari
1392 2402 1534 2439 quatuor
1565 2397 1636 2427 illas
1668 2401 1775 2432 notari.

326 2448 388 2487 cit,
413 2453 493 2479 tnnc
515 2448 602 2478 diem
627 2448 818 2480 februatum
845 2450 995 2489 appellat
1009 2449 1030 2481 :'
1079 2461 1152 2492 quae
1166 2451 1199 2481 in
1218 2450 1328 2481 Fastis
1345 2449 1525 2488 habentur,
1544 2447 1659 2483 Q.ST.
1677 2447 1720 2479 D.
1736 2447 1774 2478 F.

328 2502 363 2528 et
381 2498 481 2538 paulo
498 2503 591 2538 post:
615 2502 624 2515 ‘
643 2499 771 2529 Harum
796 2509 906 2530 rerum
923 2499 1026 2531 vesti·
1080 2507 1114 2532 et
1126 2502 1262 2532 Festum
1278 2501 1324 2531 ita
1335 2500 1531 2540 scripsisse:
1550 2498 1592 2530 Q.
1605 2497 1774 2529 ST.D.F.

328 2550 383 2590 gia
406 2555 572 2590 apparent
597 2550 629 2580 in
655 2550 759 2581 sacris
782 2551 969 2582 Nonalibns
993 2551 1026 2582 in
1077 2552 1110 2582 id
1126 2555 1184 2591 est,
1202 2552 1333 2587 Quando
1347 2554 1465 2581 stercus
1479 2548 1695 2585 delatumsas:
1719 2547 1772 2578 cli-

327 2609 417 2634 arce,
435 2600 524 2640 quod
551 2605 631 2631 tnnc
655 2599 757 2631 serias
782 2601 906 2641 primas
934 2611 1025 2631 men-
1077 2611 1148 2631 vum
1165 2606 1276 2632 antem
1304 2610 1364 2641 pro
1380 2601 1481 2630 alvum
1501 2597 1710 2639 reposuimus
1730 2605 1772 2626 ex

328 2654 450 2690 struas,
475 2661 549 2690 quae
581 2649 706 2682 fntnrae
735 2651 802 2682 sint
834 2661 872 2681 eo
898 2662 1025 2691 mense,
1079 2652 1241 2682 Varronis
1266 2651 1322 2683 lib.
1339 2660 1372 2682 v.
1395 2651 1435 2681 de
1460 2650 1555 2691 Ling.
1581 2649 1654 2680 Lat.
1683 2646 1771 2677 Vide

329 2701 403 2732 Rex
429 2701 535 2733 edicit
558 2700 718 2742 populo?
735 2707 817 2742 puto
842 2707 955 2734 autem
981 2703 1024 2738 Q.
1079 2702 1111 2732 in
1128 2701 1307 2734 ‘Stercus.'
