1876 3025
440 150 588 180 SEX'l'I
626 149 824 180 PoMPEll
867 148 1003 179 FESTI
1040 148 1131 178 Llss.
1164 147 1269 177 XVl.

689 332 832 380 LlB.

173 454 264 485 PAG.
295 454 369 484 707.
409 451 570 487 Quintana
600 449 825 490 appellabatur]

132 505 338 537 Quintanam
356 508 487 542 portam
504 501 583 532 dico
600 510 674 532 esse
692 500 827 531 nullam.

132 556 255 585 Festus
281 554 370 584 solus
395 563 467 583 eam
492 552 659 589 adstruit3
684 560 747 591 ego
771 550 829 581 de-

131 610 237 643 struo,
275 612 484 644 remumque,
511 603 673 638 Quintana
696 602 830 642 appella-

132 655 223 686 lmtm·
249 664 322 694 pars
348 654 379 684 z'n
401 654 525 691 castris,
549 653 600 683 vel
618 652 830 692 simpliciter,

132 705 344 745 appellabatur
359 706 391 735 in
414 704 548 735 castris:
573 714 648 734 narn
667 707 759 744 porta
776 712 834 733 no-

134 765 210 785 men
236 754 387 784 additum
412 764 431 784 a
456 754 575 792 Paulo,
590 763 657 784 non
680 763 698 783 a
718 753 833 783 Festo.

136 806 344 838 Quint-anam
362 809 457 835 certe
475 809 606 844 portam
632 813 696 834 non
722 802 837 839 fuisse,

135 857 194 887 sed
226 861 354 896 partem
384 859 512 886 certam
539 854 747 892 Castrorum,
778 853 835 884 ubi

136 917 190 938 res
207 907 353 945 venales,
369 909 464 946 patet
489 906 580 936 clare
597 915 639 935 ex
663 905 759 935 Livio
777 904 835 935 lib.

136 967 210 990 xm.
227 958 236 974 ‘
251 958 422 988 Praetorio
438 956 586 996 dejecto.
599 955 744 995 direptis
761 965 834 996 quae

136 1009 182 1040 ibi
208 1000 356 1046 fuerant,
379 1007 420 1038 ad
442 1007 669 1039 Quaestorium
688 1007 832 1039 Quinta-

136 1071 280 1102 namque
298 1061 413 1091 hostes
432 1058 686 1099 pervenei·11nt.’
726 1059 771 1089 Et
788 1059 834 1089 le-

140 1123 181 1153 ge
208 1112 396 1153 sequentia,
412 1110 542 1141 videbis
569 1119 643 1140 esse
668 1110 699 1140 in
716 1109 834 1140 mediis

137 1163 268 1194 castris.
326 1161 493 1202 Higiuus:
532 1160 542 1177 ‘
572 1160 610 1190 In
642 1160 836 1193 Quaestorio

138 1214 284 1245 maxime
300 1214 406 1254 legati
423 1212 564 1242 hostium
584 1216 619 1243 et
633 1211 763 1242 obsides
779 1222 784 1239 :
803 1215 839 1242 et

139 1265 165 1295 si
189 1275 255 1306 qua
285 1263 400 1305 praeda
426 1263 517 1295 facta
535 1262 652 1303 fuerit,
675 1263 708 1294 in
734 1273 839 1304 quaes-

1463 134 1574 175 1225

890 332 1013 379 XV.

883 449 975 480 tione
1006 447 1151 489 ponitur.
1212 444 1392 477 Lateribus
1426 443 1577 484 ejusdem

883 500 1026 532 tendere
1056 499 1160 531 debet
1187 499 1228 530 ad
1262 499 1347 529 viam
1375 496 1579 529 Quintanam

884 551 1038 583 centuria
1063 556 1228 582 statorum
1251 554 1288 580 ut
1311 548 1476 589 posticum
1497 556 1581 586 prze-

885 603 964 634 torii
995 600 1176 633 tueantur?
1236 600 1388 631 Isidorus
1428 597 1491 629 lib.
1519 606 1580 628 xv.

886 663 962 693 cap.
977 655 1008 684 2.
1031 653 1227 686 ‘Quintana
1245 661 1321 692 pars
1336 651 1469 681 Plateae
1487 648 1583 689 quin-

885 709 920 734 ta
936 709 999 740 est,
1016 714 1079 744 qua
1097 708 1296 744 carpentum
1324 699 1481 741 progredi
1507 703 1583 739 pot-

885 754 970 786 est?
997 755 1049 785 via
1073 754 1199 794 igitur:
1227 754 1385 792 idemque
1404 751 1513 780 disces
1541 759 1584 780 ex

886 805 1022 845 Polybii
1038 804 1094 835 lib.
1108 814 1156 835 vr.
1197 803 1380 835 Suetonius
1397 802 1429 832 in
1445 802 1584 832 Nerone

887 856 986 896 plane
1002 855 1089 886 idem
1108 853 1322 894 adsignificat
1338 854 1474 892 cap.26.
1500 852 1508 867 ‘
1521 851 1586 881 Ta-

887 907 1043 938 bernnlas
1060 907 1162 938 etiam
1179 904 1361 945 effringere
1376 909 1409 934 et
1423 903 1587 942 expilare:

888 957 1050 998 quintana
1067 957 1155 987 domi
1172 957 1371 993 constituta,
1392 954 1448 985 ubi
1476 957 1586 993 partae

888 1013 922 1039 et
939 1008 980 1039 ad
1002 1008 1220 1039 licitationem
1244 1005 1437 1037 dividendae
1462 1002 1587 1044 praedae

888 1058 1037 1099 precium
1053 1055 1305 1088 assumeretur?
1319 1056 1395 1086 Non
1407 1053 1495 1085 aliud
1508 1062 1589 1092 ergo

890 1119 988 1151 quam
1008 1109 1059 1140 via
1072 1108 1173 1139 latior
1188 1108 1221 1138 in
1238 1117 1333 1137 nsum
1350 1104 1428 1144 fori,
1449 1114 1466 1134 a
1484 1108 1589 1134 meta-

893 1161 984 1191 tione
1002 1168 1154 1197 agroruin
1176 1159 1312 1188 invento
1337 1155 1482 1193 nomine,
1500 1158 1536 1183 ut
1557 1153 1590 1183 in

894 1216 993 1252 porta
1027 1211 1238 1240 Decnmana.
1270 1206 1396 1247 Lipsius
1422 1206 1462 1236 ad
1488 1205 1541 1235 lib.
1565 1213 1590 1234 1.

895 1261 1010 1293 Annal.
1026 1261 1137 1291 Tacite.

701 1429 821 1477 LIB
876 1428 1028 1476 XVI.

186 1557 278 1587 Pae.
294 1559 369 1588 724.
403 1558 524 1588 Raucos
540 1557 660 1597 appella
674 1579 682 1587 .
696 1578 703 1586 .
716 1577 723 1586 .
738 1555 761 1596 .]
785 1555 844 1586 In-

143 1609 220 1638 veni
238 1609 482 1646 racasrnmeuta
499 1616 572 1638 esse
589 1606 760 1637 frumenta
780 1605 843 1636 ari-

144 1659 187 1689 da
204 1665 237 1689 et
256 1660 366 1690 sicca:
395 1669 468 1689 uam
485 1668 573 1696 cum,
591 1662 627 1688 ut
644 1666 662 1687 e
675 1655 842 1696 fragmen-

145 1713 178 1740 to
209 1710 431 1750 suspicamur,
460 1708 615 1739 declaret
649 1715 769 1737 raucos
803 1706 845 1736 ab

144 1760 305 1791 ariditate
321 1760 412 1791 vocis
426 1763 461 1790 et
477 1757 622 1798 gutturis
639 1757 846 1797 appellatos,

146 1810 188 1841 ab
219 1810 338 1841 eadem
363 1810 522 1841 ariditate
549 1808 738 1839 nominatas
767 1807 846 1838 sub-

140 1861 305 1901 junxerat
329 1861 498 1902 spicarum
522 1859 657 1897 aristas,
687 1862 724 1889 et
752 1858 761 1875 ‘
778 1856 847 1888 fru-

147 1918 263 1944 menta
280 1911 379 1944 rava’
405 1912 542 1943 nimium
565 1912 656 1941 sicca
672 1914 708 1941 et
730 1909 847 1940 arida:

146 1964 209 1995 uisi
221 1964 292 2005 quis
303 1966 476 1994 stramenta
493 1963 584 2001 legat
596 1961 715 1992 eodem
728 1969 848 1990 sensu:

149 2024 342 2055 quanquam
369 2015 512 2044 alterum
538 2012 618 2043 mihi
645 2011 751 2051 magis
777 2021 850 2052 pro-

150 2064 261 2096 batur.
286 2065 418 2096 Tarneb.
434 2065 486 2095 lib.
503 2072 587 2094 xnl.
603 2073 671 2104 cap.
685 2066 738 2094 25.

193 2116 284 2147 PAG.
301 2119 376 2146 725.
404 2113 582 2154 Recinium]
610 2115 686 2144 Esse
701 2114 849 2144 dixerunt

150 2163 270 2198 virilem
283 2170 408 2206 togam:
432 2167 600 2206 distingue
618 2170 653 2196 et
668 2166 744 2204 lege
760 2175 768 2196 ι
787 2165 849 2196 Re-

149 2219 265 2248 cinz'um
281 2228 366 2248 omne
381 2218 594 2248 vestimentum
615 2217 799 2257 quadratum
814 2216 850 2256 ii,

151 2268 204 2308 qui
218 2268 375 2298 duodecim
391 2267 589 2306 interpretati
602 2270 685 2301 sunt,
701 2276 765 2297 esse
780 2266 853 2297 dix-

153 2321 256 2349 erunt.
306 2317 379 2349 Ver.
405 2320 520 2356 togam,
544 2326 603 2356 qua
626 2317 768 2347 mulieres
785 2320 851 2347 ute-

153 2369 280 2406 bantur,
308 2371 495 2408 proetextam
521 2368 606 2398 clavo
625 2377 794 2408 purpureo,
818 2366 852 2397 id

155 2424 222 2458 est,
244 2419 383 2452 Verrius,
394 2422 517 2457 togam:
541 2418 592 2449 ita
605 2419 758 2457 corrigo:
777 2427 853 2449 cum

155 2474 252 2500 vetus
279 2469 448 2509 scriptura
478 2469 545 2500 sit:
588 2469 657 2500 Vir.
684 2472 757 2507 toga
785 2478 854 2509 qua.

156 2523 253 2560 Soepe
272 2520 336 2550 iste
353 2518 570 2549 abbreviator
587 2519 699 2550 Verrii
721 2524 856 2549 senten-

157 2573 220 2603 tias
238 2581 312 2602 cum
330 2570 468 2600 aliorum
485 2570 701 2610 opinionibus
720 2579 856 2610 compo-

158 2622 227 2652 nit:
262 2620 348 2661 quod
381 2624 416 2650 et
439 2619 505 2651 liic.
541 2620 629 2660 Lips.
661 2621 763 2661 Epist.
794 2620 858 2656 Qu.

159 2674 210 2704 lib.
229 2682 251 2702 1.
268 2682 335 2712 cap.
351 2674 382 2703 7.

203 2725 293 2755 PAG.
312 2725 385 2754 720.
412 2721 622 2762 Reciperatio]
651 2720 812 2762 Σύμβολα,
830 2720 857 2752 si

894 1553 1064 1585 credimus
1080 1551 1210 1589 Suidae,
1226 1550 1377 1591 appellat
1395 1546 1596 1579 Demosthe-

895 1613 954 1635 nes
976 1607 1007 1634 7.
1031 1603 1181 1643 Philipp.
1201 1612 1274 1642 quae
1302 1605 1401 1641 {iacta
1429 1602 1597 1630 conventa

895 1659 973 1685 sunt
989 1654 1166 1685 civitatum
1183 1654 1273 1683 inter
1298 1661 1345 1685 se,
1375 1650 1494 1691 quibus
1517 1648 1597 1688 jura

897 1706 1027 1736 civibus
1065 1706 1154 1735 ultro
1198 1704 1352 1742 citroque
1397 1699 1597 1732 redduntur.

899 1756 1033 1787 Tarneb.
1049 1755 1102 1786 lib.
1122 1763 1172 1786 vr.
1185 1764 1252 1794 cap.
1269 1755 1321 1783 18.

941 1804 1085 1844 Recipie]
1108 1804 1196 1834 Vide
1220 1812 1334 1842 supra,
1358 1798 1544 1839 ‘Afflngel

943 1854 1162 1896 Reciprocare]
1184 1854 1311 1884 Versus
1327 1855 1380 1882 est
1396 1860 1436 1881 ex
1452 1849 1601 1880 Astraba

900 1907 1027 1939 Plauti.
1074 1905 1171 1941 Quasi
1201 1905 1383 1935 tollenonem
1412 1904 1464 1932 aut
1505 1901 1602 1940 pilum

903 1958 1050 1988 Grcecam
1064 1956 1232 1996 reciproces
1254 1955 1345 1993 plana
1366 1953 1439 1982 via:
1475 1950 1530 1981 ubi
1554 1951 1603 1990 pi-

901 2010 963 2039 lum
981 2009 1126 2039 Graecum
1142 2015 1214 2036 esse
1237 2005 1385 2035 arbitror
1410 2011 1513 2042 genus
1531 2001 1603 2041 pili,

902 2069 967 2101 quo
984 2059 1016 2090 in
1030 2057 1168 2090 Graecia
1182 2056 1401 2096 pinsebatur:
1419 2054 1518 2094 quale
1535 2051 1604 2082 for-

903 2116 992 2142 tasse
1009 2110 1051 2140 ab
1072 2107 1219 2140 Hesiodo
1236 2105 1460 2136 describitur:
1478 2102 1604 2140 “Ὀλμον

901 2160 957 2201 μὲν
964 2161 1110 2201 τριπόδην
1120 2157 1260 2197 τάμνειν,
1272 2154 1382 2196 ὕπερόν
1391 2166 1427 2185 τε
1439 2152 1606 2194 τρίπηχυν.

903 2221 1093 2253 quanquam
1111 2208 1193 2240 illud
1217 2207 1332 2238 Plauti
1360 2206 1462 2247 pilum
1488 2209 1525 2235 ut
1544 2205 1606 2235 tol-

904 2265 980 2295 leno
1028 2258 1307 2301 reciprocabatur
1329 2267 1337 2287 ε
1385 2255 1607 2286 attollebatur

905 2315 993 2345 enim
1006 2313 1113 2343 altera
1131 2314 1228 2351 parte
1243 2309 1440 2347 depressum
1459 2304 1608 2345 pondere

907 2369 966 2395 aut
993 2362 1118 2393 viribus
1143 2358 1299 2393 hominis,
1329 2366 1406 2386 mox
1432 2355 1607 2386 remissum

906 2412 1162 2454 deprimebatur
1201 2414 1235 2439 et
1282 2407 1398 2446 fruges
1440 2404 1608 2446 pinsebm,

906 2464 996 2506 quod
1014 2464 1046 2493 in
1060 2463 1133 2492 loco
1150 2460 1250 2501 plano
1266 2458 1381 2488 fiebat.
1406 2455 1539 2486 Turneb.
1552 2455 1606 2487 lib.

908 2523 1002 2546 xvn.
1018 2523 1084 2553 cap.
1100 2515 1131 2542 8.

952 2561 1169 2604 Reciprocare]
1192 2560 1233 2591 In
1253 2557 1399 2590 Astraba
1410 2556 1523 2587 Plauti
1539 2565 1610 2587 cre·

910 2617 1054 2648 diderim
1085 2611 1278 2652 legendum,
1304 2607 1392 2648 quasi
1428 2607 1609 2637 tollenonem

910 2671 963 2699 aut
977 2667 1074 2707 pilum
1091 2665 1236 2694 Groecam
1252 2659 1419 2698 reciproces
1433 2658 1525 2697 plana
1547 2657 1607 2687 ria.

913 2719 1023 2750 tolleno
1050 2713 1217 2752 κηλώνειον
1246 2714 1311 2750 est,
1338 2707 1427 2749 quod
1465 2717 1609 2745 sui-sum,
