1876 3025
396 149 529 180 FEsTl
566 149 627 178 DF.
664 148 805 178 VERE.
838 148 1018 178 SlGNlF.
1054 148 1147 177 LIB.
1185 149 1292 178 XVI.

1500 142 1584 181 '717

140 242 341 286 Rabulad
357 244 518 285 dicitur
534 244 579 284 in
595 243 743 284 multis
757 244 950 285 intentus
963 243 1165 296 negotiis,
1180 248 1380 296 paratus·
1404 243 1532 296 [PAU
1543 256 1583 284 L,

194 324 278 364 que
299 310 356 352 ad
374 309 614 352 radendum
635 310 757 364 quid,
780 310 1180 363 auferendumque:
1209 310 1280 351 vel
1312 311 1415 364 quia
1445 315 1514 352 est
1541 312 1585 351 in

191 378 376 431 negotiis
397 378 581 431 agendis
602 378 759 427 acrior,
791 378 920 431 quasi
938 377 1161 418 rabiosus.

139 442 308 486 Rabula
338 446 500 487 dicitur
528 446 572 486 in
602 445 752 486 multis
782 445 1006 487 intentus4
1035 444 1223 499 negotiis,
1248 457 1379 497 para-
1420 444 1585 497 [FEST.

193 519 335 567 tnsque
356 512 412 554 ad
444 512 686 554 radendum
708 512 829 566 quid,
850 511 1234 566 auferundumque‚
1263 510 1329 551 vel
1352 518 1408 552 est
1427 512 1487 552 ita
1504 511 1586 552 dic·

192 587 256 621 tus
277 582 381 635 quia
403 581 547 622 acrior
567 581 628 622 sit
645 581 689 621 in
710 579 890 633 negotiis
909 578 1088 634 agendis,
1105 585 1142 619 et
1164 579 1282 633 quasi
1302 578 1499 619 rabiosus.

137 648 329 690 Raderee
361 662 481 701 genas
502 647 670 689 vetitum
685 654 740 688 est
760 647 802 687 in
815 648 910 700 lege
931 648 1004 688 12.
1025 647 1070 688 id
1091 651 1172 698 est,
1192 647 1372 700 unguib.
1393 646 1583 686 scindere.

136 715 256 769 Rapi
277 716 504 757 simulatur
525 716 645 768 virgo
660 713 672 735 f
699 728 757 756 ex
786 715 946 766 gremio
969 714 1136 763 matris,
1159 717 1234 754 aut
1255 713 1294 754 si
1316 727 1370 754 ea
1390 726 1477 754 non
1499 719 1584 762 est,

191 795 249 823 ex
270 783 476 836 proxima
497 781 838 831 necessitudine,
860 794 961 822 cum
984 782 1039 822 ad
1061 781 1202 822 virum
1223 780 1439 831 trahitur,5
1469 780 1585 833 quod

192 849 399 891 videlicet
419 863 471 891 ea
491 863 562 891 res
578 849 762 890 feliciter
780 847 973 888 Romulo
989 848 1129 889 cessit.

743 946 860 958 eeeeee

862 945 982 958 eeeeee

177 1005 195 1033 4
219 1002 283 1034 Ed.
298 1002 385 1035 Scal.
402 1003 565 1035 intus.-5
592 1003 672 1034 Ver.
689 1002 766 1034 cod.
783 1003 934 1033 eraditur.

780 1093 811 1125 N
818 1093 920 1125 OTAE

136 1188 140 1192 ,
175 1157 188 1178 ‘³
215 1158 351 1199 Rabula]
375 1158 515 1190 Invenio
531 1159 563 1190 in
581 1159 726 1198 Glossis,
740 1159 750 1176 ‘
766 1159 830 1190 Ra-

134 1208 258 1249 bienla,
287 1208 492 1248 δημαγωγός]
522 1210 636 1241 nescio
665 1219 707 1241 an
736 1209 830 1240 benc.

131 1259 200 1290 Jos.
215 1258 297 1290 Scal.

176 1309 312 1351 Rabula]
327 1310 390 1341 Vel
406 1320 425 1341 a
441 1310 587 1349 radendo,
600 1310 694 1351 quasi
709 1310 831 1349 radulti,

132 1360 216 1390 vela
233 1359 328 1391 rabie.
373 1359 469 1391 Infra
486 1365 600 1390 tamen
618 1369 636 1390 a
658 1370 733 1391 rava
748 1371 831 1401 voce,

131 1409 195 1441 hoc
226 1415 292 1446 est,
318 1420 424 1451 rauca,
442 1411 563 1442 Festus
589 1410 744 1451 deduxit,
772 1412 830 1442 sed

131 1460 238 1491 multo
255 1460 373 1491 melius
395 1470 411 1491 a
432 1461 527 1491 rabie.
573 1461 671 1493 Quod
689 1467 724 1492 et
741 1461 830 1502 apud

132 1508 280 1541 Nonium
297 1510 390 1549 legas
408 1509 540 1542 duobus
556 1510 653 1541 locis.
690 1511 699 1527 ⁴
716 1509 830 1542 Rabu-

130 1561 185 1599 iae,
215 1561 365 1602 litigiosi,
398 1572 417 1592 a
447 1562 540 1593 rabie
571 1561 680 1594 dicti.¹
717 1562 833 1594 Item:

129 1614 138 1626 ‘
159 1611 288 1642 Rabuia
318 1621 338 1642 a
367 1612 459 1643 rabie
489 1612 599 1644 dictus
635 1617 698 1648 est,
730 1622 830 1653 quem

129 1670 218 1692 nunc
241 1661 458 1700 advocatum,
490 1663 542 1694 vel
568 1673 744 1694 causarum
772 1674 830 1704 pa-

130 1717 264 1742 tronum
303 1708 468 1742 dicimus-¹
523 1712 598 1743 Nisi
629 1713 722 1743 dicas
753 1723 829 1744 cum

131 1760 254 1791 Vossio
271 1769 345 1791 esse
362 1771 381 1792 a
395 1760 489 1801 ῥάζω,
503 1761 600 1793 latro.
649 1763 697 1794 Ut
715 1773 732 1794 a
749 1763 831 1803 φάω,

130 1810 183 1841 vel
209 1809 310 1851 φάζω,
335 1810 464 1850 fabula,
487 1813 534 1843 sic
557 1823 574 1843 a
590 1810 682 1852 ῥάζω,
699 1813 829 1844 rabula.

130 1861 219 1893 Nam
248 1862 358 1893 verius
383 1862 534 1894 rabulam
559 1864 684 1894 latrare
704 1864 830 1896 dixeris

131 1921 230 1951 quam
247 1912 353 1953 loqui,
370 1922 474 1954 quare
491 1919 655 1944 eteorum
672 1912 830 1946 facundia

130 1962 252 1993 canina
266 1963 369 1993 etiam
387 1962 493 1994 dicta.
516 1963 597 1995 Duc.

172 2018 185 2032 θ
209 2013 346 2054 Radere]
372 2014 493 2044 Cicero
518 2013 575 2044 lib.
602 2023 641 2046 Η.
662 2013 705 2045 de
732 2015 828 2055 Legi-

129 2063 191 2093 bus
210 2062 317 2094 refert
334 2064 366 2094 in
385 2063 564 2095 duodecim
582 2064 705 2095 tabuiis
722 2065 829 2105 scrip-

130 2118 200 2144 tum
225 2113 345 2144 fuisse:
370 2118 378 2131 ¹
396 2114 558 2144 Mulieres
586 2123 687 2154 genas
713 2124 754 2145 ne
780 2124 829 2145 ra-

128 2162 247 2202 dunm,
272 2173 357 2194 neve
380 2164 503 2194 lessum
531 2163 660 2195 funeris
677 2174 758 2204 ergo
774 2165 829 2195 ha-

129 2213 256 2246 bento.'
296 2214 392 2245 Idem
416 2214 475 2245 lib.
494 2223 533 2245 11.
561 2214 700 2246 Tuscui.
724 2215 733 2231 ‘
748 2215 830 2256 Eju-

128 2264 216 2295 latus
247 2274 288 2295 ne
320 2265 452 2296 mulieri
482 2264 616 2305 quidem
647 2274 828 2296 concessus

130 2319 182 2344 est
196 2314 218 2345 :'
235 2320 269 2345 et
285 2315 338 2345 hic
356 2315 511 2345 nimirum
528 2319 582 2346 est
597 2313 710 2354 fletus,
728 2325 827 2356 quem

131 2365 180 2394 12.
198 2365 319 2396 tabulae
346 2366 380 2396 in
405 2364 581 2395 funeribus
604 2364 757 2395 adhiberi
774 2375 827 2395 ve-

131 2418 278 2445 tuerunt.
325 2415 377 2445 Ex
392 2415 444 2446 his
461 2413 573 2445 verbis
588 2420 733 2454 apparet
748 2415 827 2445 Fes-

131 2469 200 2493 tum
218 2464 270 2495 hic
294 2464 527 2504 interpretari,
551 2463 628 2504 quid
647 2464 690 2494 sit
706 2463 827 2495 radere

131 2523 234 2553 genas
251 2516 283 2544 in
299 2515 374 2554 lege
397 2518 450 2546 12.
473 2515 542 2545 tab.
570 2514 601 2544 id
625 2518 689 2549 est,
709 2515 827 2554 ungui-

132 2565 192 2593 bus
217 2573 319 2603 genas
339 2564 452 2603 ferire,
475 2570 509 2595 et
535 2569 726 2595 cruentare.
750 2567 826 2595 Ant.

134 2614 217 2651 Aug.

177 2665 314 2705 Radere]
341 2665 498 2697 Quamvis
518 2665 658 2695 vetitum
677 2670 764 2696 esset
781 2667 826 2696 le·

881 1168 922 1198 ge
941 1161 992 1189 12.
1007 1157 1095 1188 Tab.
1122 1161 1235 1188 tamen
1260 1155 1363 1187 fiebat
1382 1157 1483 1188 etiam
1502 1160 1586 1188 te1n=

881 1209 1020 1248 poribus
1048 1207 1221 1238 Varronis.
1267 1207 1406 1238 Servius
1428 1208 1460 1237 in
1491 1207 1587 1238 sche-

881 1258 955 1289 dis:
989 1258 1121 1288 ‘Varro
1147 1257 1232 1287 dicit
1256 1256 1415 1287 mulieres
1442 1258 1475 1286 in
1506 1266 1585 1287 exe-

881 1310 978 1351 quiis,
996 1314 1032 1340 et
1049 1309 1145 1340 luctu
1162 1308 1240 1339 ideo
1256 1308 1369 1339 solitas
1385 1317 1443 1338 ora
1459 1308 1585 1338 lacera-

881 1370 932 1400 re,
947 1365 985 1391 ut
1001 1360 1164 1398 sanguine
1181 1364 1317 1390 ostenso
1344 1358 1463 1389 inferis
1486 1358 1585 1389 satis=

882 1409 1036 1442 faciant.¹
1057 1411 1127 1440 Jos.
1145 1409 1230 1440 Scae.

926 1461 1049 1491 Radere
1062 1460 1176 1500 genas]
1202 1459 1273 1489 Lex
1293 1460 1344 1489 12.
1366 1457 1490 1489 Tabui.
1510 1458 1586 1489 talis

881 1515 955 1542 est:
981 1518 1161 1541 MULIERES
1183 1517 1298 1540 GENAS
1324 1517 1372 1539 NE
1386 1517 1586 1540 RADUNToz

886 1570 984 1592 NEVE
1001 1570 1135 1593 LESSUM
1154 1569 1307 1592 FUNERlS
1332 1569 1428 1592 ERGO
1446 1569 1586 1592 ΗΑΒΕΝ-

880 1620 937 1643 To.
985 1611 1056 1642 Cic.
1082 1621 1122 1643 11.
1146 1611 1189 1642 de
1215 1611 1297 1649 Leg.
1321 1614 1356 1640 et
1382 1619 1423 1641 11.
1446 1610 1586 1641 Tuscnl.

883 1661 975 1692 Hinc
988 1661 1098 1691 Tibul.
1118 1661 1168 1691 Ei.
1196 1663 1226 1690 l.
1252 1659 1311 1691 lib.
1330 1668 1354 1689 1.
1377 1660 1448 1689 ‘Tu
1472 1669 1586 1690 manes

881 1721 923 1742 ne
940 1711 1027 1741 laede
1045 1720 1149 1744 meos,
1166 1710 1224 1740 sed
1248 1718 1351 1749 parce
1368 1708 1488 1738 solutis
1513 1709 1588 1739 Cri-

880 1760 992 1795 nibus,
1009 1766 1043 1790 et
1062 1760 1200 1797 teneris,
1215 1758 1328 1796 Delia,
1347 1767 1448 1797 parce
1467 1757 1586 1798 genis!

882 1810 973 1841 Plin.
1000 1819 1077 1850 cap.
1104 1812 1157 1840 37.
1180 1808 1239 1839 lib.
1255 1816 1307 1839 xr.
1331 1807 1453 1838 ‘Infra
1470 1807 1586 1838 oculos

880 1861 976 1890 malae
993 1859 1117 1890 homini
1142 1863 1285 1898 tantum,
1311 1867 1394 1899 quas
1411 1857 1511 1897 prisci
1529 1867 1586 1898 ge-

881 1919 940 1941 nas
955 1910 1197 1948 vocabant,l2.
1212 1908 1404 1939 tabularum
1422 1908 1586 1938 interdic-

881 1966 917 1991 to
935 1959 1007 1990 radi
1033 1969 1050 1990 a
1068 1958 1214 1990 foeminis
1240 1967 1297 1989 eas
1315 1958 1475 1988 vetante?
1523 1958 1586 1988 Ge-

879 2019 935 2040 nas
951 2009 1066 2040 Graeci
1083 2007 1219 2049 παρειάς.
1266 2008 1360 2040 Quas
1378 2009 1410 2038 in
1429 2008 1523 2039 luctu
1539 2009 1585 2038 la-

880 2061 1042 2092 cerabant
1065 2060 1273 2091 Artemidor.
1300 2069 1376 2099 cap.
1397 2062 1451 2090 30.
1479 2059 1537 2090 lib.
1559 2069 1585 2090 1.

880 2111 939 2141 Καὶ
962 2111 1023 2150 ’γὰρ
1049 2111 1081 2141 ἐν
1105 2112 1171 2142 τοῖς
1196 2109 1323 2141 πένθεσι
1348 2110 1510 2144 λωβῶνται
1530 2109 1586 2139 τὰς

879 2162 1006 2201 παρειὰς
1028 2162 1057 2191 οἱ
1082 2160 1241 2200 ἅνθρωποι.
1266 2162 1288 2191 i.
1332 2162 1342 2177 ‘
1358 2161 1448 2191 Nam
1466 2161 1498 2190 in
1516 2160 1585 2190 luc-

881 2214 971 2244 tibus
995 2212 1145 2243 homines
1174 2212 1323 2242 lacerant
1344 2210 1473 2251 gemm?
1516 2209 1585 2240 Sed

884 2263 1036 2304 quamvis
1066 2264 1142 2303 lege
1166 2263 1310 2293 vetitum
1343 2266 1444 2301 esset,
1470 2264 1583 2290 tamen

882 2313 986 2344 fiebat
1024 2313 1123 2344 etiam
1161 2311 1372 2352 temporibus
1412 2310 1586 2341 Varronis.

882 2363 1046 2394 Servius:
1086 2363 1095 2380 ‘
1113 2362 1222 2392 Varro
1249 2362 1335 2392 dicit
1363 2360 1520 2392 mulieres
1551 2360 1585 2390 in

883 2414 1039 2455 exequiis
1055 2417 1091 2444 et
1116 2413 1209 2443 luctu
1237 2412 1313 2443 ideo
1329 2411 1446 2442 solitas
1464 2421 1523 2442 ora
1538 2411 1585 2441 la-

883 2474 1014 2502 cerare,
1043 2469 1081 2494 ut
1112 2464 1275 2503 sanguine
1303 2467 1440 2494 ostenso
1466 2460 1584 2492 inferis

882 2513 1118 2546 satisfaciant?
1141 2514 1222 2545 Duc.

925 2564 936 2582 f
957 2565 1040 2604 Rapz'
1051 2565 1216 2595 simulatur
1228 2562 1334 2602 virgo]
1357 2562 1442 2592 Inde
1457 2560 1583 2591 Camil.

881 2615 924 2646 de
941 2616 1116 2655 byrnenaeo
1132 2626 1139 2645 :
1157 2614 1167 2631 ⁴
1180 2615 1246 2647 Qui
1265 2614 1353 2653 rapis
1371 2619 1521 2643 teneram
1541 2611 1582 2640 ad

885 2667 990 2697 virum
1008 2664 1195 2705 virginem!
1220 2664 1326 2694 Item:
1347 2662 1419 2692 ‘'l‘n
1437 2663 1507 2691 fero
1525 2660 1583 2691 1ηὑ
