1876 3025
293 190 356 218 DE
390 186 662 217 VERBORUM

698 182 1110 214 SlGNlFlCATlONE
1147 182 1238 211 [ΑΒ.
1274 181 1380 209 le.

1490 169 1575 210 689

180 283 439 340 mang'festum
459 281 583 322 ductu
621 281 743 321 sortis
765 277 889 333 deligi
924 276 1077 327 solitos,
1099 277 1170 331 qui
1200 287 1377 330 augures
1404 273 1576 328 publici.

182 351 236 393 P.
272 350 328 392 R.
392 349 627 394 Quiritium
673 349 716 389 in
776 344 1050 402 auguralibus
1088 344 1316 384 dicerentur
1357 341 1579 396 captabant

181 420 363 475 auspicia
406 417 552 472 templo
591 416 677 457 coelz'
714 415 943 471 regionibus·
980 414 1206 469 designato,
1227 411 1337 467 quod
1369 409 1486 461 lituo,
1508 410 1580 465 qui

181 488 407 545 quirinalis
429 484 679 540 appellatur,
703 482 974 540 designabant
1003 483 1046 523 in
1079 480 1273 536 pomoerio
1295 486 1409 521 extra
1429 478 1580 520 urbem.

828 633 876 661 es
899 619 1003 660 faci.

833 688 980 728 fecisti

130 761 258 801 Picus
282 759 374 801 Rex
401 759 495 813 pico
518 771 591 797 ave
607 756 621 779 '¹
646 755 851 806 utebatur,
872 762 918 796 ut
950 754 1113 795 Verrius
1135 753 1196 796 ait
1226 754 1283 794 ob
1304 752 1541 807 augurium,
1562 766 1585 790 a

184 843 262 884 quo
304 828 358 868 sic
399 825 543 866 (lictus.

621 823 665 864 Is
698 837 830 879 regem
866 820 1066 872 Fatuum,
1113 821 1316 862 Faunum
1348 819 1424 861 alu·
1469 834 1585 875 quem

183 902 342 946 vocant,
362 901 399 935 et
423 892 602 934 Famam
617 892 886 947 procreavit3
908 894 951 932 et
973 904 1030 931 ex
1061 889 1115 930 eis
1145 887 1323 930 Latinus
1345 895 1457 929 orcus
1487 886 1585 927 Tro-

174 964 302 1018 janos
321 976 473 1003 summo
494 960 643 1002 honore
677 959 844 1002 adfecit
866 963 915 1000 ut
946 958 1068 999 etiam
1091 972 1229 998 eorum
1253 972 1385 1013 regem
1410 955 1588 1012 fugien-

189 1039 266 1073 tem
301 1031 492 1085 Argivos
531 1030 722 1071 AEneam
767 1028 941 1083 hospicio
979 1026 1166 1082 suscepit,
1201 1026 1310 1067 dedit
1344 1027 1588 1074 civitatem,

182 1100 330 1154 Junxit
351 1105 490 1139 natam
510 1097 723 1138 connubio.

135 1167 253 1209 Pube
281 1164 503 1221 praesentej
535 1173 588 1206 est
624 1165 780 1220 populo
805 1171 1004 1219 praesente
1035 1165 1313 1220 συνεκδοχικῶς
1345 1162 1397 1202 ab
1438 1161 1500 1211 uls,
1521 1161 1592 1216 qui

188 1234 356 1290 puberes
377 1240 470 1275 sunt
492 1247 646 1274 omnem
661 1232 865 1288 populum
888 1232 1138 1288 significant.

445 1299 459 1323 k

140 1303 197 1344 P.
275 1334 284 1343 .
344 1316 427 1357 qua

799 1422 939 1455 NOTAE

178 1498 193 1518 ¹¹
218 1499 314 1530 Picus
332 1499 402 1530 Rea·
415 1499 483 1539 pico
499 1497 571 1538 are]
609 1497 660 1528 De
675 1497 759 1528 Pico
777 1506 837 1528 ave

136 1555 172 1580 et
189 1559 267 1589 rege
286 1549 361 1579 vide
378 1559 436 1579 suo
453 1549 527 1580 loco
541 1549 550 1565 ‘
565 1547 690 1579 Picus:
735 1548 839 1579 Picus

138 1599 362 1640 Aboriginum
380 1609 439 1630 rex
467 1599 618 1629 Faunum
644 1598 840 1639 procreavit

138 1658 174 1683 et
191 1652 355 1690 Faunam,
380 1651 450 1681 sive
465 1651 611 1682 Fatuum
626 1655 661 1681 et
677 1650 839 1681 Fatuam:

139 1712 215 1732 nam
233 1707 267 1733 et
283 1702 331 1732 ita
352 1701 564 1732 dicebantur.
608 1701 747 1731 Servius
773 1709 840 1730 vn.

140 1751 272 1782 AEneid.
288 1755 296 1768 ⁸
310 1750 457 1783 Quidam
475 1752 571 1781 Deus
588 1756 640 1781 est
659 1750 844 1781 Fatuellus.

142 1801 253 1842 Hujus
284 1811 368 1832 uxor
398 1805 449 1831 est
480 1801 601 1837 Fatua,
632 1800 734 1831 iidem
767 1805 845 1831 sunt

141 1853 275 1884 Faunus
306 1857 342 1883 et
371 1851 510 1890 Fauna,'
541 1854 603 1883 &c.
659 1852 795 1882 Faunus
826 1861 844 1882 e

142 1912 258 1934 sorore
286 1903 400 1934 Fauna
428 1902 583 1933 Latinum
603 1902 770 1942 suscepit,
788 1912 845 1933 cu-

137 1954 197 1996 jus
213 1958 333 1995 postea
350 1962 456 1993 gener
474 1954 609 1985 AEneaS.
655 1953 743 1992 Etsi,
769 1963 846 1984 cum

143 2005 280 2036 Faunus
297 2004 386 2035 idem
409 2004 485 2034 Pan
507 2003 614 2034 Arcas
629 2003 734 2035 fuerit
751 2005 846 2044 cujus

143 2055 186 2086 ab
203 2055 363 2086 Evandro
387 2053 495 2085 cultus
521 2054 652 2085 Latium
677 2054 742 2085 fuit
764 2054 847 2085 inla-

145 2111 212 2146 tus,
238 2115 315 2137 eum
347 2105 379 2135 iu
418 2105 516 2136 Latio
550 2113 710 2145 regnasse
744 2114 847 2136 merae

144 2166 243 2197 nugae
260 2156 303 2186 ab
319 2156 359 2186 iis
373 2155 543 2191 confictae,
560 2155 616 2197 qui
635 2155 696 2187 hoc
713 2155 848 2196 ignora-

145 2213 236 2239 runt.
265 2208 361 2239 [dem.

189 2258 198 2279 i
221 2258 307 2290 Pube
332 2257 503 2298 proesente]
549 2257 640 2288 Vide
669 2267 729 2288 suo
763 2258 851 2289 loco.

149 2310 246 2342 Idem.

191 2359 206 2380 k
230 2361 270 2391 P.
297 2384 305 2392 .
332 2384 339 2391 .
365 2361 445 2401 .qu.]
471 2361 522 2391 De
542 2360 606 2391 Pio
629 2369 669 2390 ac
695 2359 852 2398 Piaculo,

150 2414 185 2441 et
200 2410 449 2452 expiationibus
461 2410 632 2450 fulgurum
650 2410 760 2450 egisse
774 2408 853 2439 Fes-

151 2465 220 2491 tum
238 2466 339 2502 puto:
366 2461 448 2492 item
475 2462 666 2502 pecuniam,
690 2470 764 2501 quae
785 2469 857 2490 ero-

152 2516 288 2550 gai-etur
319 2511 529 2551 piaculorum
556 2521 673 2550 causa,
704 2510 855 2551 piacula-

153 2570 224 2591 rem
243 2561 367 2592 dictam
384 2572 391 2592 :
420 2562 614 2603 edictaque,
634 2572 709 2602 quae
726 2561 804 2602 quid
823 2561 855 2591 iu

154 2611 334 2650 religiones
345 2611 387 2641 ob
400 2611 625 2651 ignorantiam
643 2612 854 2643 commissum

156 2662 468 2703 expiarijuberent,
483 2663 666 2703 piacularia
679 2663 788 2694 dicta:
808 2662 857 2692 id-

157 2723 221 2753 que
239 2712 354 2743 referri
375 2723 393 2743 a
407 2713 554 2743 Messala
567 2714 598 2744 in
615 2714 856 2754 explanatione

158 2772 340 2801 sactorum,
356 2772 395 2792 an
414 2763 639 2802 auguriorum.
688 2763 855 2805 sequeba-

244 2816 405 2857 Del1›h.et
427 2816 500 2847 Var.
517 2817 602 2847 Clas.

785 2817 893 2855 Pomp,
915 2816 1001 2846 Fesb.

895 1497 1103 1529 turdeinde:
1119 1498 1465 1538 Pipulum‚ploratus,a
1478 1496 1595 1537 pipatu.

895 1550 1063 1590 pullorum
1089 1555 1246 1581 sumtum.
1298 1549 1404 1578 Varro
1433 1548 1466 1578 in
1493 1547 1599 1578 Aulu-

895 1600 1000 1631 laria:
1025 1606 1034 1619 ‘
1054 1601 1177 1641 Pipulo
1203 1607 1236 1631 te
1265 1598 1419 1630 differam
1448 1603 1528 1629 ante
1556 1608 1600 1629 ae·

897 1651 958 1682 des
973 1650 995 1682 :'
1024 1652 1056 1683 id
1084 1657 1150 1691 est,
1170 1651 1336 1686 convicio,
1354 1650 1557 1681 declinatum
1582 1659 1601 1679 a

898 1702 1016 1742 pipatu
1043 1702 1226 1743 pullorum.
1273 1700 1425 1731 Isidorus
1450 1701 1482 1729 in
1503 1699 1602 1730 Glos-

898 1753 963 1783 sis:
989 1758 996 1770 ‘
1012 1753 1151 1793 Pipulo,
1167 1753 1317 1792 ploratu,
1334 1749 1513 1782 convicio!
1536 1750 1602 1780 Re-

899 1802 990 1843 liqua
1006 1803 1069 1833 alio
1088 1802 1319 1843 pertinebant,
1346 1801 1389 1831 de
1406 1799 1602 1831 consulibus

901 1861 1085 1893 eorumque
1117 1852 1318 1883 lictoribus:
1348 1856 1431 1892 puto
1456 1851 1495 1882 iis
1515 1855 1605 1881 trae-

903 1908 1010 1933 tatum
1028 1902 1134 1933 fuisse
1156 1902 1199 1933 de
1220 1902 1353 1942 legibus
1370 1900 1604 1932 consularibus

902 1953 935 1984 in
953 1954 1044 1984 cives
1062 1954 1203 1994 rogatis,
1227 1963 1304 1995 quae
1320 1953 1516 1984 sanciebant
1535 1961 1606 1992 poe-

902 2013 980 2035 nam
1009 2004 1202 2036 verberum.
1249 2005 1338 2036 Nam
1363 2004 1397 2035 in
1415 2003 1482 2034 fine
1503 2003 1607 2033 mani-

903 2052 992 2086 festo
1008 2056 1081 2086 haec
1099 2056 1227 2097 scripta
1251 2054 1412 2086 fuerunt:
1436 2054 1537 2085 tribus
1554 2056 1606 2084 35.

903 2110 959 2137 aut
984 2106 1156 2146 privilegia
1186 2107 1341 2146 irrogare,
1364 2109 1415 2136 aut
1447 2106 1483 2135 de
1507 2104 1608 2143 capite

902 2156 981 2187 civis
1005 2160 1157 2195 statuere,
1188 2156 1251 2187 m'si
1286 2156 1421 2187 maximo
1447 2154 1610 2185 comitiam

903 2210 1009 2238 vetant
1050 2209 1100 2238 12.
1135 2207 1324 2238 Tabularum
1354 2208 1448 2245 leges,
1477 2208 1609 2246 praster-

904 2268 994 2298 quam
1010 2257 1042 2287 in
1057 2258 1218 2299 veneficos,
1230 2258 1340 2298 quique
1355 2258 1469 2287 malum
1486 2265 1612 2287 carmen

905 2309 1067 2339 incantant
1078 2320 1087 2338 .·
1113 2309 1185 2348 qaia
1201 2308 1263 2348 ipsi
1288 2308 1458 2338 indemnati
1473 2307 1548 2345 jure
1563 2317 1612 2337 oc—

906 2359 1065 2391 ciduntur.
1112 2359 1240 2390 Notum
1259 2363 1310 2389 est
1332 2358 1419 2399 quod
1439 2357 1547 2397 posui,
1568 2357 1611 2388 de

908 2409 1022 2449 capite
1047 2409 1142 2448 civis,
1167 2413 1202 2440 et
1220 2409 1262 2439 de
1282 2408 1467 2449 privilegiis
1485 2417 1527 2437 ex
1555 2407 1609 2437 Ci-

908 2460 1042 2491 ceronis
1060 2469 1126 2490 non
1144 2459 1260 2500 paucis
1278 2459 1381 2490 locis:
1408 2467 1469 2498 pro
1487 2457 1615 2493 Sextio,

908 2521 969 2552 pro
987 2511 1099 2550 domo,
1116 2515 1150 2541 et
1169 2519 1227 2541 111.
1241 2510 1282 2541 de
1307 2509 1412 2549 legib.
1431 2508 1527 2539 libro.
1562 2509 1613 2537 De

910 2560 1071 2591 veneficis
1101 2566 1136 2591 et
1175 2559 1444 2590 incantatoribus
1477 2557 1613 2587 notissi-

912 2622 984 2642 mus
1001 2616 1053 2642 est
1071 2611 1173 2641 Plinii
1187 2611 1281 2641 locus
1306 2609 1364 2640 lib.
1382 2617 1514 2639 xxvni-
1536 2616 1566 2637 c.
1583 2610 1614 2636 ⁶2.

913 2661 1136 2692 Indemnatos
1154 2661 1199 2690 ait
1218 2659 1340 2690 occidi.
1380 2659 1469 2689 Quia
1492 2657 1615 2696 passim

915 2711 1096 2751 unicuique
1122 2710 1316 2741 intenflcere
1337 2708 1477 2745 lii-ebat,
1504 2711 1540 2738 ut
1558 2716 1616 2747 ap·

918 2767 1025 2801 paret·
1051 2761 1122 2791 dos.
1141 2760 1223 2791 Scal.

1453 2815 1471 2842 2
1498 2811 1529 2841 X
