1876 3025
232 181 346 224 1220

233 292 280 318 ios
303 286 432 318 necessit
455 282 635 325 legendum
660 284 761 313 custos
785 290 842 312 nec
866 279 937 311 esic.

235 336 407 376 Gifwius,
422 337 432 354 ‘
450 334 557 367 escit.'

260 423 265 430 ,
282 389 363 429 Nec]
401 388 502 428 Legis
533 383 713 416 duodecim
745 382 937 413 tabularum

240 439 444 480 particulam
462 447 504 468 ex
522 435 676 475 vestigiis
699 433 748 465 sic
761 432 940 474 legendam

238 495 334 531 puto,
357 492 405 520 ast
415 489 443 519 ei
457 490 559 519 custos
575 496 630 517 nec
647 485 739 516 escit.-
762 485 839 515 escit
851 484 940 514 enim

239 551 300 582 pro
317 541 379 573 erit
396 540 542 570 Veteres
560 535 735 571 (licebant,
750 539 785 565 et
800 536 808 550 ‘
826 542 941 574 super-

240 593 346 624 escit'
371 601 431 632 pro
456 590 464 606 ‘
481 586 671 628 supererit'
695 587 727 616 in
751 585 862 616 Ennio
884 584 940 615 ob-

240 647 355 674 servat
372 642 493 672 Festus
514 639 577 669 hoc
595 647 714 667 versu:
739 640 746 653 ‘
766 636 853 665 Dum
871 634 943 675 qui-

241 695 318 725 dem
336 698 371 724 et
387 701 470 723 unus
482 690 580 720 homo
598 689 714 719 Romae
731 692 811 717 totae
828 695 943 726 super-

243 743 368 776 escitz’
394 742 474 772 etin
491 739 651 772 Lucretio
676 738 751 769 escit
774 737 874 767 etiam
892 745 944 766 re-

244 795 389 836 peritur,
413 792 470 822 lib.
505 800 529 821 1.
562 795 571 808 ‘
590 790 679 829 Ergo
715 789 803 818 iuter
834 796 945 818 rerum

243 853 408 877 summam
446 841 684 880 minimamque
715 838 796 880 quid
836 837 947 869 escit.'

244 896 415 928 Antonius
439 900 552 925 autem
574 891 783 932 Augustinus
804 889 948 920 rectissi-

245 957 299 979 me
316 953 352 978 et
368 943 637 986 ingeniosissime
654 941 737 973 dicit
758 942 791 972 in
808 950 850 971 ea
873 940 948 980 lege

248 1007 315 1030 ΧΠ.
332 996 402 1028 tab.
426 995 465 1026 Si
479 992 700 1031 adoratfurtm
713 992 791 1032 quod
814 1000 866 1022 nec
887 1001 950 1021 ma-

246 1048 393 1085 nifestum
409 1046 492 1082 erit;
516 1046 644 1075 adorare
660 1053 733 1074 esse
751 1052 850 1081 agere
865 1051 872 1071 τ
891 1041 950 1072 sed

249 1102 285 1129 et
307 1105 450 1137 perorare
476 1105 535 1135 pro
562 1104 655 1133 agere
680 1093 840 1124 videntur
857 1102 953 1122 usur-

251 1158 352 1190 passe
387 1147 632 1179 decemvirales
671 1145 816 1176 tabulae:
849 1144 859 1160 ‘
877 1152 954 1173 cum

251 1203 415 1241 perorant
429 1197 525 1229 ambo
538 1194 790 1237 praesenles,'id
805 1198 865 1232 est,
879 1202 954 1223 cum

253 1250 351 1282 ambo
384 1252 572 1290 praesentes
615 1251 733 1286 agunt,
769 1244 955 1285 postulant.

255 1300 388 1332 Turneb.
405 1299 459 1329 lib.
476 1307 513 1329 x.
529 1308 594 1337 cap.
609 1300 662 1327 15.

296 1351 389 1381 PAG.
400 1352 473 1381 471.
492 1346 716 1386 Necumquem]
728 1345 907 1384 Distingue
922 1349 957 1375 et

255 1400 366 1432 scribe
389 1409 445 1431 nec
469 1407 623 1438 umquem,
648 1406 709 1437 pro
737 1405 790 1427 nec
816 1405 959 1435 umquam

804 1503 947 1551 LIB.

300 1595 394 1625 PAG.
408 1594 483 1624 512.
509 1589 669 1630 Obstitus]
693 1589 784 1620 Festi
800 1588 884 1620 liber
904 1588 960 1618 de-

257 1648 422 1687 pravatus
448 1641 595 1680 videtur,
618 1644 653 1670 et
681 1640 815 1670 omnino
848 1639 960 1678 legeu-

259 1697 353 1736 dum,
371 1694 530 1734 Obstipus.
558 1691 729 1731 Gifanius‚
743 1691 753 1709 ‘
772 1688 964 1730 Obstipusss

303 1747 397 1778 PAG.
427 1747 502 1776 517.
544 1742 703 1782 Occisum]
734 1741 773 1773 Si
797 1742 966 1772 hominem.-

262 1799 387 1830 Numae
402 1796 514 1836 legem
538 1791 784 1824 restituendam
803 1797 904 1832 puto:
931 1790 967 1821 Si

264 1847 432 1879 Hominem
449 1844 596 1883 fulminis
614 1842 735 1882 occisit,
753 1852 790 1872 ne
807 1851 899 1881 supra
911 1850 967 1880 ge-

263 1907 326 1929 nua
341 1897 455 1933 tollito,
472 1895 503 1925 id
527 1897 584 1933 est,
602 1893 630 1924 si
635 1892 774 1930 fulmine
793 1892 909 1922 occisus
922 1895 969 1922 est

265 1948 390 1986 eijusta
404 1944 570 1987 nullafieri
585 1946 721 1984 oportet.-
746 1943 794 1974 sic
812 1943 900 1973 enim
920 1948 968 1972 to-

267 2003 338 2031 tum
370 1997 464 2028 illum
501 1996 614 2027 locum
651 1993 832 2035 legendum
874 1998 968 2034 puto.

268 2049 337 2079 Pro
349 2051 379 2079 et
396 2047 484 2082 alibi,
501 2044 634 2086 reposui
647 2045 680 2075 id
696 2048 754 2083 est,
774 2053 850 2075 cum
869 2043 970 2074 sciam

269 2108 343 2130 eam
372 2097 574 2138 particulam
598 2095 782 2135 saepissime
805 2093 973 2133 deprava-

269 2155 339 2181 tam
356 2157 429 2180 esse
447 2159 453 2176 :
478 2152 516 2177 ut
532 2146 565 2176 in
578 2146 694 2179 Festo,
711 2145 720 2161 ‘
736 2143 941 2183 Nuncupata
953 2142 973 2172 ε’

273 2201 345 2231 Lex
368 2203 419 2230 est
447 2206 514 2228 xn.
543 2195 613 2227 tab.
650 2203 725 2226 cum
753 2202 883 2225 Nexum
914 2201 973 2224 FA-

274 2258 355 2281 cmr
394 2253 707 2285 MANCUHUMQUE,
739 2252 797 2276 uT1
836 2251 975 2274 LlNGUA

275 2306 529 2332 nuncupassrn
547 2304 608 2327 ιτΑ
623 2304 680 2326 Jus
693 2303 790 2334 Esto,
805 2294 838 2325 id
854 2297 912 2329 est,
928 2293 977 2323 uti

276 2349 447 2380 nominarit
474 2349 650 2385 locutusque
666 2344 741 2382 erit,
766 2344 811 2375 ita
826 2343 883 2382 jus
901 2347 975 2374 esto.

282 2402 373 2437 Vota,
399 2403 451 2441 ἔμ’.
478 2399 525 2430 sie
556 2397 738 2437 legendum
771 2401 854 2436 puto
878 2400 913 2426 et
943 2395 976 2425 in

276 2452 286 2469 ‘
302 2449 482 2483 numer02’
517 2449 697 2487 Numquam
722 2455 848 2476 numero
878 2445 980 2476 Matri

276 2502 422 2535 faciemus
437 2499 529 2536 volui,
545 2498 578 2528 id
593 2500 652 2532 est,
667 2505 819 2536 nunquam
839 2495 979 2526 nimium.

280 2552 381 2593 vulgo
397 2552 478 2581 idem
488 2552 544 2579 est.
567 2545 736 2584 Gifanius‚
753 2551 761 2564 ‘
778 2544 981 2586 Sanguini8‚'

281 2603 323 2634 de
348 2612 413 2643 quo
437 2600 554 2632 eodem
575 2599 650 2629 loco
674 2597 751 2629 vide
775 2597 980 2638 Epistolicas

284 2652 404 2693 Lipsii.

329 2701 486 2741 Occisum]
511 2699 577 2732 Qui
594 2698 636 2729 de
652 2699 734 2729 caelo
759 2701 870 2729 tactus
895 2702 980 2736 erat,

285 2753 511 2784 Romanorum
536 2748 698 2789 religione
721 2757 783 2779 nou
809 2747 981 2779 cremaba-

699 185 841 217 NOTAE
873 182 1140 214 VARIORUM
1176 183 1227 212 IN

987 287 1176 320 quemquam.
1199 275 1368 314 Gifanius‚
1383 276 1393 293 ‘
1410 272 1601 309 Quaecum.’

1031 330 1125 361 PAG.
1149 331 1263 360 480-1.
1291 328 1435 368 Niciure]
1465 328 1594 358 Versus
1620 326 1688 357 En-

989 380 1107 412 nianus
1117 379 1159 410 de
1171 379 1329 410 venatico
1343 388 1428 410 cane
1441 387 1603 419 perquam
1621 377 1687 406 ele—

991 436 1111 471 gantes
1132 431 1179 461 sic
1203 430 1364 471 legendos
1389 429 1554 461 arbitror:
1586 427 1692 459 Veluti

991 482 1112 522 quando
1126 481 1235 512 vinclis
1249 481 1390 512 venatica
1405 481 1494 511 velox
1516 479 1601 519 Apta
1619 477 1692 508 silet

991 531 1186 570 canis,sorte
1195 531 1300 570 seram
1311 531 1338 562 si
1353 541 1392 562 ex
1406 540 1480 562 nare
1493 529 1600 568 sagaci
1615 528 1693 559 Sen-

991 582 1046 620 sit,
1071 592 1141 613 voce
1160 591 1216 613 sua
1237 582 1328 613 nictit
1351 583 1509 621 ululatque
1530 581 1575 611 ibi
1597 581 1696 610 acute.

994 633 1144 664 Turneb.
1159 633 1219 664 lib.
1239 642 1274 664 x.
1292 643 1366 673 cap.
1385 637 1436 664 15.

1039 686 1187 726 Nictare]
1222 686 1322 717 Ennii
1351 694 1468 714 versus
1497 682 1593 713 valde
1618 683 1697 711 sunt

997 738 1233 773 contaminati,
1250 747 1334 777 quos
1349 737 1396 767 ita
1409 733 1573 775 legendos
1591 736 1696 771 puto:

1003 788 1107 820 Veluti
1122 789 1149 818 si
1164 789 1285 829 quando
1308 787 1417 818 vinclis
1431 785 1572 817 venatica
1591 783 1700 814 Venox

999 838 1086 879 Apta
1100 839 1173 870 solet
1187 850 1197 869 :
1220 839 1246 869 si
1252 839 1340 876 forte
1346 836 1453 874 feram
1465 845 1504 866 ex
1519 843 1593 865 nare
1608 842 1700 871 saga-

1000 890 1028 920 ci
1051 889 1168 930 Sensit,
1194 899 1265 920 voce
1286 899 1341 919 sua
1362 887 1455 918 nictit
1481 886 1638 924 ululatque
1658 882 1702 913 ibi

1001 944 1100 971 acute.
1147 939 1302 972 Gifanius
1341 937 1453 969 indice
1485 935 1703 972 Lucretiano,

1003 991 1012 1007 ‘
1030 990 1177 1021 nictari)

1047 1041 1139 1071 PAG.
1167 1043 1241 1070 501.
1282 1037 1485 1078 Nundinalis]
1526 1033 1705 1067 Nundina-

1004 1092 1069 1122 lem
1108 1101 1252 1132 coquum
1291 1090 1425 1121 videtur
1462 1089 1580 1118 Festus
1614 1082 1705 1124 apud

1006 1141 1177 1179 Plautum,
1192 1145 1351 1180 quantum
1369 1149 1388 1170 e
1402 1136 1580 1169 ruderibus
1595 1138 1629 1165 et
1651 1142 1709 1172 pa-

1007 1191 1136 1221 rietinis
1153 1190 1223 1231 ejus
1239 1190 1361 1230 conjici
1390 1191 1517 1230 potest,
1540 1186 1633 1217 velut
1650 1192 1709 1213 uo-

1010 1242 1198 1272 vendialem
1215 1240 1451 1281 interpretari,
1466 1239 1522 1280 qui
1539 1246 1626 1269 nono
1652 1236 1710 1266 de·

1009 1302 1097 1322 mum
1120 1292 1175 1322 die
1202 1296 1377 1332 coqueret,
1402 1296 1438 1321 ut
1462 1300 1479 1321 a
1506 1289 1631 1320 Plauto
1655 1287 1711 1327 jo-

1009 1349 1108 1374 cante
1123 1343 1373 1383 dieitur,seque
1388 1341 1581 1382 explicante
1596 1339 1629 1370 in
1643 1337 1710 1369 Au-

1009 1394 1141 1425 lularia.
1169 1393 1299 1435 Tur-neii-
1315 1393 1368 1423 lib.
1386 1401 1420 1423 x.
1435 1402 1502 1433 cap.
1520 1394 1570 1421 15.

1009 1502 1169 1550 Xlll.

1017 1592 1084 1627 tur,
1122 1587 1179 1619 sed
1212 1586 1455 1628 sepeliebatur,
1490 1584 1604 1617 Plinio
1638 1593 1716 1615 auc-

1017 1642 1112 1669 tore:
1149 1638 1244 1678 cujus
1269 1637 1371 1668 verba
1400 1640 1496 1667 sunt:
1522 1637 1531 1652 ‘
1550 1634 1716 1665 hominem

1016 1688 1066 1719 ita
1082 1688 1308 1719 exanimatum
1325 1685 1468 1718 cremari
1492 1684 1544 1716 fas
1568 1693 1633 1715 non
1655 1688 1722 1723 est,

1018 1738 1118 1769 condi
1145 1743 1238 1768 terra
1269 1737 1387 1777 religio
1416 1733 1599 1767 tradiditz'
1624 1734 1718 1774 leges

1020 1794 1132 1820 tamen
1150 1788 1272 1819 Numae
1297 1797 1339 1818 ne
1356 1786 1493 1826 sepeliri
1510 1784 1645 1826 quidem
1662 1793 1720 1814 vo-

1018 1840 1149 1877 lebant,
1165 1838 1344 1879 cumjusta
1359 1836 1432 1867 fieri
1448 1834 1633 1866 fulminatis
1649 1833 1720 1864 nol-

1020 1894 1112 1924 lent:
1132 1892 1169 1923 Si
1184 1892 1334 1923 hominem
1347 1889 1534 1928 fulminibus
1550 1886 1669 1925 occisit,
1682 1895 1720 1917 ne

1020 1953 1111 1983 supra
1134 1952 1236 1981 genua
1262 1942 1374 1972 tollito.
1400 1940 1496 1980 liujus
1522 1939 1608 1979 legis
1633 1938 1721 1968 hanc

1023 2003 1098 2024 esse
1126 1993 1326 2024 sententiam
1350 1991 1518 2030 existimo,
1536 1993 1585 2028 ut,
1601 1988 1627 2019 si
1646 1988 1721 2028 quis

1023 2044 1117 2076 Jovis
1142 2042 1281 2073 fulmine
1308 2042 1350 2072 sit
1374 2032 1596 2078 exanimatus,
1620 2048 1662 2069 ne
1679 2038 1722 2069 ad

1024 2095 1232 2134 sepulturam
1250 2094 1401 2126 tollatur.
1429 2090 1562 2122 Turneb.
1579 2089 1633 2120 lib.
1646 2098 1722 2120 XVI.

1023 2155 1089 2184 cap.
1105 2146 1158 2175 29.

1069 2195 1159 2226 PAG.
1169 2196 1244 2225 523.
1264 2192 1480 2234 Offerumenta
1492 2190 1644 2229 dicebant,
1655 2200 1724 2230 quoe

1025 2242 1212 2286 offerebant]
1236 2243 1275 2274 Id
1293 2252 1355 2279 ego
1372 2242 1413 2272 de
1431 2242 1470 2272 iis
1490 2239 1724 2281 accipiendum

1028 2294 1230 2335 putaverim,
1245 2303 1319 2333 quae
1338 2293 1370 2323 in
1387 2291 1490 2323 sacris
1506 2290 1584 2322 Diis
1605 2288 1725 2321 offere-

1030 2346 1162 2383 bantur,
1186 2344 1284 2382 unde,
1309 2349 1347 2374 ut
1370 2343 1534 2383 suspicor,
1557 2346 1655 2372 natus
1672 2345 1726 2372 est

1029 2397 1165 2435 elegans
1180 2394 1420 2434 Plautijocus:
1447 2398 1455 2411 ‘
1471 2392 1513 2423 Ni
1526 2390 1726 2423 offerumen-

1030 2451 1081 2477 tas
1098 2446 1201 2475 habes
1228 2446 1342 2485 plures
1367 2444 1400 2474 iu
1423 2449 1520 2482 tergo
1538 2440 1632 2472 tuo:¹
1657 2440 1726 2481 ubi,

1029 2495 1243 2537 offerumenta,
1270 2494 1395 2525 vibices
1426 2494 1600 2533 plagarum
1629 2495 1727 2532 tergo

1030 2546 1220 2577 oblatarum
1252 2553 1412 2586 perquam
1436 2542 1639 2584 joculariter
1668 2551 1726 2581 ap-

1032 2595 1149 2637 pellat.
1174 2595 1223 2626 Id.
1238 2595 1315 2625 ibid.

1076 2645 1238 2686 Offucare]
1256 2644 1344 2675 Hinc
1361 2646 1481 2684 putant
1493 2642 1631 2680 insucare
1654 2649 1728 2671 esse

1033 2697 1120 2737 apud
1148 2696 1302 2726 Plautum
1333 2694 1444 2724 vinum
1474 2702 1560 2733 aqua
1585 2691 1727 2725 diluere,

1032 2756 1107 2777 cum
1124 2746 1223 2776 etiam
1239 2753 1323 2785 aqua
1338 2746 1412 2783 ejus
1429 2743 1521 2774 color
1534 2740 1725 2773 infucetur:
