1876 3025
285 158 348 187 DE
381 154 654 186 VERBORUM

114 252 293 304 Rimari,
316 264 502 308 quaerere
518 257 532 274 ‘²
551 248 684 300 valde,
708 255 755 289 nc
774 248 816 288 in
834 246 945 287 rimis
962 260 1118 302 quoque
1135 276 1144 287 .

687 318 762 371 qui
782 322 823 359 te
845 317 1025 357 rimatur

688 151 1101 184 SIGNIFICATIONE
1135 152 1231 181 LIB.
1264 152 1368 183 XVI.

1473 142 1558 184 ’769

1394 246 1558 301 [Fsssr.

684 386 852 427 Ennius
872 385 951 426 lib.
974 394 1047 423 X1.

112 526 318 568 Rituales
334 522 351 546 ‘¹

682 454 858 507 utrique

382 525 664 565 nominantur
703 522 987 564 Etruscorum
1027 519 1143 570 libri,
1177 520 1221 560 in
1261 519 1424 573 quibus
1467 532 1563 572 per-

171 594 382 648 scriptum
414 596 494 643 est,
526 606 615 647 quo
641 592 724 633 ritu
758 591 1004 632 condantur
1038 590 1182 638 urbes,
1215 601 1321 638 arae,
1353 587 1471 629 aedes
1495 601 1564 628 sa·

169 668 358 712 crentur,
379 675 469 715 qua
491 661 724 702 sanctitate
744 658 872 707 muri,
893 671 981 712 quo
995 657 1097 712 jure
1126 661 1297 711 portae:
1319 669 1408 710 quo
1430 655 1563 696 modo

169 731 321 779 tribus,
355 730 502 778 curiae,
527 729 754 777 centuriae,
785 726 1116 775 distribuantur,
1148 725 1371 764 exercitus
1403 723 1567 764 consti-

170 802 358 848 tuantur,
398 797 661 846 ordinentur,
691 800 924 848 ceteraque
960 793 1179 848 ejusmodi
1215 792 1272 834 ad
1303 791 1476 842 bellum,
1509 791 1566 833 ad

170 880 323 921 pacem
344 865 618 921 pertinentia.

116 932 277 975 Ritusf
304 938 371 975 est
389 946 486 974 mos
509 932 828 986 comprobatus
848 931 891 971 in
909 929 1265 971 administrandis
1286 943 1356 971 sa·
1386 929 1567 983 [PAUL.

172 1002 365 1043 orificiis.

116 1070 253 1112 Ritus
276 1076 344 1111 est
364 1082 476 1119 mos,
498 1069 568 1109 vel
591 1065 897 1110 consuetudo:
930 1065 1010 1106 rite
1032 1068 1178 1106 autem
1211 1064 1426 1119 significat
1455 1066 1568 1106 bene

174 1151 227 1180 ac
249 1143 381 1180 recte.

117 1206 243 1247 Ritus
263 1213 318 1246 est
339 1220 420 1246 mos
438 1210 453 1234 g
483 1202 550 1245 vel
570 1201 829 1245 consuetudo.

173 1281 276 1315 recte
306 1272 510 1329 significat

663 1341 765 1382 istic
790 1338 991 1389 Plautus,
1016 1336 1291 1380 Menceclzmis.

894 1200 993 1243 Rite
1022 1208 1157 1242 autem
1185 1200 1280 1241 hene
1311 1215 1357 1241 ac
1406 1200 1571 1254 [FEST.

1355 1336 1473 1379 Certe
1495 1336 1573 1378 hac

174 1411 319 1451 mulier
338 1410 549 1451 canterino
574 1409 659 1449 rica
684 1415 825 1449 astaus
841 1407 1013 1448 somniat

671 1476 791 1518 homi

665 1547 741 1587 ina

666 1615 763 1671 telod

664 1683 750 1724 alio

774 1858 920 1891 NOTAE

121 1967 256 2008 ἐρευνᾷ]
276 1969 345 2000 Jos.
362 1968 448 2000 Scal.

164 2017 304 2058 Rimari]
336 2019 429 2050 Rima
445 2021 497 2050 est
514 2029 533 2050 a
548 2018 663 2059 ῥῆγμα,
689 2017 822 2059 fissura,

120 2068 201 2100 inde
217 2069 338 2105 rimari,
352 2069 386 2100 iu
402 2070 493 2100 rimis
506 2079 670 2110 quaerere,
687 2070 823 2110 proprie

122 2118 165 2150 de
190 2119 317 2160 suibus,
340 2120 398 2161 qui
426 2120 565 2161 glandes
589 2120 754 2151 rimantur
778 2120 822 2151 de

123 2169 216 2200 rimis
232 2175 410 2202 terrarum.
433 2170 533 2202 Unde
550 2175 585 2202 et
601 2171 745 2202 sumitur
759 2181 822 2212 pro

123 2220 132 2236 ‘
149 2219 270 2260 pasci.'
291 2221 373 2252 Dae.

165 2275 180 2292 ⁰
206 2271 340 2311 Rimari,
358 2271 512 2312 quoerere]
536 2272 622 2303 Haec
645 2271 686 2303 ad
704 2271 825 2313 despe-

126 2322 293 2352 rationem
313 2323 432 2353 mutila
456 2327 534 2353 sunt
558 2323 590 2353 in
609 2333 708 2354 versu
725 2323 827 2354 Ennii

128 2393 155 2402 ..
166 2394 174 2402 .
191 2372 347 2404 rimantur
362 2374 498 2414 utrique.
544 2375 589 2406 Et
607 2375 649 2405 de
664 2375 826 2416 Hispanis

125 2421 237 2454 forsan
265 2424 469 2465 loquebatur
488 2425 629 2464 Ennium,
653 2426 709 2467 qui
726 2436 745 2456 a
761 2426 826 2457 Ca·

127 2479 207 2506 tone
233 2474 267 2504 in
283 2473 397 2514 fugam
415 2476 502 2506 versi
525 2476 674 2507 latebras
694 2480 728 2507 et
751 2486 827 2517 spe-

127 2533 187 2555 cus
214 2524 434 2556 rimabantur.
487 2526 575 2557 Nam
605 2531 640 2558 et
667 2527 828 2558 continuo

128 2575 332 2617 sequebatur
345 2576 434 2615 apud
452 2577 608 2613 Ennium,
621 2577 631 2595 ‘
642 2577 723 2609 Alte
737 2579 829 2609 elata

129 2636 253 2667 specus
291 2626 464 2668 petrisque
494 2628 680 2669 ingentibu'
712 2630 828 2661 tecta.'

130 2678 226 2709 Idem.
563 2715 565 2718 ⁸

172 2729 186 2748 <¹
210 2728 370 2768 Rituales]
397 2729 616 2762 Etruscorum
634 2729 722 2772 libri,
747 2732 829 2772 quia

215 2781 332 2822 Delplt.
348 2785 378 2813 et
400 2783 475 2814 Vur.
493 2784 577 2814 Clas.

775 2785 884 2823 Pomp.
902 2784 930 2814 F
929 2787 985 2814 cst.

879 1967 921 1998 ab
939 1967 1090 1998 Etruscis
1106 1966 1154 1998 illi
1172 1966 1254 1997 ritus
1270 1965 1386 1997 acciti.
1413 1965 1508 1996 Ritus
1526 1974 1581 1997 au-

880 2023 950 2049 tem
978 2018 1116 2059 proprie
1143 2018 1342 2058 religionem
1371 2020 1521 2057 spectat,
1548 2021 1583 2047 et

881 2068 959 2100 inde
986 2068 1069 2099 dicti
1091 2068 1232 2107 rituales,
1257 2066 1346 2109 quod
1363 2067 1408 2097 ibi
1425 2066 1467 2097 de
1482 2066 1582 2097 rebus

881 2120 922 2150 ad
940 2128 1037 2150 sacra
1053 2124 1087 2150 et
1110 2119 1306 2159 religionem
1329 2116 1582 2159 pertinentibus

881 2175 1049 2211 ageretur.
1093 2170 1193 2200 Hanc
1210 2179 1327 2200 vocem
1350 2168 1493 2199 retinuit
1518 2168 1584 2198 Ec·

881 2221 983 2253 clesia
1003 2221 1168 2252 Romana.
1192 2220 1290 2251 Idem.

923 2275 938 2291 ²
963 2272 1035 2307 Qua
1048 2271 1217 2302 sanctitate
1232 2271 1326 2309 muri,
1348 2281 1405 2310 quo
1418 2269 1495 2309 jure
1510 2279 1584 2310 por-

883 2322 938 2363 tae]
956 2324 1073 2354 Portae
1085 2323 1220 2364 quidem
1234 2327 1376 2360 sanctae,
1390 2326 1426 2353 ut
1440 2325 1474 2351 et
1487 2320 1586 2351 muri.

880 2373 948 2404 Sed
965 2373 1045 2414 quia
1059 2383 1231 2404 murorum
1245 2373 1406 2404 sanctitas
1424 2372 1532 2412 major
1548 2375 1585 2402 et

882 2425 1062 2466 antiquior,
1100 2426 1176 2456 ideo
1211 2425 1245 2456 in
1278 2424 1458 2456 ritualibus
1490 2423 1584 2454 libris

881 2485 1049 2507 murorum
1076 2476 1254 2515 sanctitas,
1273 2476 1330 2516 jus
1361 2485 1441 2506 vero
1470 2479 1585 2514 porta-

883 2537 970 2567 rum,
985 2529 1048 2558 δερ.
1072 2528 1169 2558 Idem.

926 2577 939 2598 f
959 2577 1067 2616 Ritus]
1092 2578 1179 2608 Vide
1205 2583 1212 2594 ‘
1228 2575 1321 2607 moS.'
1346 2576 1444 2606 Idem.

923 2633 939 2655 g
963 2628 1058 2659 Ritus
1087 2631 1133 2659 est
1164 2628 1244 2668 mos]
1278 2628 1364 2659 Quae
1396 2628 1584 2664 sequuntur

884 2680 984 2720 plane
1001 2679 1178 2719 deplorata
1194 2682 1283 2715 sunt,
1306 2684 1415 2717 neque
1433 2674 1473 2705 ad
1493 2673 1582 2704 idem

885 2736 988 2769 caput
1006 2730 1177 2770 pertinere
1194 2729 1362 2759 videntur.
1387 2727 1483 2755 Idem.

1425 2782 1442 2809 3
1471 2779 1498 2809 C
