1876 3025
320 153 431 195 1108
789 161 937 193 sssxrl
970 161 1175 192 ΡοΜΡΕιι
1213 164 1349 195 FES‘rl

727 256 1044 299 Remorbescat
1067 258 1226 299 Eunias
1239 259 1418 313 posuisse
1439 258 1618 308 videtur,
1631 273 1711 313 pro
1728 259 1770 300 in

320 329 511 370 morbum
534 326 717 368 recidat.
777 323 990 380 Refutare
1022 323 1221 380 signifieat
1252 324 1514 381 redarguere,
1544 326 1772 367 Pacuvius

318 398 363 439 in
382 396 597 437 Hemioua
613 401 626 424 ⁵
946 423 955 433 .
1016 406 1129 447 quas
1150 393 1289 447 gloria
1311 399 1356 434 et

577 461 712 502 rictas
734 461 969 502 humanum
1317 462 1575 516 compositam
1597 460 1773 517 afando

326 546 437 573 versa
459 546 482 571 a
503 530 630 571 litera
664 529 707 569 in
729 542 772 569 u.
793 534 839 568 ut
869 527 965 569 item
1000 527 1043 568 in
1064 527 1181 569 cludo
1199 528 1367 585 factum
1396 536 1468 580 est,
1500 545 1525 570 α
1552 530 1774 584 quoreclu-

324 600 438 641 dere.
499 595 832 646 Rencmciscitar,
859 594 1026 637 Verrius
1047 596 1207 651 quidem
1224 597 1467 652 significare
1483 598 1545 638 ait
1557 596 1774 651 reprelien-

323 666 399 708 dit.
449 664 562 706 Unde
593 663 723 705 adhuc
754 678 823 704 nos
850 665 1054 716 dicimus,
1077 666 1369 718 nanciscitur3
1404 672 1443 706 et
1462 672 1619 716 nactus,
1640 664 1684 706 id
1703 671 1773 715 est,

322 735 506 789 adeptus.
568 732 693 784 Reor,
730 733 953 783 existimo,
992 737 1034 774 et
1070 746 1302 788 quaecmeq.
1338 732 1390 773 ab
1425 747 1467 774 eo
1501 733 1773 783 declinantur,

322 816 508 858 quorum
536 802 720 856 passiva
747 800 983 842 auctoritas
1014 807 1083 842 est.
1142 801 1237 855 [87]
1270 799 1465 842 Remulco
1487 807 1557 851 est,
1582 815 1670 842 cum
1691 815 1774 840 sca·

316 871 412 926 phce
433 870 554 911 remis
575 869 688 911 navis
708 883 860 924 magna
881 867 1081 910 trahitur.
1143 867 1346 925 Rigidum
1374 876 1412 910 et
1438 876 1592 924 praeter
1613 867 1773 909 modum

310 937 524 994 frigidum
537 937 763 991 significat,
778 943 816 978 et
829 936 976 977 darum
1096 967 1106 977 .
1609 936 1741 990 ugido
1756 932 1774 957 ⁶

966 1004 1109 1057 rigido
1633 1035 1643 1045 .

321 1074 465 1130 rigido
485 1074 598 1115 ferro
964 1070 1238 1127 Regifugium
1253 1071 1267 1093 ¹<
1286 1071 1369 1112 dies
1389 1078 1557 1113 notatur
1576 1071 1619 1112 in
1640 1069 1774 1112 Fastis

324 1154 395 1185 Vl.
424 1141 528 1184 Kal.
565 1139 763 1190 Martias,
794 1146 840 1180 at
876 1139 937 1180 ait
963 1137 1144 1189 Verrius,
1174 1139 1233 1179 ita
1263 1139 1407 1191 dictus,
1432 1140 1537 1194 quia
1557 1153 1601 1180 eo
1621 1139 1685 1180 die
1706 1153 1774 1179 rex

327 1208 578 1266 Tarquinius
602 1207 942 1264 Romafiegerit;
974 1208 1093 1262 quod
1115 1207 1267 1249 salsum
1289 1221 1367 1248 esse
1386 1207 1524 1263 arguit
1548 1206 1712 1248 Cincius
1731 1206 1773 1246 in

324 1277 428 1318 libro
456 1276 686 1328 Fastorum,
715 1282 758 1318 et
788 1276 939 1318 'l'ulius
955 1282 970 1307 7
1004 1276 1051 1316 de
1069 1275 1211 1330 feriis,
1231 1276 1302 1331 qui
1326 1274 1506 1316 Saliares
1527 1275 1715 1330 virgines,
1736 1280 1774 1314 et

325 1345 472 1387 Salios
505 1344 638 1385 adesse
664 1343 803 1385 dicunt
831 1342 940 1399 Regi
963 1357 1184 1392 sacrorum,
1207 1357 1297 1383 cum
1315 1342 1433 1398 facit
1451 1342 1705 1384 sacrificium
1727 1342 1773 1382 in

328 1411 518 1462 Com-itio,
539 1427 616 1468 quo
632 1412 772 1466 facto,
792 1413 930 1452 statim
943 1410 1067 1467 fitgit
1084 1426 1096 1450 .·
1128 1409 1238 1465 qnod
1256 1424 1394 1450 veram
1416 1411 1658 1464 cognoverit
1680 1421 1772 1458 esse,

324 1481 396 1535 qui
416 1480 557 1536 legerit
580 1480 623 1520 in
644 1478 778 1519 Fastis
799 1478 879 1520 dies
900 1480 1014 1528 tales,
1036 1478 1183 1533 quales
1203 1483 1411 1518 notantur
1433 1478 1485 1517 sic
1504 1492 1515 1516 :
1551 1475 1604 1520 Q.
1630 1474 1771 1517 REX.

330 1547 378 1589 C.
403 1547 449 1589 F.
473 1547 517 1588 id
536 1555 604 1598 est,
627 1548 802 1602 quaudo
823 1547 925 1588 Rex
947 1545 1188 1596 comitiavit,
1206 1544 1313 1589 Fas;
1340 1544 1384 1585 id
1406 1551 1462 1585 est
1492 1544 1548 1584 acl
1569 1542 1773 1584 comitiam

325 1616 430 1658 icat:
452 1617 518 1658 his
541 1616 643 1656 enim
666 1621 826 1655 tantum
845 1614 974 1670 feriis
997 1611 1106 1667 Regi
1125 1626 1330 1653 sacrorum
1354 1612 1393 1651 in
1426 1610 1663 1660 Comitium,
1693 1623 1771 1650 nec

321 1685 362 1725 iu
379 1683 473 1725 aliis
493 1685 550 1724 ire
572 1683 686 1724 licet:
716 1683 788 1737 qui
817 1697 896 1723 mos
916 1680 1077 1723 videtur
1098 1681 1245 1722 ascitus
1267 1694 1313 1720 ex
1338 1679 1526 1722 Etruria.
1593 1675 1772 1733 Regifu-

927 1813 1163 1826 eeeeeeeeeeee

363 1908 381 1934 5
407 1903 431 1936 f.
451 1903 699 1935 Hermiona.—-6
722 1902 746 1934 f,
764 1902 941 1942 rigida—7
968 1900 993 1932 f.
1009 1901 1126 1932 Julius.

979 2026 1117 2059 NOTAE

366 2114 379 2133 k
404 2114 626 2155 Regifugium]
642 2114 752 2146 Julius
769 2113 811 2144 de
829 2113 921 2144 feriis
936 2113 1018 2144 cita-

323 2168 378 2195 tur
395 2173 413 2194 a
429 2163 607 2194 Macrobio
630 2163 662 2193 in
680 2162 886 2194 Saturnalib.
931 2161 1018 2192 Vide

321 2215 354 2245 in
372 2215 380 2229 ‘
396 2214 502 2245 Salias
521 2213 692 2254 virgines‚'
708 2222 749 2244 ex
771 2222 810 2244 eo
827 2214 914 2244 enim
942 2213 1016 2243 loco

320 2270 452 2306 partem
472 2264 654 2305 fragmenti
680 2265 923 2305 supplevimus,
939 2264 1015 2295 reli-

320 2325 386 2355 qua
403 2325 445 2346 ex
462 2315 623 2346 Varronis
641 2314 699 2346 lib.
718 2324 750 2345 v.
767 2314 807 2345 de
821 2315 920 2355 Ling.
938 2315 1011 2346 Lat.

316 2367 349 2396 iu
366 2376 432 2406 quo
449 2371 502 2397 est
519 2377 526 2395 τ
560 2365 568 2381 ‘
586 2366 681 2404 Dies,
708 2365 762 2407 qui
786 2369 921 2396 notatur
941 2365 1009 2396 sic:

318 2424 350 2449 a.
371 2425 455 2447 Rex.
473 2424 503 2446 c.
520 2424 550 2446 F.
575 2416 622 2446 sic
649 2416 758 2447 dietus
783 2416 825 2446 ab
846 2425 897 2451 eo,
921 2414 1011 2455 quod

314 2477 353 2497 eo
371 2467 425 2497 die
444 2466 519 2498 Rex
537 2465 742 2497 sacrificulus
763 2466 826 2497 itat
843 2466 883 2497 ad
901 2466 1011 2497 Comi-

313 2519 409 2557 tium,
426 2518 466 2548 ad
489 2517 578 2558 quod
601 2522 736 2556 tempus
761 2522 813 2547 est
836 2515 944 2556 nefas,
968 2515 1010 2546 ab

310 2577 351 2598 eo
368 2568 440 2598 fas:
467 2569 549 2609 itaq.
573 2572 649 2607 post
665 2567 697 2597 id
716 2571 849 2606 tempus
867 2567 939 2606 lege
956 2575 1010 2597 ac-

310 2622 380 2648 tum
399 2618 513 2658 saepe,’
545 2620 608 2648 sce.
653 2617 708 2648 Sic
737 2617 824 2647 enim
850 2616 1011 2656 legendus

312 2669 517 2707 Va=·1·0‚n0n
541 2674 577 2699 nt
602 2668 726 2699 amicus
749 2677 853 2703 meus,
877 2668 955 2707 quod
979 2676 1012 2697 eo

319 2718 368 2749 die
396 2719 465 2750 Rea·
487 2718 639 2759 sacrificat
665 2719 704 2748 ad
726 2717 913 2749 Comitium:
937 2726 1011 2747 nam

1074 2111 1278 2142 Plutarchus
1305 2111 1352 2142 sic
1381 2110 1481 2141 habet
1506 2110 1540 2140 in
1567 2108 1674 2150 probl.
1701 2108 1768 2139 ἔστι

1072 2162 1148 2201 ’γοῦν
1161 2172 1207 2192 τις
1223 2162 1256 2191 ἐν
1268 2161 1372 2201 ἀγορᾷ
1388 2160 1475 2191 θυσία
1487 2160 1562 2201 πρὸς
1576 2161 1620 2199 τῷ
1634 2159 1766 2198 λεγομέ-

1072 2223 1112 2250 νῳ
1128 2210 1263 2250 Κομιτίῳ
1274 2210 1415 2250 πάτριος,
1430 2210 1468 2247 ἢν
1484 2210 1578 2242 θύσας
1591 2212 1607 2241 ὁ
1621 2209 1768 2246 βασιλεὺς

1071 2261 1149 2292 κατὰ
1173 2260 1274 2300 τάχος
1303 2261 1406 2293 ἄπεισι
1433 2261 1556 2301 φεύγων
1586 2263 1616 2301 ἐξ
1643 2262 1768 2302 ἀγορᾶς.

1070 2312 1173 2343 Ovid.
1192 2313 1222 2343 in
1242 2312 1370 2344 Fastis:
1389 2314 1397 2329 ‘
1412 2314 1568 2344 Quatuor
1584 2312 1662 2343 inde
1679 2313 1766 2344 notis

1072 2362 1164 2393 locus
1180 2367 1244 2398 est,
1260 2362 1350 2402 quib.
1365 2363 1481 2393 ordine
1498 2363 1606 2399 lectis,
1618 2363 1683 2393 Vel
1695 2373 1765 2394 mos

1070 2422 1256 2452 sacrorum,
1271 2413 1323 2442 vel
1339 2412 1416 2453 fuga
1432 2414 1532 2453 Regis
1559 2412 1668 2444 inest?
1699 2413 1763 2444 Fu-

1073 2471 1114 2503 ga
1143 2463 1246 2502 Regis
1272 2472 1289 2492 e
1317 2462 1474 2503 Comitio,
1505 2463 1536 2494 id
1563 2467 1628 2501 est,
1651 2463 1685 2493 ἐκ
1709 2463 1766 2500 τῆς

1066 2513 1195 2553 ἀγορᾶς,
1212 2517 1247 2543 ut
1265 2513 1311 2543 ait
1329 2513 1547 2548 Plutarchus,
1563 2513 1641 2553 quia
1653 2512 1764 2543 Comi-

1066 2564 1150 2595 tium
1178 2568 1251 2594 erat
1280 2564 1310 2593 iu
1336 2564 1444 2594 Foro:
1470 2573 1511 2594 ex
1535 2563 1626 2594 Festi
1650 2568 1762 2594 autem

1066 2612 1276 2654 fragmento.
1290 2637 1298 2645 .
1313 2635 1321 2644 .
1334 2617 1393 2653 iat,
1423 2613 1505 2643 satis
1538 2617 1633 2653 patet
1671 2613 1762 2653 apud

1065 2665 1252 2696 Varronem
1284 2665 1344 2696 ilat
1389 2663 1568 2705 legendum
1597 2672 1670 2696 esse
1701 2673 1761 2704 pro

1066 2715 1161 2746 dicat.
