1876 3025
462 193 608 224 SEXT!
645 193 848 223 POMPEu

144 298 211 319 non
229 287 385 328 rusticos,
403 296 479 318 cum
505 287 638 328 Servio,
655 288 712 319 sed
736 288 847 329 polius

144 349 219 371 cum
236 339 448 370 Tertulliano
471 349 572 379 puros
599 340 730 370 calceos
749 340 847 371 iutel-

143 391 294 430 ligemus,
325 389 446 430 quibus
478 400 538 430 per
566 391 672 430 nives,
710 390 846 431 imbres,

144 440 287 482 glaciem
303 441 446 471 Veteres
465 442 569 472 etiam
594 450 670 471 usos
693 451 766 472 esse
786 441 847 473 Ju-

144 492 272 522 venalis
289 491 338 521 his
350 492 502 522 versibus
521 498 638 523 auctor
653 498 717 528 est,
735 493 846 532 Satyr.

144 551 220 572 xrv.
243 543 252 559 ‘
268 541 326 572 Nil
346 542 486 572 vetitum
504 541 623 573 fecisse
639 544 730 574 volet
747 552 846 583 quem

144 602 209 624 non
228 592 336 634 pudet
363 593 434 625 alto
457 593 528 625 Per
554 594 694 634 glaciem
719 603 846 635 perone

704 726 848 774 LIB.

187 833 279 865 PAG.
297 836 371 865 455.
399 833 518 864 Narita
540 833 694 875 [Narica]
718 834 848 866 Versus

144 884 200 924 qui
228 883 476 915 adducunture
495 886 612 923 Festo,
640 885 696 915 ubi
723 891 757 916 et
785 885 849 925 pis-

143 936 230 965 cium
249 935 518 967 nominaGraeca
531 936 650 966 mirum
665 935 698 966 in
711 936 848 967 modum

143 985 330 1025 depravata
361 990 451 1026 sunt,
481 991 515 1017 et
542 988 677 1017 luxata:
713 987 769 1027 qui
803 987 849 1017 ita

142 1036 345 1067 restituendi
362 1041 459 1067 sunt:
486 1038 660 1068 Muriatica
684 1041 786 1068 autem
802 1038 850 1068 vi-

143 1089 197 1118 deo
222 1087 254 1118 in
274 1088 357 1118 vasis
379 1088 539 1119 stanneis:
564 1088 684 1118 Bonam
700 1088 849 1129 naritam,

142 1141 172 1168 et
190 1147 357 1177 camaram,
372 1141 401 1168 et
418 1139 545 1177 tagenio
557 1150 567 1169 .-
588 1138 850 1176 Echinosfartos,

142 1189 272 1220 conchas
298 1190 494 1229 piscinarias.
533 1190 711 1220 Muriatz'ca
753 1195 851 1221 vocat

143 1239 184 1270 τὰ
213 1239 381 1280 παριχηρὰ,
413 1251 488 1281 quae
527 1241 559 1271 in
592 1241 698 1271 muria
727 1240 851 1271 Thasia

144 1291 382 1328 servabantur,
408 1301 448 1321 ea
471 1291 520 1322 ita
544 1291 784 1322 describuntur
817 1292 849 1322 in

144 1341 296 1372 Penolo:
322 1344 330 1358 ‘
348 1342 453 1374 Quasi
470 1343 558 1373 salsa
581 1342 758 1372 muriatica
776 1351 849 1372 esse

145 1397 377 1432 autumantur,
392 1393 471 1423 Sine
488 1392 576 1423 omni
594 1393 711 1432 lepore
728 1397 762 1422 et
778 1392 850 1422 sine

143 1442 325 1481 suavitate,
344 1443 419 1473 Nisi
436 1443 542 1473 inulta
558 1452 644 1483 aqua
662 1447 696 1473 et
709 1442 765 1473 diu
782 1452 850 1473 ma-

143 1499 316 1532 cerantur,
331 1494 431 1529 olen,
455 1496 541 1525 salso
562 1499 638 1525 sunt
656 1499 796 1534 tangere
815 1498 850 1524 ut

144 1554 210 1575 non
236 1544 343 1575 velis?
383 1546 501 1575 Narita
525 1544 651 1576 dicitur
673 1545 774 1576 ostrei
793 1554 850 1585 ge-

143 1606 218 1637 nuS‚
235 1607 308 1637 quae
327 1599 466 1637 νηριταῖα
480 1607 500 1628 a
515 1597 663 1628 Graecis.
684 1597 852 1627 Camarum

143 1648 308 1688 scriptum
327 1652 380 1678 est
398 1657 462 1678 uuo
479 1658 520 1683 m,
539 1648 646 1677 veteri
672 1652 851 1677 consuetu-

144 1699 241 1729 dine:
260 1699 361 1729 etiam
377 1699 464 1738 apud
484 1698 690 1738 Hesychium
703 1695 850 1736 κάμαρον.

146 1749 297 1789 Tagenia,
330 1754 407 1779 sunt
427 1751 548 1789 pisces,
576 1750 630 1788 qui
651 1754 683 1778 et
699 1758 850 1786 ταγηνισ-

141 1798 204 1838 w),
215 1799 315 1840 quiet
328 1799 388 1838 ipsi
401 1800 433 1829 ἐν
444 1797 526 1840 ἅλμῃ
539 1797 746 1837 ἐμβαφθέντες
759 1798 849 1835 ἐπην-

142 1848 333 1889 θρακίζοντο.
365 1850 451 1879 Vide
469 1850 684 1879 Athenaeum.
719 1849 801 1880 Scal.
818 1849 850 1879 in

147 1900 326 1939 Con-jectan.
359 1901 399 1931 aa
428 1901 558 1932 Varron.
588 1899 640 1930 lib.
669 1909 718 1930 1v.
751 1899 848 1939 [Vid.

144 1951 257 1982 Notas
275 1950 404 1990 supra]

189 2001 320 2040 Narita]
358 2000 544 2040 Muriutica,
561 2000 614 2038 Cre.
631 1999 848 2030 scribendum

144 2050 177 2081 in
194 2051 347 2081 Varrone
364 2051 420 2081 diu
449 2051 562 2089 putavi
588 2054 617 2080 et
642 2053 782 2080 canatoe:
807 2050 847 2081 ad

143 2099 284 2131 formam
304 2101 434 2131 scilicet
449 2105 480 2130 et
496 2099 753 2130 similitudinem
773 2109 847 2140 per-

143 2160 196 2181 nae
242 2151 393 2181 caninae:
433 2155 653 2191 utrarumque
697 2150 849 2182 meminit

146 2202 290 2233 Plautus
318 2201 405 2241 apud
446 2202 604 2231 Festum:
646 2201 849 2232 Muriaticam

144 2256 245 2283 autem
262 2253 348 2283 video
362 2253 393 2282 in
409 2252 491 2282 vasis
512 2252 673 2288 stanneis;
700 2252 849 2282 Nar-icam

144 2302 253 2333 bonam
273 2306 302 2334 et
323 2306 464 2332 canutam
489 2305 518 2332 et
542 2302 746 2341 comoequinas
771 2303 848 2332 Far·-

144 2357 192 2384 tas
215 2356 244 2383 et
263 2353 390 2383 conchas
405 2352 599 2391 piscinarias.
616 2352 673 2382 sed
689 2356 800 2382 cunata
817 2353 848 2382 in

145 2405 271 2434 Plauto
295 2404 405 2444 polius
434 2404 477 2433 sit
501 2403 602 2442 pulpa
628 2407 662 2432 et
686 2411 764 2432 earo
797 2411 849 2432 ca-

146 2456 196 2486 nis
239 2454 370 2492 marini,
406 2455 547 2494 ejusque
587 2454 847 2483 salsamentum:

148 2505 249 2536 Nunc
279 2505 456 2535 Strabonis
489 2504 693 2534 auctoritate
723 2503 850 2533 adduc-

147 2561 211 2590 tus,
256 2555 425 2593 sequanica?
470 2554 649 2593 legendum
689 2553 845 2585 arbitror.

148 2605 236 2635 Nau}
265 2605 307 2634 de
334 2606 489 2645 sequanis
517 2606 658 2645 loquens
684 2605 744 2642 ait,
760 2604 845 2635 libro

147 2663 200 2688 ιν.
233 2654 402 2694 Cosmogr.
428 2653 494 2684 ὅθεν
521 2654 552 2684 αἱ
576 2653 744 2684 κάλλισται
758 2665 845 2694 ,ταρι-

148 2706 232 2744 χεῖαι
252 2707 314 2735 τῶν
330 2704 416 2735 ὑείων
431 2706 524 2744 κρεῶν
541 2704 581 2735 εἷς
593 2704 650 2741 τὴν
661 2704 776 2742 Ῥώμην
793 2715 846 2734 κα,-

148 2753 376 2793 τακομίζονται.
400 2765 462 2786 nec
478 2754 639 2785 dubitabo
661 2754 693 2784 in
722 2755 846 2785 Plauto

885 193 1020 224 Fsss'ri
1060 195 1154 223 nin.
1189 193 1283 223 xii,
1490 185 1602 227 1219

904 289 996 329 legi?
1031 289 1158 320 Eodem
1177 298 1274 319 sensu
1291 298 1416 329 perones
1432 290 1602 330 accepisse

904 340 1037 371 videtur
1052 340 1210 371 Sidonius
1235 339 1441 380 Apollinaris
1466 341 1603 380 epistol.

903 390 960 421 lib.
978 400 1029 421 iv.
1053 397 1061 409 ‘
1076 392 1225 423 Quorum
1245 390 1348 430 pedes
1365 390 1461 429 primi
1476 400 1603 430 perone

903 445 1016 471 setoso
1047 442 1131 472 talos
1162 440 1313 481 adusque
1341 440 1600 473 vinciebantur:

903 500 1026 530 genua,
1042 500 1153 529 crura,
1169 500 1324 531 suraeque
1339 491 1411 521 sine
1429 492 1603 531 tegmine.'

901 541 1038 572 ,Iacobus
1075 540 1253 572 Rcevardus
1288 541 1452 572 Variorum
1490 542 1542 574 lib.
1578 552 1603 576 1.

902 601 969 632 cap.
988 594 1018 623 8.

908 729 1039 776 ΧΙΙ.

900 836 1105 876 Sequanicam
1126 839 1156 868 et
1181 836 1353 868 comacinas
1375 837 1503 878 legere,
1526 847 1603 869 cum

900 897 1016 918 versus
1046 897 1206 919 mensura
1237 898 1310 919 eam
1342 888 1524 919 lectionem
1556 888 1604 919 vi-

900 938 1022 969 deatur
1039 940 1230 979 postulare:
1256 939 1407 970 senarius
1425 940 1514 970 enim
1534 939 1605 980 jus-

901 993 955 1019 tus
973 993 1041 1020 est:
1070 994 1078 1006 ‘
1098 989 1257 1020 Naricam
1281 990 1403 1021 bonam
1424 994 1458 1021 et
1482 999 1603 1031 sequa-

900 1039 1009 1069 nicam
1035 1043 1071 1070 et
1097 1038 1314 1070 comacinas.’
1360 1039 1538 1070 Editiones
1556 1044 1605 1071 ta-

899 1098 976 1119 men
993 1089 1131 1129 optimae
1148 1093 1177 1120 et
1194 1094 1334 1122 cavatam
1354 1094 1384 1121 et
1400 1091 1605 1131 tagumaequz'-

900 1149 956 1169 nas
982 1139 1076 1170 nobis
1100 1140 1289 1180 objiciunt:
1314 1141 1380 1172 imo
1401 1145 1435 1171 et
1450 1144 1604 1172 canutam.

901 1190 1015 1222 Quare
1050 1189 1279 1221 Academicos
1306 1190 1442 1232 sequuti
1467 1194 1603 1221 senten-

902 1240 981 1270 tiam
1015 1239 1270 1276 sustinebimus,
1301 1245 1336 1270 et
1367 1240 1440 1271 aliis
1472 1240 1604 1280 discep-

902 1291 1005 1321 tanda
1033 1291 1108 1322 haec
1137 1291 1250 1331 potius
1280 1292 1520 1332 relinquemus.
1551 1292 1603 1323 Id.

900 1341 977 1371 ibid.

945 1391 1037 1422 PAG.
1051 1392 1125 1421 459.
1138 1393 1213 1421 460.
1238 1391 1386 1432 Navalis]
1407 1391 1606 1423 Columbaria

900 1441 934 1471 in
950 1451 1026 1472 nare
1040 1442 1238 1482 appellantur
1252 1452 1300 1482 ea,
1316 1442 1424 1482 quibus
1438 1443 1516 1473 remi
1529 1443 1602 1473 emi-

900 1494 995 1522 nent.-
1019 1491 1067 1522 sic
1084 1491 1172 1522 enim
1189 1491 1353 1522 foramina
1368 1503 1429 1532 per
1447 1503 1520 1533 quae
1538 1497 1604 1523 tra-

895 1541 1065 1582 jiciuntur
1077 1542 1171 1579 remi,
1189 1542 1426 1573 nominantur:
1440 1547 1537 1573 vetus
1550 1545 1604 1574 est

901 1593 1084 1633 scriptura,
1107 1603 1170 1623 rem
1189 1593 1360 1632 geniment:
1385 1592 1474 1623 unde
1501 1598 1602 1626 natus

901 1643 1032 1682 error‚i
1051 1642 1101 1684 (j)
1118 1643 1235 1674 littera
1253 1643 1384 1674 divulsa
1400 1648 1526 1674 etcum
1545 1653 1602 1675 vo-

900 1694 964 1725 cali
980 1703 996 1724 e
1012 1694 1208 1734 conjuncta,
1229 1704 1253 1733 g
1277 1703 1393 1724 sonum
1422 1693 1600 1725 reddente.

900 1744 1033 1775 Ibidem
1071 1745 1216 1775 Festus:
1249 1746 1351 1775 ‘Non
1380 1744 1465 1784 ego,'
1492 1745 1604 1786 inquit

901 1796 1055 1833 Plautus,
1071 1796 1125 1825 ‘te
1139 1795 1214 1825 novi
1229 1795 1357 1825 navalis
1375 1796 1486 1826 scriba
1501 1795 1533 1825 in
1547 1805 1604 1827 co-

900 1846 1042 1877 lumbari
1066 1846 1242 1886 impudens
1257 1845 1279 1876 :'
1302 1845 1344 1876 de
1366 1847 1500 1877 vinculo
1524 1846 1603 1877 colli

901 1897 1006 1936 accipi
1025 1901 1160 1937 posset:
1176 1896 1233 1926 sed
1247 1900 1280 1926 et
1294 1896 1414 1926 naz-alis
1428 1896 1527 1926 scriba
1536 1895 1603 1927 dici

900 1957 1014 1978 amare
1032 1951 1146 1987 posset
1164 1947 1203 1986 is,
1221 1946 1276 1987 qui
1294 1946 1475 1987 aliquando
1491 1946 1603 1977 socius

900 1998 1028 2028 navalis
1046 2002 1079 2028 et
1095 2002 1199 2027 nauta
1222 1995 1354 2037 fuisset,
1371 2002 1406 2027 et
1423 1996 1603 2027 insolesce-

900 2053 953 2079 ret
978 2052 1096 2087 postea
1117 2047 1205 2088 quod
1231 2047 1343 2077 scrilra
1361 2052 1451 2077 esset
1470 2046 1600 2078 factus:

899 2099 1150 2138 interpretatur
1167 2103 1278 2129 tamen
1296 2098 1416 2127 Festus
1435 2096 1476 2126 de
1491 2096 1602 2127 colum-

899 2149 967 2180 bari
982 2149 1081 2188 navis,
1107 2149 1138 2179 id
1164 2153 1227 2187 est,
1243 2147 1421 2186 foramine,
1440 2147 1518 2187 quia
1535 2151 1601 2177 tra-

893 2199 1015 2239 jicitur
1038 2209 1147 2229 remus
1164 2198 1196 2228 in
1215 2198 1358 2237 triremi,
1378 2197 1528 2228 foramen
1545 2207 1602 2227 au-

899 2254 965 2279 tem
984 2248 1064 2279 illud
1081 2258 1215 2279 ascoma
1239 2249 1458 2288 operiebatur
1474 2248 1601 2278 munie—

898 2299 1077 2338 baturque.
1123 2298 1263 2329 Suidas:
1300 2298 1478 2335 ἀσκώματα,
1503 2296 1543 2326 τὰ
1569 2298 1601 2327 ἐν

898 2349 965 2378 ταῖς
993 2348 1119 2378 κώπαις“
1136 2347 1349 2386 σκεπαστήρια
1379 2348 1412 2377 ἐκ
1440 2346 1601 2385 δέρματος,

900 2397 943 2427 οἷς
959 2399 1095 2437 χρῶνται
1111 2397 1143 2426 ἐν
1155 2398 1223 2427 ταῖς
1235 2397 1383 2437 τριήρεσι,
1399 2397 1600 2436 καθ’ἳὶτρῆμα

900 2448 918 2485 ἡ
934 2448 1020 2485 κώπη
1036 2447 1240 2487 ἐμβάλλεται.
1272 2448 1395 2479 Melius·
1410 2457 1490 2486 ergo
1505 2448 1547 2478 sit
1564 2454 1600 2477 ut

901 2500 980 2530 socii
999 2499 1134 2530 navales
1152 2499 1206 2538 qui
1228 2498 1258 2528 iu
1272 2499 1379 2528 classe
1397 2498 1601 2536 militabant,

901 2549 1004 2581 infimi
1028 2553 1124 2579 erant
1147 2548 1294 2586 ordinis;
1319 2549 1365 2578 sic
1388 2549 1510 2579 nai-ales
1525 2549 1601 2579 scri-

887 2601 953 2631 >fluis
966 2600 1095 2630 infimos
1112 2604 1146 2630 et
1158 2600 1465 2638 contemptissimos
1481 2600 1532 2630 sui
1550 2609 1601 2630 or·

902 2651 989 2681 dinis
1013 2650 1217 2691 intelligere.
1254 2650 1386 2681 Tur-neb.
1408 2649 1460 2680 lib.
1482 2658 1517 2681 x.
1533 2660 1599 2689 cap.

906 2705 956 2733 15,

946 2752 1035 2783 PAG.
1050 2753 1125 2783 469.
1150 2751 1217 2781 Nec
1241 2748 1496 2788 conjunctionem]
1523 2750 1600 2780 Cus-
