<?xml version="1.0" encoding="UTF-8"?>
<!DOCTYPE html PUBLIC "-//W3C//DTD XHTML 1.0 Transitional//EN"
    "http://www.w3.org/TR/xhtml1/DTD/xhtml1-transitional.dtd">
<html xmlns="http://www.w3.org/1999/xhtml" xml:lang="en" lang="en">
 <head>
  <title>
</title>
<meta http-equiv="Content-Type" content="text/html;charset=utf-8" />
  <meta name='ocr-system' content='tesseract 3.04.00' />
  <meta name='ocr-capabilities' content='ocr_page ocr_carea ocr_par ocr_line ocrx_word'/>
</head>
<body>
  <div class='ocr_page' id='page_1' title='image "./mverriiflacciqua02verruoft/mverriiflacciqua02verruoft_0483.png"; bbox 0 0 1876 3025; ppageno 0'>
   <div class='ocr_carea' id='block_1_1' title="bbox 656 104 1555 146">
    <p class='ocr_par' dir='ltr' id='par_1_1' title="bbox 656 104 1555 146">
     <span class='ocr_line' id='line_1_1' title="bbox 656 104 1555 146; baseline 0.001 -1"><span class='ocrx_word' id='word_1_1' title='bbox 656 113 1018 145; x_wconf 78' lang='lat' dir='ltr'>FRAGMENTUM.</span> <span class='ocrx_word' id='word_1_2' title='bbox 1446 104 1555 146; x_wconf 85' lang='lat' dir='ltr'>llll</span> 
     </span>
    </p>
   </div>
   <div class='ocr_carea' id='block_1_2' title="bbox 47 209 1557 878">
    <p class='ocr_par' dir='ltr' id='par_1_2' title="bbox 47 209 1557 878">
     <span class='ocr_line' id='line_1_2' title="bbox 114 209 1555 264; baseline 0.001 -13"><span class='ocrx_word' id='word_1_3' title='bbox 114 216 202 264; x_wconf 77' lang='lat' dir='ltr'>atq.</span> <span class='ocrx_word' id='word_1_4' title='bbox 244 209 456 258; x_wconf 80' lang='lat' dir='ltr'>industria</span> <span class='ocrx_word' id='word_1_5' title='bbox 498 223 670 251; x_wconf 89' lang='lat' dir='ltr'>omnem</span> <span class='ocrx_word' id='word_1_6' title='bbox 712 211 1053 252; x_wconf 81' lang='lat' dir='ltr'>adolescentiam</span> <span class='ocrx_word' id='word_1_7' title='bbox 1106 223 1246 251; x_wconf 88' lang='lat' dir='ltr'>meam</span> <span class='ocrx_word' id='word_1_8' title='bbox 1287 211 1555 261; x_wconf 82' lang='lat' dir='ltr'>abstinui,40</span> 
     </span>
     <span class='ocr_line' id='line_1_3' title="bbox 113 278 1556 333; baseline 0.001 -15"><span class='ocrx_word' id='word_1_9' title='bbox 113 291 217 332; x_wconf 83' lang='lat' dir='ltr'>agro</span> <span class='ocrx_word' id='word_1_10' title='bbox 258 278 454 328; x_wconf 87' lang='lat' dir='ltr'>colendo,</span> <span class='ocrx_word' id='word_1_11' title='bbox 500 279 623 319; x_wconf 85' lang='lat' dir='ltr'>saxis</span> <span class='ocrx_word' id='word_1_12' title='bbox 666 279 861 328; x_wconf 82' lang='lat' dir='ltr'><strong>Sabinis,</strong></span> <span class='ocrx_word' id='word_1_13' title='bbox 897 279 1057 320; x_wconf 84' lang='lat' dir='ltr'>silicib.</span> <span class='ocrx_word' id='word_1_14' title='bbox 1091 278 1430 332; x_wconf 79' lang='lat' dir='ltr'>repastinandis,</span> <span class='ocrx_word' id='word_1_15' title='bbox 1467 283 1556 333; x_wconf 85' lang='lat' dir='ltr'>atq.</span> 
     </span>
     <span class='ocr_line' id='line_1_4' title="bbox 112 345 1556 400; baseline 0 -13"><span class='ocrx_word' id='word_1_16' title='bbox 112 346 406 387; x_wconf 84' lang='lat' dir='ltr'>conserendis.</span> <span class='ocrx_word' id='word_1_17' title='bbox 467 345 678 387; x_wconf 89' lang='lat' dir='ltr'>Afranius</span> <span class='ocrx_word' id='word_1_18' title='bbox 723 348 764 388; x_wconf 93' lang='lat' dir='ltr'>in</span> <span class='ocrx_word' id='word_1_19' title='bbox 807 347 1087 400; x_wconf 83' lang='lat' dir='ltr'>Repudiato:</span> <span class='ocrx_word' id='word_1_20' title='bbox 1134 346 1384 400; x_wconf 82' lang='lat' dir='ltr'>Repastina</span> <span class='ocrx_word' id='word_1_21' title='bbox 1421 348 1556 387; x_wconf 81' lang='lat' dir='ltr'>serati</span> 
     </span>
     <span class='ocr_line' id='line_1_5' title="bbox 110 412 1557 468; baseline 0.001 -15"><span class='ocrx_word' id='word_1_22' title='bbox 110 419 283 455; x_wconf 83' lang='lat' dir='ltr'>senex⁵</span> <span class='ocrx_word' id='word_1_23' title='bbox 333 413 462 467; x_wconf 87' lang='lat' dir='ltr'>fugis.</span> <span class='ocrx_word' id='word_1_24' title='bbox 536 414 743 465; x_wconf 77' lang='lat' dir='ltr'>Relueoe,</span> <span class='ocrx_word' id='word_1_25' title='bbox 779 416 1008 462; x_wconf 85' lang='lat' dir='ltr'>resolvere,</span> <span class='ocrx_word' id='word_1_26' title='bbox 1051 415 1338 468; x_wconf 83' lang='lat' dir='ltr'>repignerare.</span> <span class='ocrx_word' id='word_1_27' title='bbox 1414 412 1557 454; x_wconf 87' lang='lat' dir='ltr'>Caeci-</span> 
     </span>
     <span class='ocr_line' id='line_1_6' title="bbox 111 480 1556 535; baseline -0.001 -14"><span class='ocrx_word' id='word_1_28' title='bbox 111 481 197 522; x_wconf 93' lang='lat' dir='ltr'>lius</span> <span class='ocrx_word' id='word_1_29' title='bbox 231 482 274 522; x_wconf 93' lang='lat' dir='ltr'>in</span> <span class='ocrx_word' id='word_1_30' title='bbox 305 481 490 523; x_wconf 87' lang='lat' dir='ltr'>Carine:</span> <span class='ocrx_word' id='word_1_31' title='bbox 523 481 585 523; x_wconf 86' lang='lat' dir='ltr'>Ut</span> <span class='ocrx_word' id='word_1_32' title='bbox 615 495 784 532; x_wconf 87' lang='lat' dir='ltr'>aurum,</span> <span class='ocrx_word' id='word_1_33' title='bbox 822 486 866 524; x_wconf 88' lang='lat' dir='ltr'>et</span> <span class='ocrx_word' id='word_1_34' title='bbox 898 486 1079 526; x_wconf 89' lang='lat' dir='ltr'>vestem,</span> <span class='ocrx_word' id='word_1_35' title='bbox 1111 481 1228 535; x_wconf 90' lang='lat' dir='ltr'>quod</span> <span class='ocrx_word' id='word_1_36' title='bbox 1273 480 1426 521; x_wconf 88' lang='lat' dir='ltr'>matris</span> <span class='ocrx_word' id='word_1_37' title='bbox 1458 480 1556 531; x_wconf 78' lang='lat' dir='ltr'>fuit,</span> 
     </span>
     <span class='ocr_line' id='line_1_7' title="bbox 111 549 1556 604; baseline 0.001 -15"><span class='ocrx_word' id='word_1_38' title='bbox 111 549 264 595; x_wconf 88' lang='lat' dir='ltr'>reluat,</span> <span class='ocrx_word' id='word_1_39' title='bbox 298 549 418 603; x_wconf 91' lang='lat' dir='ltr'>quod</span> <span class='ocrx_word' id='word_1_40' title='bbox 465 551 568 591; x_wconf 85' lang='lat' dir='ltr'>viva</span> <span class='ocrx_word' id='word_1_41' title='bbox 612 550 731 604; x_wconf 82' lang='lat' dir='ltr'>ipsi⁶</span> <span class='ocrx_word' id='word_1_42' title='bbox 770 551 981 604; x_wconf 87' lang='lat' dir='ltr'>opposuit</span> <span class='ocrx_word' id='word_1_43' title='bbox 1030 551 1218 604; x_wconf 86' lang='lat' dir='ltr'>pignori.</span> <span class='ocrx_word' id='word_1_44' title='bbox 1298 549 1556 602; x_wconf 84' lang='lat' dir='ltr'>Resignare‚</span> 
     </span>
     <span class='ocr_line' id='line_1_8' title="bbox 109 616 1556 672; baseline 0.001 -16"><span class='ocrx_word' id='word_1_45' title='bbox 109 616 280 670; x_wconf 86' lang='lat' dir='ltr'>antiqui</span> <span class='ocrx_word' id='word_1_46' title='bbox 317 629 398 670; x_wconf 89' lang='lat' dir='ltr'>pro</span> <span class='ocrx_word' id='word_1_47' title='bbox 442 618 679 659; x_wconf 85' lang='lat' dir='ltr'>rescribere</span> <span class='ocrx_word' id='word_1_48' title='bbox 726 619 967 672; x_wconf 72' lang='lat' dir='ltr'>ponebant,</span> <span class='ocrx_word' id='word_1_49' title='bbox 1011 622 1059 659; x_wconf 83' lang='lat' dir='ltr'>ut</span> <span class='ocrx_word' id='word_1_50' title='bbox 1107 619 1251 659; x_wconf 88' lang='lat' dir='ltr'>adhuc</span> <span class='ocrx_word' id='word_1_51' title='bbox 1300 619 1556 670; x_wconf 85' lang='lat' dir='ltr'>subsignare</span> 
     </span>
     <span class='ocr_line' id='line_1_9' title="bbox 109 683 1555 740; baseline 0.001 -16"><span class='ocrx_word' id='word_1_52' title='bbox 109 683 296 725; x_wconf 85' lang='lat' dir='ltr'>dicimus</span> <span class='ocrx_word' id='word_1_53' title='bbox 325 697 405 738; x_wconf 89' lang='lat' dir='ltr'>pro</span> <span class='ocrx_word' id='word_1_54' title='bbox 440 686 728 727; x_wconf 83' lang='lat' dir='ltr'>subscribere.</span> <span class='ocrx_word' id='word_1_55' title='bbox 788 685 901 727; x_wconf 87' lang='lat' dir='ltr'>Cato</span> <span class='ocrx_word' id='word_1_56' title='bbox 933 687 985 728; x_wconf 92' lang='lat' dir='ltr'>de</span> <span class='ocrx_word' id='word_1_57' title='bbox 1019 687 1192 740; x_wconf 88' lang='lat' dir='ltr'>spoliis,</span> <span class='ocrx_word' id='word_1_58' title='bbox 1226 700 1281 728; x_wconf 91' lang='lat' dir='ltr'>ne</span> <span class='ocrx_word' id='word_1_59' title='bbox 1311 686 1555 739; x_wconf 87' lang='lat' dir='ltr'>figerentur,</span> 
     </span>
     <span class='ocr_line' id='line_1_10' title="bbox 106 750 1557 808; baseline 0.002 -17"><span class='ocrx_word' id='word_1_60' title='bbox 106 750 193 792; x_wconf 90' lang='lat' dir='ltr'>nisi</span> <span class='ocrx_word' id='word_1_61' title='bbox 234 765 335 805; x_wconf 75' lang='lat' dir='ltr'>quae</span> <span class='ocrx_word' id='word_1_62' title='bbox 377 753 430 793; x_wconf 89' lang='lat' dir='ltr'>de</span> <span class='ocrx_word' id='word_1_63' title='bbox 461 753 553 806; x_wconf 83' lang='lat'>[90]</span> <span class='ocrx_word' id='word_1_64' title='bbox 584 753 734 795; x_wconf 69' lang='lat' dir='ltr'>hostib.</span> <span class='ocrx_word' id='word_1_65' title='bbox 776 762 894 808; x_wconf 75' lang='lat' dir='ltr'>capta</span> <span class='ocrx_word' id='word_1_66' title='bbox 924 763 1074 796; x_wconf 77' lang='lat' dir='ltr'>essent:</span> <span class='ocrx_word' id='word_1_67' title='bbox 1124 754 1207 795; x_wconf 83' lang='lat' dir='ltr'>Sed</span> <span class='ocrx_word' id='word_1_68' title='bbox 1233 761 1318 795; x_wconf 77' lang='lat' dir='ltr'>tum</span> <span class='ocrx_word' id='word_1_69' title='bbox 1349 753 1420 795; x_wconf 81' lang='lat' dir='ltr'>ubi</span> <span class='ocrx_word' id='word_1_70' title='bbox 1450 753 1537 794; x_wconf 76' lang='lat' dir='ltr'>indi</span> <span class='ocrx_word' id='word_1_71' title='bbox 1555 778 1557 781; x_wconf 93' lang='lat'><em>-</em></span> 
     </span>
     <span class='ocr_line' id='line_1_11' title="bbox 47 818 1148 878; baseline 0.005 -21"><span class='ocrx_word' id='word_1_72' title='bbox 47 837 53 844; x_wconf 83' lang='lat'><strong>·</strong></span> <span class='ocrx_word' id='word_1_73' title='bbox 106 818 182 858; x_wconf 78' lang='lat' dir='ltr'>visi</span> <span class='ocrx_word' id='word_1_74' title='bbox 210 827 318 870; x_wconf 78' lang='lat' dir='ltr'>sunt,</span> <span class='ocrx_word' id='word_1_75' title='bbox 355 827 618 862; x_wconf 78' lang='lat' dir='ltr'>revertantur</span> <span class='ocrx_word' id='word_1_76' title='bbox 651 821 864 877; x_wconf 75' lang='lat' dir='ltr'>resignatis</span> <span class='ocrx_word' id='word_1_77' title='bbox 883 822 1148 878; x_wconf 75' lang='lat' dir='ltr'>vectigalibus</span> 
     </span>
    </p>
   </div>
   <div class='ocr_carea' id='block_1_3' title="bbox 103 891 1554 1351">
    <p class='ocr_par' dir='ltr' id='par_1_3' title="bbox 103 891 1554 1351">
     <span class='ocr_line' id='line_1_12' title="bbox 107 891 1063 945; baseline 0.005 -18"><span class='ocrx_word' id='word_1_78' title='bbox 107 899 186 928; x_wconf 82' lang='lat' dir='ltr'>nar</span> <span class='ocrx_word' id='word_1_79' title='bbox 303 918 312 927; x_wconf 92' lang='lat'>.</span> <span class='ocrx_word' id='word_1_80' title='bbox 432 919 441 929; x_wconf 88' lang='lat'>.</span> <span class='ocrx_word' id='word_1_81' title='bbox 558 922 568 932; x_wconf 96' lang='lat'>.</span> <span class='ocrx_word' id='word_1_82' title='bbox 688 921 698 931; x_wconf 98' lang='lat'>.</span> <span class='ocrx_word' id='word_1_83' title='bbox 815 918 825 929; x_wconf 88' lang='lat'>.</span> <span class='ocrx_word' id='word_1_84' title='bbox 941 891 1063 945; x_wconf 87' lang='lat' dir='ltr'>requi</span> 
     </span>
     <span class='ocr_line' id='line_1_13' title="bbox 104 954 1037 1013; baseline 0.002 -18"><span class='ocrx_word' id='word_1_85' title='bbox 104 954 192 996; x_wconf 83' lang='lat' dir='ltr'>alia</span> <span class='ocrx_word' id='word_1_86' title='bbox 214 968 240 997; x_wconf 86' lang='lat' dir='ltr'>a</span> <span class='ocrx_word' id='word_1_87' title='bbox 300 988 309 996; x_wconf 96' lang='lat'>.</span> <span class='ocrx_word' id='word_1_88' title='bbox 429 986 438 996; x_wconf 94' lang='lat'>.</span> <span class='ocrx_word' id='word_1_89' title='bbox 557 988 564 996; x_wconf 91' lang='lat'>.</span> <span class='ocrx_word' id='word_1_90' title='bbox 684 988 695 999; x_wconf 86' lang='lat'>.</span> <span class='ocrx_word' id='word_1_91' title='bbox 811 960 928 1013; x_wconf 91' lang='lat' dir='ltr'>quod</span> <span class='ocrx_word' id='word_1_92' title='bbox 950 973 977 999; x_wconf 91' lang='lat' dir='ltr'>n</span> <span class='ocrx_word' id='word_1_93' title='bbox 1029 989 1037 997; x_wconf 92' lang='lat'>.</span> 
     </span>
     <span class='ocr_line' id='line_1_14' title="bbox 104 1023 1039 1068; baseline 0.006 -6"><span class='ocrx_word' id='word_1_94' title='bbox 104 1023 180 1063; x_wconf 87' lang='lat' dir='ltr'>reb</span> <span class='ocrx_word' id='word_1_95' title='bbox 299 1055 309 1065; x_wconf 86' lang='grc'><strong>.</strong></span> <span class='ocrx_word' id='word_1_96' title='bbox 429 1055 437 1064; x_wconf 97' lang='grc'><strong><em>.</em></strong></span> <span class='ocrx_word' id='word_1_97' title='bbox 556 1055 567 1065; x_wconf 89' lang='grc'><strong>.</strong></span> <span class='ocrx_word' id='word_1_98' title='bbox 683 1057 693 1066; x_wconf 91' lang='grc'><strong>.</strong></span> <span class='ocrx_word' id='word_1_99' title='bbox 813 1056 820 1064; x_wconf 91' lang='grc'><strong>.</strong></span> <span class='ocrx_word' id='word_1_100' title='bbox 947 1027 1039 1068; x_wconf 87' lang='lat' dir='ltr'>indi</span> 
     </span>
     <span class='ocr_line' id='line_1_15' title="bbox 362 1093 1266 1136; baseline 0.003 -3"><span class='ocrx_word' id='word_1_101' title='bbox 362 1093 533 1134; x_wconf 88' lang='lat' dir='ltr'>tertium</span> <span class='ocrx_word' id='word_1_102' title='bbox 682 1125 691 1134; x_wconf 88' lang='lat'>.</span> <span class='ocrx_word' id='word_1_103' title='bbox 812 1126 821 1134; x_wconf 87' lang='lat'>.</span> <span class='ocrx_word' id='word_1_104' title='bbox 938 1126 947 1136; x_wconf 89' lang='lat'>.</span> <span class='ocrx_word' id='word_1_105' title='bbox 1064 1108 1266 1136; x_wconf 85' lang='lat' dir='ltr'>ranorum</span> 
     </span>
     <span class='ocr_line' id='line_1_16' title="bbox 617 1162 1554 1214; baseline 0.001 -12"><span class='ocrx_word' id='word_1_106' title='bbox 617 1162 751 1214; x_wconf 85' lang='lat' dir='ltr'>positi</span> <span class='ocrx_word' id='word_1_107' title='bbox 816 1192 825 1201; x_wconf 90' lang='lat'>.</span> <span class='ocrx_word' id='word_1_108' title='bbox 943 1192 952 1202; x_wconf 95' lang='lat'>.</span> <span class='ocrx_word' id='word_1_109' title='bbox 1073 1194 1081 1202; x_wconf 94' lang='lat'>.</span> <span class='ocrx_word' id='word_1_110' title='bbox 1198 1196 1207 1204; x_wconf 86' lang='lat'>.</span> <span class='ocrx_word' id='word_1_111' title='bbox 1324 1195 1334 1205; x_wconf 92' lang='lat'>.</span> <span class='ocrx_word' id='word_1_112' title='bbox 1416 1163 1504 1203; x_wconf 91' lang='lat' dir='ltr'>nisi</span> <span class='ocrx_word' id='word_1_113' title='bbox 1527 1175 1554 1203; x_wconf 86' lang='lat' dir='ltr'>a</span> 
     </span>
     <span class='ocr_line' id='line_1_17' title="bbox 881 1233 1053 1272; baseline 0.006 -3"><span class='ocrx_word' id='word_1_114' title='bbox 881 1233 1053 1272; x_wconf 86' lang='lat' dir='ltr'>vocabu</span> 
     </span>
     <span class='ocr_line' id='line_1_18' title="bbox 103 1296 1552 1351; baseline 0.002 -15"><span class='ocrx_word' id='word_1_115' title='bbox 103 1299 271 1336; x_wconf 88' lang='lat' dir='ltr'>cretum</span> <span class='ocrx_word' id='word_1_116' title='bbox 361 1322 370 1331; x_wconf 89' lang='lat'>-</span> <span class='ocrx_word' id='word_1_117' title='bbox 487 1326 496 1337; x_wconf 95' lang='lat'>.</span> <span class='ocrx_word' id='word_1_118' title='bbox 626 1328 635 1336; x_wconf 87' lang='lat'>.</span> <span class='ocrx_word' id='word_1_119' title='bbox 757 1327 764 1336; x_wconf 93' lang='lat'>.</span> <span class='ocrx_word' id='word_1_120' title='bbox 884 1328 892 1336; x_wconf 94' lang='lat'>.</span> <span class='ocrx_word' id='word_1_121' title='bbox 1012 1296 1251 1347; x_wconf 79' lang='lat' dir='ltr'>Resultare,</span> <span class='ocrx_word' id='word_1_122' title='bbox 1269 1312 1366 1351; x_wconf 69' lang='lat' dir='ltr'>saepe</span> <span class='ocrx_word' id='word_1_123' title='bbox 1385 1298 1552 1339; x_wconf 68' lang='lat' dir='ltr'>resilire.</span> 
     </span>
    </p>
   </div>
   <div class='ocr_carea' id='block_1_4' title="bbox 99 1359 1551 2031">
    <p class='ocr_par' dir='ltr' id='par_1_4' title="bbox 100 1359 1551 1759">
     <span class='ocr_line' id='line_1_19' title="bbox 104 1359 1551 1420; baseline 0.003 -19"><span class='ocrx_word' id='word_1_124' title='bbox 104 1359 317 1402; x_wconf 76' lang='lat' dir='ltr'>Rescibilis</span> <span class='ocrx_word' id='word_1_125' title='bbox 353 1377 451 1417; x_wconf 80' lang='lat' dir='ltr'>ager</span> <span class='ocrx_word' id='word_1_126' title='bbox 490 1363 663 1413; x_wconf 85' lang='lat' dir='ltr'>dicitur,</span> <span class='ocrx_word' id='word_1_127' title='bbox 702 1364 778 1417; x_wconf 91' lang='lat' dir='ltr'>qui</span> <span class='ocrx_word' id='word_1_128' title='bbox 812 1364 979 1405; x_wconf 74' lang='lat' dir='ltr'>biennio</span> <span class='ocrx_word' id='word_1_129' title='bbox 1013 1365 1200 1405; x_wconf 77' lang='lat' dir='ltr'>continuo</span> <span class='ocrx_word' id='word_1_130' title='bbox 1233 1365 1382 1405; x_wconf 72' lang='lat' dir='ltr'>seritur</span> <span class='ocrx_word' id='word_1_131' title='bbox 1401 1364 1551 1420; x_wconf 79' lang='lat' dir='ltr'>farreo</span> 
     </span>
     <span class='ocr_line' id='line_1_20' title="bbox 100 1429 1550 1488; baseline 0.003 -18"><span class='ocrx_word' id='word_1_132' title='bbox 100 1429 232 1484; x_wconf 74' lang='lat' dir='ltr'>spico,</span> <span class='ocrx_word' id='word_1_133' title='bbox 255 1431 298 1471; x_wconf 88' lang='lat' dir='ltr'>id</span> <span class='ocrx_word' id='word_1_134' title='bbox 317 1438 399 1480; x_wconf 86' lang='lat' dir='ltr'>est,</span> <span class='ocrx_word' id='word_1_135' title='bbox 429 1431 632 1472; x_wconf 70' lang='lat' dir='ltr'>aristeto:</span> <span class='ocrx_word' id='word_1_136' title='bbox 652 1431 760 1486; x_wconf 79' lang='lat' dir='ltr'>quod</span> <span class='ocrx_word' id='word_1_137' title='bbox 778 1446 825 1472; x_wconf 76' lang='lat' dir='ltr'>ne</span> <span class='ocrx_word' id='word_1_138' title='bbox 844 1433 948 1485; x_wconf 76' lang='lat' dir='ltr'>fiat,</span> <span class='ocrx_word' id='word_1_139' title='bbox 970 1432 1097 1473; x_wconf 82' lang='lat' dir='ltr'>solent</span> <span class='ocrx_word' id='word_1_140' title='bbox 1118 1434 1189 1488; x_wconf 73' lang='lat' dir='ltr'>qui</span> <span class='ocrx_word' id='word_1_141' title='bbox 1214 1434 1371 1487; x_wconf 73' lang='lat' dir='ltr'>praedia</span> <span class='ocrx_word' id='word_1_142' title='bbox 1395 1433 1550 1482; x_wconf 85' lang='lat' dir='ltr'>locant,</span> 
     </span>
     <span class='ocr_line' id='line_1_21' title="bbox 101 1497 1548 1555; baseline 0.002 -17"><span class='ocrx_word' id='word_1_143' title='bbox 101 1498 315 1551; x_wconf 59' lang='lat' dir='ltr'>excipere</span> <span class='ocrx_word' id='word_1_144' title='bbox 380 1497 536 1549; x_wconf 73' lang='lat' dir='ltr'>Reses,1³</span> <span class='ocrx_word' id='word_1_145' title='bbox 569 1506 607 1539; x_wconf 83' lang='lat' dir='ltr'>et</span> <span class='ocrx_word' id='word_1_146' title='bbox 644 1497 825 1539; x_wconf 71' lang='lat' dir='ltr'>residuus</span> <span class='ocrx_word' id='word_1_147' title='bbox 846 1499 996 1540; x_wconf 76' lang='lat' dir='ltr'>dicitur</span> <span class='ocrx_word' id='word_1_148' title='bbox 1025 1501 1210 1555; x_wconf 71' lang='lat' dir='ltr'>ignavus,</span> <span class='ocrx_word' id='word_1_149' title='bbox 1237 1501 1333 1554; x_wconf 80' lang='lat' dir='ltr'>quia</span> <span class='ocrx_word' id='word_1_150' title='bbox 1364 1500 1548 1542; x_wconf 88' lang='lat' dir='ltr'>residet.</span> 
     </span>
     <span class='ocr_line' id='line_1_22' title="bbox 102 1564 1547 1618; baseline 0.001 -12"><span class='ocrx_word' id='word_1_151' title='bbox 102 1564 270 1607; x_wconf 91' lang='lat' dir='ltr'>Accius</span> <span class='ocrx_word' id='word_1_152' title='bbox 295 1566 338 1606; x_wconf 81' lang='lat' dir='ltr'>in</span> <span class='ocrx_word' id='word_1_153' title='bbox 490 1598 499 1606; x_wconf 94' lang='lat'>.</span> <span class='ocrx_word' id='word_1_154' title='bbox 747 1597 757 1607; x_wconf 89' lang='lat'>.</span> <span class='ocrx_word' id='word_1_155' title='bbox 873 1600 883 1609; x_wconf 87' lang='lat'>.</span> <span class='ocrx_word' id='word_1_156' title='bbox 1032 1568 1114 1608; x_wconf 57' lang='lat' dir='ltr'>Ode·</span> <span class='ocrx_word' id='word_1_157' title='bbox 1140 1569 1361 1618; x_wconf 83' lang='lat' dir='ltr'>residuos,</span> <span class='ocrx_word' id='word_1_158' title='bbox 1395 1581 1547 1608; x_wconf 88' lang='lat' dir='ltr'>sumno</span> 
     </span>
     <span class='ocr_line' id='line_1_23' title="bbox 101 1631 1551 1690; baseline 0.001 -17"><span class='ocrx_word' id='word_1_159' title='bbox 101 1631 365 1689; x_wconf 79' lang='lat' dir='ltr'>deditos‚c1tq.</span> <span class='ocrx_word' id='word_1_160' title='bbox 386 1634 542 1675; x_wconf 71' lang='lat' dir='ltr'>iuer-tes</span> <span class='ocrx_word' id='word_1_161' title='bbox 575 1633 809 1690; x_wconf 62' lang='lat' dir='ltr'>Afranius</span> <span class='ocrx_word' id='word_1_162' title='bbox 795 1649 836 1675; x_wconf 87' lang='grc'>111</span> <span class='ocrx_word' id='word_1_163' title='bbox 851 1635 1006 1677; x_wconf 83' lang='lat' dir='ltr'>Rosa</span> <span class='ocrx_word' id='word_1_164' title='bbox 1032 1636 1251 1677; x_wconf 81' lang='lat' dir='ltr'>Praeterea</span> <span class='ocrx_word' id='word_1_165' title='bbox 1268 1635 1412 1676; x_wconf 61' lang='lat' dir='ltr'>resides</span> <span class='ocrx_word' id='word_1_166' title='bbox 1430 1635 1551 1676; x_wconf 79' lang='lat' dir='ltr'>multi</span> 
     </span>
     <span class='ocr_line' id='line_1_24' title="bbox 744 1703 1421 1759; baseline -0.001 -15"><span class='ocrx_word' id='word_1_167' title='bbox 744 1703 993 1744; x_wconf 83' lang='lat' dir='ltr'>Pacuvius</span> <span class='ocrx_word' id='word_1_168' title='bbox 982 1717 1026 1744; x_wconf 91' lang='lat' dir='ltr'>1n</span> <span class='ocrx_word' id='word_1_169' title='bbox 1042 1718 1180 1745; x_wconf 61' lang='grc' dir='ltr'>ειν-11101</span> <span class='ocrx_word' id='word_1_170' title='bbox 1185 1703 1398 1759; x_wconf 76' lang='lat' dir='ltr'>mujudic</span> <span class='ocrx_word' id='word_1_171' title='bbox 1385 1718 1421 1743; x_wconf 89' lang='grc' dir='ltr'>1ο</span> 
     </span>
    </p>

    <p class='ocr_par' dir='ltr' id='par_1_5' title="bbox 99 1771 1549 2031">
     <span class='ocr_line' id='line_1_25' title="bbox 485 1771 1547 1825; baseline 0 -13"><span class='ocrx_word' id='word_1_172' title='bbox 485 1771 598 1825; x_wconf 85' lang='lat' dir='ltr'>Tuq.</span> <span class='ocrx_word' id='word_1_173' title='bbox 622 1774 662 1811; x_wconf 82' lang='lat' dir='ltr'>te</span> <span class='ocrx_word' id='word_1_174' title='bbox 685 1771 881 1812; x_wconf 84' lang='lat' dir='ltr'>desidere</span> <span class='ocrx_word' id='word_1_175' title='bbox 902 1771 1030 1812; x_wconf 79' lang='lat' dir='ltr'>mavis</span> <span class='ocrx_word' id='word_1_176' title='bbox 1046 1771 1226 1821; x_wconf 71' lang='lat' dir='ltr'>residem,</span> <span class='ocrx_word' id='word_1_177' title='bbox 1249 1778 1292 1811; x_wconf 80' lang='lat' dir='ltr'>at</span> <span class='ocrx_word' id='word_1_178' title='bbox 1313 1778 1452 1811; x_wconf 80' lang='lat' dir='ltr'>contra</span> <span class='ocrx_word' id='word_1_179' title='bbox 1467 1785 1547 1812; x_wconf 90' lang='lat' dir='ltr'>nos</span> 
     </span>
     <span class='ocr_line' id='line_1_26' title="bbox 100 1836 1549 1889; baseline 0.001 -13"><span class='ocrx_word' id='word_1_180' title='bbox 100 1836 171 1877; x_wconf 91' lang='lat' dir='ltr'>hic</span> <span class='ocrx_word' id='word_1_181' title='bbox 193 1850 290 1878; x_wconf 90' lang='lat' dir='ltr'>esse</span> <span class='ocrx_word' id='word_1_182' title='bbox 312 1839 353 1878; x_wconf 89' lang='lat' dir='ltr'>in</span> <span class='ocrx_word' id='word_1_183' title='bbox 376 1838 512 1879; x_wconf 80' lang='lat' dir='ltr'>labore</span> <span class='ocrx_word' id='word_1_184' title='bbox 632 1871 640 1879; x_wconf 89' lang='lat'>.</span> <span class='ocrx_word' id='word_1_185' title='bbox 759 1869 767 1879; x_wconf 93' lang='lat'>.</span> <span class='ocrx_word' id='word_1_186' title='bbox 885 1871 894 1880; x_wconf 90' lang='lat'>.</span> <span class='ocrx_word' id='word_1_187' title='bbox 1014 1869 1024 1880; x_wconf 93' lang='lat'>.</span> <span class='ocrx_word' id='word_1_188' title='bbox 1135 1840 1394 1889; x_wconf 83' lang='lat' dir='ltr'>Resecrare,</span> <span class='ocrx_word' id='word_1_189' title='bbox 1416 1838 1549 1880; x_wconf 90' lang='lat' dir='ltr'>resol-</span> 
     </span>
     <span class='ocr_line' id='line_1_27' title="bbox 99 1904 1548 1962; baseline 0.001 -19"><span class='ocrx_word' id='word_1_190' title='bbox 99 1917 190 1944; x_wconf 83' lang='lat' dir='ltr'>vere</span> <span class='ocrx_word' id='word_1_191' title='bbox 212 1904 405 1960; x_wconf 75' lang='lat' dir='ltr'>religione</span> <span class='ocrx_word' id='word_1_192' title='bbox 421 1922 433 1945; x_wconf 81' lang='lat'>.-</span> <span class='ocrx_word' id='word_1_193' title='bbox 467 1907 568 1962; x_wconf 67' lang='lat' dir='ltr'>utiq.</span> <span class='ocrx_word' id='word_1_194' title='bbox 592 1922 680 1947; x_wconf 77' lang='lat' dir='ltr'>cum</span> <span class='ocrx_word' id='word_1_195' title='bbox 699 1920 801 1948; x_wconf 89' lang='lat' dir='ltr'>reus</span> <span class='ocrx_word' id='word_1_196' title='bbox 821 1907 1034 1961; x_wconf 89' lang='lat' dir='ltr'>populum</span> <span class='ocrx_word' id='word_1_197' title='bbox 1055 1906 1236 1948; x_wconf 81' lang='lat' dir='ltr'>comitiis</span> <span class='ocrx_word' id='word_1_198' title='bbox 1264 1913 1455 1947; x_wconf 80' lang='lat' dir='ltr'>oraverat</span> <span class='ocrx_word' id='word_1_199' title='bbox 1472 1920 1548 1959; x_wconf 81' lang='lat' dir='ltr'>per</span> 
     </span>
     <span class='ocr_line' id='line_1_28' title="bbox 101 1968 1548 2031; baseline 0.002 -20"><span class='ocrx_word' id='word_1_200' title='bbox 101 1968 225 2021; x_wconf 83' lang='lat' dir='ltr'>Deos,</span> <span class='ocrx_word' id='word_1_201' title='bbox 258 1978 306 2014; x_wconf 87' lang='lat' dir='ltr'>ut</span> <span class='ocrx_word' id='word_1_202' title='bbox 338 1987 388 2015; x_wconf 90' lang='lat' dir='ltr'>eo</span> <span class='ocrx_word' id='word_1_203' title='bbox 419 1976 619 2027; x_wconf 87' lang='lat' dir='ltr'>periculo</span> <span class='ocrx_word' id='word_1_204' title='bbox 648 1975 910 2026; x_wconf 79' lang='lat' dir='ltr'>liberaretur,</span> <span class='ocrx_word' id='word_1_205' title='bbox 930 1974 1110 2029; x_wconf 78' lang='lat' dir='ltr'>jubebat</span> <span class='ocrx_word' id='word_1_206' title='bbox 1141 1975 1416 2031; x_wconf 77' lang='lat' dir='ltr'>magistratus</span> <span class='ocrx_word' id='word_1_207' title='bbox 1449 1987 1548 2015; x_wconf 88' lang='lat' dir='ltr'>eum</span> 
     </span>
    </p>
   </div>
   <div class='ocr_carea' id='block_1_5' title="bbox 140 2118 1156 2271">
    <p class='ocr_par' dir='ltr' id='par_1_6' title="bbox 140 2118 1156 2271">
     <span class='ocr_line' id='line_1_29' title="bbox 701 2118 936 2130; baseline -0.004 0"><span class='ocrx_word' id='word_1_208' title='bbox 701 2118 936 2130; x_wconf 51' lang='lat'>‘‘‘‘‘‘‘‘‘</span> 
     </span>
     <span class='ocr_line' id='line_1_30' title="bbox 140 2224 1156 2271; baseline 0.006 -15"><span class='ocrx_word' id='word_1_209' title='bbox 140 2228 159 2256; x_wconf 83' lang='grc'>4</span> <span class='ocrx_word' id='word_1_210' title='bbox 180 2224 203 2257; x_wconf 92' lang='lat' dir='ltr'>f.</span> <span class='ocrx_word' id='word_1_211' title='bbox 218 2226 427 2259; x_wconf 78' lang='lat' dir='ltr'>obstinui.——5</span> <span class='ocrx_word' id='word_1_212' title='bbox 453 2228 476 2262; x_wconf 84' lang='lat' dir='ltr'>f.</span> <span class='ocrx_word' id='word_1_213' title='bbox 493 2229 698 2270; x_wconf 76' lang='lat' dir='ltr'>Repastinare</span> <span class='ocrx_word' id='word_1_214' title='bbox 712 2240 780 2262; x_wconf 86' lang='lat' dir='ltr'>sero</span> <span class='ocrx_word' id='word_1_215' title='bbox 796 2234 829 2262; x_wconf 76' lang='lat' dir='ltr'>tu</span> <span class='ocrx_word' id='word_1_216' title='bbox 845 2233 1015 2262; x_wconf 58' lang='lat' dir='ltr'>senem—6</span> <span class='ocrx_word' id='word_1_217' title='bbox 1039 2229 1062 2260; x_wconf 91' lang='lat' dir='ltr'>f.</span> <span class='ocrx_word' id='word_1_218' title='bbox 1077 2231 1156 2271; x_wconf 80' lang='lat' dir='ltr'>ipsa.</span> 
     </span>
    </p>
   </div>
   <div class='ocr_carea' id='block_1_6' title="bbox 752 2361 891 2393">
    <p class='ocr_par' dir='ltr' id='par_1_7' title="bbox 752 2361 891 2393">
     <span class='ocr_line' id='line_1_31' title="bbox 752 2361 891 2393; baseline 0.007 -1"><span class='ocrx_word' id='word_1_219' title='bbox 752 2361 891 2393; x_wconf 81' lang='lat' dir='ltr'>NOTAE</span> 
     </span>
    </p>
   </div>
   <div class='ocr_carea' id='block_1_7' title="bbox 97 2429 1545 2679">
    <p class='ocr_par' dir='ltr' id='par_1_8' title="bbox 100 2429 1545 2578">
     <span class='ocr_line' id='line_1_32' title="bbox 138 2429 1545 2477; baseline 0.004 -18"><span class='ocrx_word' id='word_1_220' title='bbox 138 2435 152 2449; x_wconf 80' lang='lat'><em>0</em></span> <span class='ocrx_word' id='word_1_221' title='bbox 167 2429 330 2470; x_wconf 75' lang='lat' dir='ltr'>Abstinui]</span> <span class='ocrx_word' id='word_1_222' title='bbox 358 2432 504 2464; x_wconf 67' lang='lat' dir='ltr'>Obstimci</span> <span class='ocrx_word' id='word_1_223' title='bbox 526 2435 662 2467; x_wconf 86' lang='lat' dir='ltr'>videtur</span> <span class='ocrx_word' id='word_1_224' title='bbox 678 2437 792 2477; x_wconf 82' lang='lat' dir='ltr'>legen·</span> <span class='ocrx_word' id='word_1_225' title='bbox 850 2445 949 2467; x_wconf 86' lang='lat' dir='ltr'>versu</span> <span class='ocrx_word' id='word_1_226' title='bbox 972 2435 1079 2476; x_wconf 83' lang='lat' dir='ltr'>magis</span> <span class='ocrx_word' id='word_1_227' title='bbox 1107 2436 1220 2476; x_wconf 81' lang='lat' dir='ltr'>placet</span> <span class='ocrx_word' id='word_1_228' title='bbox 1243 2440 1279 2466; x_wconf 86' lang='lat' dir='ltr'>nt</span> <span class='ocrx_word' id='word_1_229' title='bbox 1301 2435 1438 2466; x_wconf 70' lang='lat' dir='ltr'>residuos</span> <span class='ocrx_word' id='word_1_230' title='bbox 1458 2434 1545 2474; x_wconf 85' lang='lat' dir='ltr'>lega-</span> 
     </span>
     <span class='ocr_line' id='line_1_33' title="bbox 101 2479 1545 2527; baseline 0.003 -17"><span class='ocrx_word' id='word_1_231' title='bbox 101 2479 181 2510; x_wconf 88' lang='lat' dir='ltr'>dum</span> <span class='ocrx_word' id='word_1_232' title='bbox 199 2490 258 2520; x_wconf 82' lang='lat' dir='ltr'>pro</span> <span class='ocrx_word' id='word_1_233' title='bbox 275 2482 422 2523; x_wconf 77' lang='lat' dir='ltr'>abstinui,</span> <span class='ocrx_word' id='word_1_234' title='bbox 435 2490 471 2515; x_wconf 85' lang='lat' dir='ltr'>nt</span> <span class='ocrx_word' id='word_1_235' title='bbox 489 2486 521 2516; x_wconf 91' lang='lat' dir='ltr'>in</span> <span class='ocrx_word' id='word_1_236' title='bbox 534 2488 684 2527; x_wconf 75' lang='lat' dir='ltr'>margine</span> <span class='ocrx_word' id='word_1_237' title='bbox 696 2494 791 2519; x_wconf 77' lang='lat' dir='ltr'>nota—</span> <span class='ocrx_word' id='word_1_238' title='bbox 847 2488 986 2525; x_wconf 78' lang='lat' dir='ltr'>mus,ita</span> <span class='ocrx_word' id='word_1_239' title='bbox 998 2487 1085 2517; x_wconf 86' lang='lat' dir='ltr'>enim</span> <span class='ocrx_word' id='word_1_240' title='bbox 1099 2487 1195 2517; x_wconf 90' lang='lat' dir='ltr'>estin</span> <span class='ocrx_word' id='word_1_241' title='bbox 1209 2486 1407 2526; x_wconf 81' lang='lat' dir='ltr'>exemplari.</span> <span class='ocrx_word' id='word_1_242' title='bbox 1432 2486 1545 2516; x_wconf 76' lang='lat' dir='ltr'>Sumne</span> 
     </span>
     <span class='ocr_line' id='line_1_34' title="bbox 100 2529 1539 2578; baseline 0.002 -17"><span class='ocrx_word' id='word_1_243' title='bbox 100 2529 218 2561; x_wconf 85' lang='lat' dir='ltr'>vimus.</span> <span class='ocrx_word' id='word_1_244' title='bbox 266 2531 351 2561; x_wconf 86' lang='lat' dir='ltr'>Vide</span> <span class='ocrx_word' id='word_1_245' title='bbox 369 2543 470 2573; x_wconf 80' lang='lat' dir='ltr'>supra</span> <span class='ocrx_word' id='word_1_246' title='bbox 484 2535 516 2565; x_wconf 88' lang='lat' dir='ltr'>in</span> <span class='ocrx_word' id='word_1_247' title='bbox 540 2537 548 2553; x_wconf 93' lang='lat'>‘</span> <span class='ocrx_word' id='word_1_248' title='bbox 564 2537 771 2569; x_wconf 78' lang='lat' dir='ltr'>Obstinato.’</span> <span class='ocrx_word' id='word_1_249' title='bbox 848 2541 957 2568; x_wconf 81' lang='lat' dir='ltr'>autem</span> <span class='ocrx_word' id='word_1_250' title='bbox 976 2543 1027 2568; x_wconf 84' lang='lat' dir='ltr'>est</span> <span class='ocrx_word' id='word_1_251' title='bbox 1040 2538 1175 2578; x_wconf 83' lang='lat' dir='ltr'>antiqua</span> <span class='ocrx_word' id='word_1_252' title='bbox 1190 2537 1370 2576; x_wconf 79' lang='lat' dir='ltr'>scriptura,</span> <span class='ocrx_word' id='word_1_253' title='bbox 1386 2536 1539 2573; x_wconf 66' lang='lat' dir='ltr'>lustuns,</span> 
     </span>
    </p>

    <p class='ocr_par' dir='ltr' id='par_1_9' title="bbox 97 2581 1544 2679">
     <span class='ocr_line' id='line_1_35' title="bbox 137 2581 1544 2628; baseline 0.004 -18"><span class='ocrx_word' id='word_1_254' title='bbox 137 2584 153 2605; x_wconf 70' lang='grc' dir='ltr'><strong>Ρ</strong></span> <span class='ocrx_word' id='word_1_255' title='bbox 178 2581 288 2621; x_wconf 78' lang='lat' dir='ltr'>Reses]</span> <span class='ocrx_word' id='word_1_256' title='bbox 313 2582 473 2615; x_wconf 82' lang='lat' dir='ltr'>Placidus</span> <span class='ocrx_word' id='word_1_257' title='bbox 490 2585 522 2616; x_wconf 87' lang='lat' dir='ltr'>in</span> <span class='ocrx_word' id='word_1_258' title='bbox 541 2586 685 2619; x_wconf 87' lang='lat' dir='ltr'>Glossis:</span> <span class='ocrx_word' id='word_1_259' title='bbox 708 2589 794 2619; x_wconf 85' lang='lat' dir='ltr'>‘Re-</span> <span class='ocrx_word' id='word_1_260' title='bbox 849 2598 911 2628; x_wconf 87' lang='lat' dir='ltr'>pro</span> <span class='ocrx_word' id='word_1_261' title='bbox 932 2589 1036 2625; x_wconf 79' lang='lat' dir='ltr'>frons.</span> <span class='ocrx_word' id='word_1_262' title='bbox 1082 2588 1168 2619; x_wconf 86' lang='lat' dir='ltr'>Item</span> <span class='ocrx_word' id='word_1_263' title='bbox 1194 2588 1329 2618; x_wconf 79' lang='lat' dir='ltr'>Pacuius</span> <span class='ocrx_word' id='word_1_264' title='bbox 1354 2596 1414 2627; x_wconf 86' lang='lat' dir='ltr'>pro</span> <span class='ocrx_word' id='word_1_265' title='bbox 1442 2586 1544 2617; x_wconf 75' lang='lat' dir='ltr'>Pacu-</span> 
     </span>
     <span class='ocr_line' id='line_1_36' title="bbox 97 2629 1332 2679; baseline 0.003 -17"><span class='ocrx_word' id='word_1_266' title='bbox 97 2629 225 2671; x_wconf 70' lang='lat' dir='ltr'>siduus,</span> <span class='ocrx_word' id='word_1_267' title='bbox 241 2633 337 2671; x_wconf 83' lang='lat' dir='ltr'>quasi</span> <span class='ocrx_word' id='word_1_268' title='bbox 356 2633 471 2665; x_wconf 81' lang='lat' dir='ltr'>tardus</span> <span class='ocrx_word' id='word_1_269' title='bbox 492 2635 519 2666; x_wconf 88' lang='lat'>:&#39;</span> <span class='ocrx_word' id='word_1_270' title='bbox 544 2637 631 2668; x_wconf 80' lang='lat' dir='ltr'>unde</span> <span class='ocrx_word' id='word_1_271' title='bbox 650 2638 680 2668; x_wconf 81' lang='lat' dir='ltr'>in</span> <span class='ocrx_word' id='word_1_272' title='bbox 699 2638 793 2670; x_wconf 83' lang='lat' dir='ltr'>Accii</span> <span class='ocrx_word' id='word_1_273' title='bbox 849 2639 916 2669; x_wconf 68' lang='lat' dir='ltr'>vius</span> <span class='ocrx_word' id='word_1_274' title='bbox 932 2650 943 2676; x_wconf 87' lang='lat'>,·</span> <span class='ocrx_word' id='word_1_275' title='bbox 969 2644 1003 2670; x_wconf 89' lang='lat' dir='ltr'>ut</span> <span class='ocrx_word' id='word_1_276' title='bbox 1020 2639 1120 2679; x_wconf 81' lang='lat' dir='ltr'>fluius</span> <span class='ocrx_word' id='word_1_277' title='bbox 1133 2638 1332 2679; x_wconf 77' lang='lat' dir='ltr'>profluvius.</span> 
     </span>
    </p>
   </div>
  </div>
 </body>
</html>
