1876 3025
240 136 324 179 668

242 241 510 296 ProspiceS‚³
524 239 541 262 ‘³
563 242 804 295 prospice.4

240 310 503 359 Prosumia‚0
525 322 661 361 genus
682 310 843 362 navigii
861 308 1203 362 speculatorium
1225 321 1424 363 parvum.

686 146 831 177 SEXTI
868 145 1067 176 POMPEII
1103 145 1238 177 FESTI

1499 309 1677 363 [PAUL.

241 374 498 424 Protelare,f
514 376 642 428 longe
661 377 900 430 propellere
917 389 926 416 :
950 389 1007 417 ex
1026 375 1189 418 Graeco
1211 376 1417 417 videlicet
1436 379 1540 427 τῆλε,
1558 375 1678 430 quod

244 492 247 494 q
295 443 511 497 significat
529 443 673 496 longe.

841 542 954 554 oooooo

959 542 1073 554 ‘‘‘‘‘‘

282 622 301 649 3
326 618 518 665 [fegendum
546 623 659 649 monet
686 619 773 650 Dac-
798 618 1023 658 Prospica.—4
1046 617 1121 649 Jos.
1147 617 1235 649 Scal.
1263 617 1295 648 in
1321 627 1428 657 marg.
1445 616 1590 657 notavit,
1607 616 1678 648 haec

240 661 374 702 quidem
392 671 462 692 esse
480 661 586 702 Festi,
603 661 661 692 sed
680 670 744 692 non
762 671 803 692 ex
821 667 890 692 vet.
908 661 965 692 lib.
983 667 1102 691 sumta.

885 769 1026 801 NOTAE

237 834 396 875 scriptam
425 834 509 874 legi:
534 845 611 865 nam
635 844 713 865 sane
729 844 829 876 quam
852 844 932 865 con·

239 890 371 915 suetum
395 885 574 915 Veteribus
598 884 721 923 fuerat,
749 885 857 916 literis
892 885 931 916 iis

239 935 434 976 plerumque
463 935 512 966 uti
542 934 795 966 indifferenter:
832 935 931 966 sicuti

238 986 418 1026 praefiscini
446 992 481 1018 et
505 986 709 1027 praefiscine,
730 987 872 1028 proclivi
896 992 931 1018 et

237 1037 401 1077 proclive,
425 1042 525 1078 atque
540 1038 606 1068 alia
630 1038 710 1068 item
737 1038 844 1068 multa
869 1037 931 1068 hoc

238 1098 345 1128 genus
368 1089 459 1119 varie.
480 1087 662 1119 dixerunt.'
706 1088 802 1119 Idem
830 1089 932 1120 habet

238 1143 336 1170 vetus
352 1138 516 1170 Macrobii
534 1139 653 1169 codex.
690 1139 735 1169 At
763 1139 793 1169 in
818 1139 931 1179 vulga·

238 1190 280 1220 tis
305 1190 313 1205 ‘
327 1188 471 1230 pristiui'
489 1194 523 1219 et
539 1190 547 1206 ‘
563 1189 726 1229 pristine‚’
743 1198 803 1229 pro
821 1189 829 1206 ‘
844 1199 931 1229 prae-

237 1239 370 1276 fiscini,'
383 1240 392 1257 ⁶
411 1238 622 1280 praefiscine‚'
636 1239 762 1270 editum
781 1243 843 1270 est.
863 1240 931 1270 Jos.

237 1290 322 1322 Scal.

281 1342 451 1383 Prospera]
475 1341 627 1373 Plinius:
656 1342 721 1372 Cur
743 1344 774 1371 et
787 1341 930 1378 fascina-

236 1392 371 1423 tionibus
400 1393 577 1423 adoratione
606 1392 753 1432 peculiari
796 1393 929 1422 occurri-

236 1447 324 1474 mus?
339 1445 481 1475 Titinius
495 1445 629 1475 Setina:
645 1444 931 1479 Paal‹1mea,‹1ma-

237 1494 285 1532 bo,
308 1495 456 1535 pollulum
478 1496 598 1525 laudem
623 1494 728 1524 addito
748 1494 931 1535 praefiscini.

237 1545 329 1576 Citat
357 1546 528 1576 Charisius
556 1548 589 1575 et
620 1544 745 1581 subdit,
772 1554 809 1575 ne
830 1546 930 1584 puella

234 1594 415 1626 fascinetur.
441 1596 555 1626 Plaut.
572 1594 705 1625 Asinar.
722 1595 731 1610 ‘
743 1593 930 1624 Prmfiscin'

234 1646 298 1677 hoc
321 1655 408 1677 nunc
438 1645 592 1682 dixerim,
618 1653 715 1674 nemo
745 1643 847 1674 etiam
878 1653 930 1674 me

235 1696 420 1730 accusavit,
447 1695 573 1726 Merito
588 1693 683 1724 meo.’
719 1693 778 1723 Ait
809 1694 929 1724 Festus

235 1747 244 1761 ‘
261 1744 450 1785 praefiscine
467 1749 620 1775 extrema
644 1743 836 1783 producta,'
851 1743 929 1783 quia

234 1796 396 1834 nonnulli,
415 1801 451 1826 ut
469 1799 563 1835 puto,
590 1793 829 1824 existimabant
854 1802 928 1823 esse

234 1845 381 1876 vocativi
418 1854 526 1882 casus,
562 1850 598 1874 ut
628 1853 728 1884 supra
755 1842 928 1873 ‘numere’

235 1895 361 1926 dictum
379 1898 431 1924 est
445 1904 463 1924 a
480 1893 678 1934 quibusdam
695 1892 818 1931 corripi
831 1892 863 1922 in
882 1893 928 1922 ul-

236 1946 317 1976 tima
334 1944 474 1984 syllaba,
491 1948 524 1974 et
541 1942 682 1973 vocandi
698 1952 777 1972 casu
791 1941 929 1972 dictum.

236 1995 369 2026 Gellius
389 2003 430 2024 ex
455 1992 563 2023 veteri
581 1991 698 2022 codice
716 1991 773 2021 lib.
800 1999 834 2021 x.
850 2000 927 2030 cap.

235 2047 289 2076 24.
318 2045 458 2085 loquens
484 2043 525 2073 de
556 2041 741 2082 diequinti:
781 2041 928 2071 ‘Extre-

235 2104 322 2126 mam
339 2095 436 2125 istius
449 2093 539 2123 vocis
556 2092 718 2133 syllabam
736 2096 805 2122 tum
824 2101 928 2131 pere,

235 2150 305 2176 tum
332 2154 392 2185 per
414 2145 438 2184 i,
462 2144 621 2183 scriptam
649 2143 733 2183 legi:
759 2151 926 2172 namsane

234 2205 332 2237 quam
362 2199 560 2226 consuetum
596 2194 765 2224 veteribus
804 2192 925 2227 fuerat,

234 2246 341 2277 literis
356 2246 395 2276 iis
411 2245 607 2285 plerumque
625 2244 672 2274 uti
691 2241 926 2274 indifferenter

235 2296 334 2327 sicuti
359 2294 538 2336 praetiscini
565 2300 600 2325 et
624 2293 826 2334 praefiscine,
851 2302 925 2333 pro-

234 2347 315 2377 clivi
344 2351 379 2377 et
417 2345 577 2385 proclive,
611 2348 713 2384 atque
745 2344 808 2373 alia
844 2343 924 2373 item

233 2398 342 2428 multa
370 2397 432 2427 lioc
465 2405 568 2435 genus
608 2395 699 2424 varie
742 2392 924 2424 dixerunt!

233 2448 331 2479 Idem
354 2446 455 2477 habet
482 2450 578 2476 vetus
608 2444 775 2475 Macrobii
806 2443 925 2474 codex.

233 2499 281 2530 At
311 2499 343 2529 iu
368 2497 510 2536 vulgatis
536 2495 675 2536 pristini,
710 2499 745 2525 et
777 2494 925 2534 pristine,

234 2559 296 2589 pro
319 2546 486 2589 praefiscim'
516 2546 686 2587 proefiscine
712 2545 839 2575 editum
861 2550 925 2585 est,

235 2603 272 2633 ut
288 2598 416 2629 monuit
429 2597 591 2636 Scaliger.
636 2595 702 2627 Sed
731 2596 778 2626 ait
803 2596 924 2627 Festus

233 2651 242 2666 ‘
257 2654 408 2679 extrema
422 2647 611 2689 producta‚'
629 2646 922 2687 grammaticorum

233 2709 338 2742 more,
355 2700 410 2741 qui
434 2709 508 2731 cum
535 2699 697 2740 syllabam
725 2699 775 2729 vel
799 2698 922 2739 corripi

986 835 1115 874 dicunt,
1139 835 1193 865 vel
1217 832 1369 875 produci,
1396 840 1487 872 saepe
1510 831 1582 871 ejus
1608 834 1680 862 tan-

986 890 1055 916 tum
1070 886 1221 916 vocalem
1240 885 1292 915 vel
1309 889 1365 914 eta
1382 892 1453 914 esse
1475 882 1629 919 innuunt,
1645 880 1678 911 id

985 940 1048 970 est,
1064 946 1079 966 e
1096 935 1243 975 longum,
1272 935 1324 964 vel
1349 933 1490 972 epsilon,
1518 931 1550 962 id
1577 935 1639 970 est,
1664 941 1680 962 e

985 990 1097 1017 tenue.
1142 985 1198 1016 Sic
1225 993 1327 1024 supra
1350 984 1472 1014 Festus
1496 983 1528 1012 in
1544 980 1681 1021 ‘Ergo‚'

985 1036 994 1052 ‘
1009 1037 1140 1076 Lustra,
1155 1040 1163 1053 ‘
1178 1032 1387 1074 Muscedra:
1408 1031 1537 1074 ‘pone‚'
1555 1036 1564 1049 ‘
1576 1041 1679 1073 quan-

982 1087 1050 1122 d0,'
1067 1089 1131 1118 &c.
1158 1087 1241 1118 Dac.

1024 1136 1038 1157 ‘¹
1061 1136 1240 1177 Prospices]
1277 1136 1369 1175 Lege
1402 1134 1564 1174 Prospica.
1597 1133 1680 1164 Nae-

981 1188 1074 1218 vius:
1099 1188 1185 1218 ‘tibi
1210 1187 1380 1228 prospica‚
1403 1195 1442 1216 ac
1467 1182 1618 1224 dispice‚'
1645 1182 1678 1213 id

983 1242 1045 1271 est.
1064 1238 1232 1278 prospice,
1249 1237 1390 1277 dispice.

1025 1293 1038 1309 θ
1060 1288 1241 1327 Prosumia]
1266 1286 1405 1327 Antiqui
1431 1284 1593 1325 protumia,
1619 1292 1679 1323 pro

979 1339 1148 1381 poi-eumin,
1175 1350 1193 1370 a
1222 1339 1346 1370 Graeco
1389 1337 1560 1375 πορθμεῖον.
1608 1335 1678 1365 Jos.

982 1390 1066 1421 Scal.

1026 1439 1205 1480 Prosumia]
1257 1437 1414 1469 Caecilius
1467 1435 1675 1467 Meretrice:

981 1492 990 1508 ‘
1007 1490 1068 1520 Cui
1085 1490 1293 1530 gubernator
1311 1497 1453 1528 propere
1485 1488 1586 1518 vertit
1604 1496 1678 1527 pro-

981 1540 1144 1571 sumiam.'
1163 1540 1257 1570 Idem
1277 1539 1469 1569 AEthrione:
1487 1539 1495 1554 ‘
1510 1539 1564 1568 De
1578 1542 1680 1568 nocte

981 1592 1021 1622 ad
1040 1597 1173 1632 portum
1195 1600 1265 1621 sum
1291 1588 1467 1630 profectus
1486 1587 1679 1628 prosumia.’

982 1642 1088 1673 Putat
1133 1641 1283 1680 Scaliger
1327 1639 1482 1679 antiquos
1525 1638 1679 1678 prolmnia

982 1693 1105 1723 dixisse
1137 1700 1198 1730 pro
1220 1689 1386 1729 portumia,
1405 1699 1423 1719 a
1448 1689 1568 1719 Graeco
1586 1690 1678 1728 πορθ-

980 1743 1078 1780 μεῖον.
1122 1740 1190 1771 Sed
1220 1740 1355 1779 egregie
1380 1738 1522 1776 fallitur,
1556 1747 1631 1768 nam
1659 1747 1678 1768 a

977 1792 1190 1833 prostituendo,
1202 1790 1381 1831 prosumia:
1404 1788 1492 1829 quod
1511 1798 1582 1818 eam
1601 1798 1677 1828 pro-

980 1846 1151 1873 sumerent
1167 1839 1363 1881 speculandi
1380 1848 1494 1869 causa.
1525 1837 1626 1868 Unde
1643 1841 1679 1868 et

981 1892 1012 1921 in
1057 1891 1171 1922 Gloss.
1209 1890 1217 1905 ‘
1232 1887 1415 1928 pro-summ,
1457 1886 1676 1923 κατασκοπής.’

980 1938 1232 1979 ‘Speculatoria
1248 1936 1366 1967 navis.'
1393 1938 1475 1967 Duc.

1023 1988 1036 2009 f
1053 1985 1230 2027 Protelare]
1255 1986 1393 2018 Protelo
1410 1985 1550 2025 ducere,
1567 1986 1598 2016 id
1611 1991 1676 2025 est,

980 2052 1046 2073 uno
1078 2046 1195 2072 tenore
1220 2048 1259 2069 ac
1292 2039 1393 2069 ductu
1426 2043 1574 2069 aratrum
1605 2038 1675 2069 sive

979 2093 1043 2123 alia
1060 2091 1196 2128 ducere,
1213 2089 1358 2127 trahere,
1387 2089 1440 2119 cui
1467 2089 1673 2120 contrarium

980 2140 1169 2183 ‘strigare.'
1207 2139 1314 2170 Lucil.
1344 2138 1403 2169 lib.
1434 2147 1485 2169 vr.
1543 2138 1673 2170 ‘Quem

981 2203 1091 2234 neque
1109 2191 1253 2223 Lucanis
1265 2189 1395 2220 oriundi
1408 2189 1570 2220 montibu’
1588 2189 1675 2220 tardi

981 2246 1118 2276 Ducere
1154 2242 1286 2282 protelo
1327 2240 1445 2270 validis
1490 2239 1674 2270 cervicibu’

982 2291 1141 2334 possent!
1176 2292 1219 2322 Et
1245 2291 1302 2321 lib.
1333 2299 1400 2321 ΧΠ.
1439 2289 1564 2320 ‘Hunc
1590 2289 1674 2330 juga

979 2345 1142 2375 mulorum
1155 2341 1287 2382 protelo
1300 2339 1424 2370 ducere
1442 2344 1577 2370 centum
1595 2340 1672 2370 Non

980 2392 1140 2435 possunt-¹
1176 2390 1316 2422 Protelo
1340 2389 1463 2420 ducere
1493 2390 1607 2421 Graeci
1625 2391 1674 2421 di-

979 2449 1060 2475 cunt
1084 2441 1247 2482 ἇμπρεύειν
1268 2445 1302 2471 et
1329 2438 1536 2479 ἐξαμπρεύειν,
1555 2450 1573 2470 a
1591 2450 1671 2472 voce

979 2494 1106 2534 ἆμπρὸν,
1121 2493 1177 2534 qui
1194 2493 1267 2522 vice
1287 2492 1428 2522 temonis
1444 2492 1529 2522 inter
1544 2492 1673 2525 medios

981 2545 1083 2575 boves
1097 2543 1310 2580 tendebatur,
1326 2547 1362 2572 ut
1383 2542 1481 2572 hodie
1499 2543 1599 2573 etiam
1614 2544 1674 2573 ali-

979 2594 1137 2636 quando;
1185 2602 1288 2633 quare
1324 2592 1469 2632 scriptor
1504 2592 1670 2624 Glossarii

975 2645 1126 2685 proielum
1136 2644 1380 2682 interpretatur
1393 2641 1552 2680 ἔξαμπρον.
1571 2642 1669 2673 Unde

977 2695 1061 2727 falso
1077 2694 1138 2726 sibi
1157 2697 1395 2734 persuaserunt
1415 2692 1475 2723 viri
1494 2692 1583 2724 docti
1598 2702 1669 2733 pro-
