1876 3025
256 174 341 215 964

315 279 419 334 quia
442 277 590 319 temeti
616 277 723 318 nihil
757 276 952 316 allatum.

312 346 439 387 multi
461 345 627 394 temeti,
649 344 728 385 sed
749 342 937 397 plurimi.

691 181 838 213 SEXTI
874 179 1079 210 POMPEII
1114 178 1250 209 FES'rl

1011 273 1287 328 Pomponius
1309 273 1354 314 in
1375 272 1569 314 decima:
1601 273 1707 315 Non

996 341 1171 382 Nonius
1191 341 1235 381 in
1254 341 1424 382 duobus
1445 340 1652 381 dossenis
1668 354 1678 382 :
1692 345 1708 363 ⁰

315 414 558 467 Sequimini
588 413 860 465 praeminate,
893 422 1074 464 sequere
1110 409 1264 450 temeti
1303 409 1442 450 timor.

1503 408 1628 448 Idem
1663 409 1708 449 in

316 482 486 522 Funere
504 495 512 519 :
537 479 683 532 Agite,
705 480 839 526 exite,
857 479 1247 531 temulentiamque
1261 481 1276 499 2
1298 478 1458 518 tollite:
1482 481 1525 517 et
1544 477 1586 517 in
1603 476 1709 517 Sur-

315 548 395 589 do:
430 548 567 588 Filias
587 547 730 587 habeo
768 546 1045 594 temulentas,
1070 544 1146 585 sed
1178 557 1310 586 eccas
1337 544 1468 585 video
1489 544 1708 585 incedere.

316 615 527 656 Afranius
563 615 607 654 in
649 613 958 655 Consobrinis:
1000 613 1083 654 Pol
1120 613 1262 665 magis
1298 612 1427 653 istius
1463 612 1708 653 temulentae

315 681 469 722 futilis.

259 751 532 804 Tempesta‚p
561 750 837 803 tempestiva.

1528 747 1619 800 [ΡΑ
1630 758 1656 788 υ
1669 759 1710 788 t..

262 818 588 872 Tempestatem
604 823 620 846 ‘³
642 831 721 871 pro
744 821 937 870 tempore
957 816 1206 870 frequenter
1227 815 1428 856 dixerunt
1449 815 1631 868 antiqui.

260 886 491 940 Templum
510 891 522 907 ¹
555 885 789 938 significat,
820 889 865 924 et
897 882 1134 924 aedificium
1163 882 1262 923 Deo
1295 886 1532 931 sacratum,
1561 886 1606 921 et
1633 881 1710 934 tig-

315 966 433 1002 num,
457 952 576 1006 quod
598 952 640 992 in
660 951 849 992 aedifieio
868 954 1161 990 transversum
1180 949 1368 1002 ponitur.

260 1021 429 1062 Tenitae
446 1025 481 1049 ³⁵
503 1020 793 1061 credebantur
813 1031 913 1059 esse
931 1017 1113 1058 sortium
1133 1016 1257 1067 Deae,
1278 1003 1410 1057 dicta}
1433 1016 1550 1070 quod
1570 1019 1711 1057 tenen·

318 1089 361 1129 di
382 1088 589 1128 haberent
610 1090 888 1141 potestatem.

260 1156 441 1197 Tensa4
462 1155 715 1197 vehiculum
743 1157 1009 1206 argenteum,
1044 1165 1133 1206 quo
1165 1153 1338 1194 exuviae
1372 1153 1565 1192 Deorum
1595 1150 1712 1192 ludis

319 1223 601 1264 Circensibus
622 1223 666 1263 in
687 1223 849 1263 circum
871 1222 925 1262 ad
949 1221 1155 1274 pulvinar
1177 1221 1465 1261 vehebantur.

262 1292 479 1332 Tensamt
500 1292 561 1333 ait
583 1292 734 1332 vocari
758 1290 960 1331 Sinnius⁵
977 1288 1135 1342 Capito
1157 1288 1417 1337 vehiculum,
1433 1299 1521 1342 quo
1549 1285 1712 1340 [Fa-ST.

870 1419 989 1432 eeeeee

992 1420 1108 1431 eeeeee

307 1523 326 1551 2
350 1521 430 1551 Yet.
456 1519 514 1550 lib.
541 1520 658 1558 erigite
686 1521 961 1551 temulentmn.—3
986 1519 1039 1550 Id.
1070 1518 1266 1550 Teniroe.·--1
1291 1516 1344 1547 ld.
1366 1516 1557 1546 Thensa.——5
1585 1515 1716 1545 Tensam

263 1563 308 1593 nie
325 1563 427 1593 τασαν-ἱ
443 1563 583 1600 Sinnius,
603 1564 654 1601 (ξε.
702 1563 785 1594 ria-c
814 1563 947 1604 quidem
975 1571 1048 1593 esse
1074 1562 1167 1592 Festi
1195 1564 1290 1591 notat
1319 1559 1485 1598 Scaliger,
1509 1557 1568 1588 sed
1592 1567 1655 1587 non
1672 1566 1715 1587 ex

268 1612 349 1636 vett.
368 1605 449 1636 libb.
469 1606 634 1636 desunita.

920 1701 948 1732 N
959 1700 1065 1732 OTAE

266 1788 318 1819 eo,
335 1780 390 1820 qni
410 1779 492 1810 duos
511 1781 692 1817 Dossenos,
707 1787 782 1819 quae
797 1782 849 1808 est
869 1777 963 1807 Atel-

266 1829 343 1859 lana
373 1830 488 1868 Novii,
518 1829 728 1870 ineptissime
765 1838 825 1868 pro
860 1827 964 1858 Fabio

268 1880 421 1910 Dosseno
446 1881 586 1911 (tomice
612 1879 759 1919 accepit,
776 1879 873 1918 cujus
897 1887 963 1908 me-

267 1930 366 1960 miss'it
386 1930 559 1961 Horatius.
583 1931 652 1960 Jos.
671 1930 754 1960 Scal.

311 1981 482 2020 Temetmn]
521 1982 572 2011 Ex
600 1980 744 2011 articulo
771 1983 806 2009 et
830 1978 965 2009 nornine

267 2030 304 2060 τὸ
327 2031 412 2069 μέθυ,
435 2035 590 2062 temetum.
637 2032 746 2061 Locus
774 2030 888 2060 Plauti
914 2035 964 2059 est

269 2088 392 2113 act.11.
412 2093 458 2113 sc.
476 2086 507 2112 ὓ.
534 2082 615 2112 Duc.

311 2138 325 2152 ⁰
352 2134 470 2163 Nonius
493 2133 526 2162 in
546 2132 662 2162 duobus
681 2130 832 2170 dossenis]
871 2128 965 2159 Atel-

270 2184 380 2213 lanam
409 2183 547 2223 scripsit
579 2182 720 2220 Nonius,
755 2181 808 2211 cui
848 2188 967 2210 nomen

270 2234 328 2264 duo
345 2233 490 2263 Dosseni.
534 2232 600 2262 Sed
623 2232 654 2262 hi
674 2230 822 2262 Dosseni
848 2228 969 2259 diversi

271 2288 376 2314 sunta
390 2282 493 2313 Fabio
508 2282 688 2312 Dossenno
702 2280 850 2315 Comico,
872 2279 968 2318 cujus

271 2334 422 2364 meminit
463 2333 624 2363 Horatius
667 2332 727 2371 Ep.
770 2333 798 2360 l.
832 2328 890 2359 lib.
928 2338 967 2359 ιι.

269 2386 278 2401 ‘
294 2384 450 2416 Quantus
467 2384 510 2413 sis
531 2384 726 2413 Dossennus
751 2380 914 2411 edacibus
935 2379 969 2409 in

272 2435 444 2474 parasitis,
463 2436 573 2466 Quam
591 2442 656 2462 non
674 2432 814 2462 astricto
833 2438 970 2470 percur-

274 2490 326 2516 rat
344 2486 475 2525 pulpita
498 2483 620 2514 socco.’
665 2481 779 2512 Verba
802 2480 903 2512 Nonii
923 2480 970 2510 sic

274 2535 432 2567 emendat
458 2534 629 2574 Scaliger:
666 2531 839 2571 Sequimini
861 2529 969 2570 proemz'

274 2590 345 2616 mile
360 2593 497 2625 sequere,
514 2584 619 2614 temeti
636 2582 737 2612 timor.
777 2582 849 2621 Ego
868 2589 945 2610 vero
960 2590 968 2609 :

274 2636 460 2676 Sequimini,
472 2636 483 2665 z·
495 2644 559 2675 prae
575 2634 617 2663 mi
633 2636 717 2671 nate,
732 2641 857 2671 sequere
872 2629 974 2661 timeti

263 2686 379 2718 'timon
426 2687 550 2717 Facete
582 2684 765 2724 parasitum
797 2688 831 2713 ct
858 2681 970 2712 heluo-

266 2743 364 2772 'nem,
383 2738 499 2768 temeti
517 2735 669 2767 timorem
688 2738 797 2765 vocat.
824 2733 919 2763 Idem.

1062 1782 1076 1801 Ρ
1103 1774 1277 1815 Tenzpesla]
1305 1774 1401 1804 Nocte
1414 1773 1605 1811 intempesta.
1629 1768 1717 1800 Vide

1019 1829 1027 1844 ‘
1042 1824 1268 1865 intenipesta.'
1296 1825 1390 1854 Idem.

1066 1881 1080 1901 ‘¹
1120 1873 1360 1914 Tempestatem]
1388 1872 1475 1903 Vide
1506 1872 1514 1888 ‘
1535 1871 1718 1910 intempes-

1023 1927 1078 1958 ta.'
1109 1927 1205 1958 Idem.

1063 1981 1074 1996 Γ
1099 1975 1273 2015 Templum]
1300 1976 1349 2005 Dc
1369 1973 1495 2013 templo
1513 1972 1616 2002 multa
1632 1970 1718 2001 Var-

1023 2038 1059 2058 ro
1077 2027 1132 2057 lib.
1145 2036 1193 2057 vr.
1211 2026 1252 2056 de
1271 2025 1365 2063 Ling.
1383 2024 1457 2053 Lat.
1481 2023 1559 2053 Ant.
1577 2023 1661 2059 Aug.

1067 2076 1239 2116 Templum]
1254 2075 1341 2105 Vide
1359 2070 1624 2111 ‘contemplari.’
1649 2070 1718 2101 Pro

1026 2128 1118 2167 tigno
1142 2136 1219 2157 usus
1238 2125 1410 2155 Vitruvius
1436 2124 1494 2154 lib.
1512 2131 1577 2153 vu.
1594 2132 1671 2162 cap.
1688 2124 1719 2152 7.

1023 2180 1031 2194 ‘
1045 2178 1221 2217 Supraque
1237 2175 1269 2205 id
1288 2174 1457 2213 fastigium
1476 2173 1629 2203 columen
1641 2181 1718 2202 cau—

1025 2227 1135 2262 tlierii,
1154 2226 1280 2266 templa
1300 2225 1346 2256 ita
1364 2229 1441 2254 sunt
1458 2222 1667 2259 collocanda,
1683 2228 1719 2252 nt

1023 2275 1229 2308 stillicidium
1262 2275 1344 2306 tecti
1381 2273 1529 2304 absoluti
1567 2272 1719 2303 tertiario

1023 2324 1251 2366 respondeat)
1280 2325 1358 2355 Dae.

1067 2382 1077 2396 ⁵
1102 2375 1234 2415 Tenitae]
1254 2375 1383 2414 Tenitae,
1407 2374 1476 2404 sive
1492 2372 1626 2412 Teniroe,
1642 2382 1659 2402 a
1676 2376 1720 2403 te-

1024 2428 1133 2463 nendo,
1149 2426 1247 2456 dictae
1266 2425 1404 2456 sortium
1424 2425 1518 2454 Deae.
1557 2423 1625 2453 sed
1649 2422 1720 2454 fere

1025 2478 1163 2517 ignotae,
1190 2476 1237 2506 ita
1261 2481 1296 2505 ut
1321 2474 1482 2515 perpauci
1501 2478 1612 2503 essent
1630 2473 1719 2512 apud

1025 2528 1182 2562 veteres,
1207 2525 1233 2555 si
1258 2530 1354 2555 erunt
1384 2524 1500 2564 aliqui,
1522 2523 1579 2563 qui
1605 2532 1719 2553 earum

1026 2577 1091 2607 aiis
1106 2577 1263 2605 honorem
1282 2574 1505 2613 imponerent.
1531 2572 1625 2602 Idem.

1070 2628 1079 2646 ¹
1115 2624 1259 2664 Tensum]
1300 2625 1422 2654 Ascon.
1456 2623 1495 2653 ad
1528 2632 1581 2652 ιιι.
1621 2622 1718 2652 Verr.

1028 2683 1035 2694 ¹
1049 2678 1189 2708 Thensae
1207 2685 1303 2706 sacra
1319 2680 1394 2705 sunt
1420 2674 1572 2704 vehicula
1597 2683 1720 2713 pompa

1030 2728 1182 2760 ordinum
1200 2733 1234 2758 et
1250 2726 1446 2757 hostiarum.
1489 2724 1638 2754 Thensas
1665 2723 1720 2753 alii
