1876 3025
352 176 415 207 DE
448 173 722 205 VERBORUM
756 170 1173 203 SIGNIFIGATIONE
1208 171 1303 201 Lm.
1337 172 1444 202 xiv.
1543 160 1628 202 645

172 271 446 318 Procalath
466 273 758 325 provocatam

173 340 414 392 Proculoto,
430 344 661 394 provocato,
681 343 719 377 et
734 335 940 391 procitato
961 333 1084 374 etiam
1106 334 1298 389 usurpari
1318 332 1429 374 solet.
1461 334 1626 388 [FEST.

171 410 424 463 ProcapiS,c
444 407 691 462 progenies,
714 418 814 459 quae
838 405 893 445 ab
915 416 1001 444 uno
1024 403 1170 456 capite
1193 402 1408 457 procedit.
1447 402 1574 452 [ΡΑυ
1585 414 1627 445 1..

172 475 389 527 Procari,d
417 488 628 531 poscere:
658 474 774 515 unde
808 484 1022 526 procaces
1055 466 1321 520 meretrices,
1356 471 1411 511 ab
1448 471 1627 511 assidue

227 546 479 601 poscendo:
510 548 553 585 et
587 544 711 598 proci
747 554 929 582 uxorem
960 543 1198 594 poscentes
1219 539 1263 579 in
1283 538 1625 579 matrimonium.

172 615 370 664 Procari,
393 626 574 668 poscere
595 616 664 653 est
680 626 688 653 :
702 616 716 632 θ
746 610 860 651 unde
881 614 926 650 et
946 609 1084 662 proci,
1106 612 1151 648 et
1172 608 1422 648 meretrices
1465 606 1628 661 [FEST.

227 695 457 737 procaceS,
479 686 521 723 et
540 681 721 723 verbum
744 691 919 733 procaS,
943 678 986 718 id
1011 680 1092 727 est,
1115 676 1282 730 poscis.

173 749 362 792 Procatf
390 751 611 799 dicebant,
636 762 713 802 pro
737 748 897 801 poscit.

173 819 425 861 Procedere
444 818 646 859 dicebant
666 816 884 857 interdum
908 828 988 869 pro
1010 813 1264 864 succedere,
1285 812 1423 852 inter·
1452 810 1575 862 [PAU
1587 822 1627 850 1..

228 888 332 928 dum
353 900 433 940 pro
455 898 585 939 porro
607 885 775 926 cedere.

175 953 401 996 Procedere
415 960 430 983 g
462 952 664 994 interdum
684 951 901 1002 succedere,
924 948 1126 991 interdum
1142 963 1249 1004 pone
1271 947 1420 990 cedere.
1463 947 1521 1002 [F
1527 957 1628 987 EST.

172 1022 463 1073 Procellunt,h
495 1022 801 1076 procumbunt.
1447 1016 1630 1068 [PAUL.

172 1089 392 1140 Procera,i
423 1090 615 1144 prolixa,
636 1095 680 1130 et
701 1090 744 1129 in
766 1089 945 1142 longum
966 1086 1195 1141 producta,
1221 1085 1348 1140 quasi
1370 1098 1424 1126 ex
1449 1097 1551 1126 cera
1571 1084 1626 1124 ob

227 1158 325 1211 ejus
345 1158 614 1199 facilitatem.

783 1288 799 1299 e
804 1287 820 1298 o
825 1287 957 1298 ›eeeeeae
963 1286 998 1298 eo
1003 1286 1020 1298 e

214 1403 254 1431 19
277 1399 338 1431 vir
353 1401 445 1431 doct.
463 1399 496 1430 in
515 1408 620 1440 marg.
638 1398 693 1430 ed.
711 1399 800 1430 Scal.
823 1398 966 1439 conjicit
986 1398 1178 1436 Ρνοεαὶαίίο,
1192 1397 1381 1437 provocatio.

830 1543 977 1576 NOTAE

171 1643 274 1674 etiam
298 1642 307 1660 ‘
327 1643 443 1673 cacula
460 1642 468 1654 '
493 1647 527 1674 et
543 1642 551 1658 ‘
566 1642 727 1677 calones,’
740 1647 774 1673 et
792 1642 871 1672 Fes-

172 1694 198 1723 ti
223 1692 478 1723 inconstantiam
510 1692 595 1730 ride,
626 1693 653 1722 si
684 1693 741 1722 illa
779 1692 870 1723 Festi

172 1748 261 1773 sunt.
306 1742 371 1773 Sed
388 1742 515 1773 frustra
535 1747 586 1772 est
612 1743 713 1772 etiam
740 1743 870 1776 Festus,

173 1802 250 1823 cum
267 1792 313 1823 ait
328 1793 493 1831 calumnia,
509 1803 527 1822 a
542 1794 654 1823 calare.
703 1793 764 1823 Est
782 1792 871 1822 enim

170 1853 189 1873 a
204 1844 320 1880 caluor,
341 1843 373 1873 id
391 1848 455 1882 est,
472 1842 629 1881 frustror,
651 1842 796 1882 decipio-
841 1841 871 1872 A

172 1895 292 1935 supino
315 1896 461 1925 calutum.
506 1894 596 1925 Vide
622 1894 808 1926 Charisium
837 1898 872 1923 et

171 1946 394 1977 Priscianum.
421 1946 519 1977 Idem.

212 1996 226 2017 '³
250 1996 434 2036 Proculam]
458 1996 548 2027 Vide
573 1996 582 2013 ‘
597 1995 791 2036 procitnnt.²
815 1994 868 2027 Id.

213 2051 225 2066 ⁰
250 2047 415 2087 Procapz's]
440 2046 671 2078 Glossarium:
690 2048 698 2064 ‘
715 2048 870 2087 Captam‚

170 2098 229 2135 τὴν
244 2097 304 2129 ἀπὸ
330 2097 490 2138 προγόνων
511 2097 631 2129 οἷκίαν.’
693 2099 784 2138 Lege
811 2098 870 2128 Ca·

169 2160 248 2190 pem.
294 2150 446 2181 Isidorus
464 2161 471 2181 :
497 2151 744 2190 ‘Procapibus‚
762 2150 873 2190 proxi-

171 2202 246 2233 mis.
292 2201 681 2242 Procapis,p1·oximus.’
704 2203 771 2232 Jos.
789 2201 870 2232 Scal.

214 2252 229 2273 ‘¹
256 2252 404 2292 Procarz']
444 2255 472 2283 A
503 2253 601 2293 προὶξ,
633 2253 704 2292 dos,
733 2253 870 2289 donum,

171 2303 293 2344 stipes:
308 2303 445 2344 προΐασι-ο
456 2310 545 2345 peto,
560 2314 692 2336 manum
708 2303 870 2343 extendo,

171 2354 251 2385 inde
279 2365 398 2394 procor,
417 2364 555 2386 uxorem
586 2360 677 2394 peto.
724 2353 811 2384 Inde
836 2360 871 2384 et

169 2405 304 2444 precari,
334 2410 371 2435 ut
400 2414 460 2445 pro
493 2405 664 2445 ‘Apollo,'
703 2404 872 2445 ‘Amilos

173 2457 236 2486 Sec.
254 2465 272 2486 a
290 2457 413 2495 procori
431 2456 626 2487 meretrices
643 2456 744 2486 dictae.
760 2465 868 2495 proca-

172 2515 231 2536 σεε.
275 2507 411 2537 Servius
442 2516 467 2539 1.
499 2507 575 2537 AEu.
614 2511 763 2546 'procax
791 2516 868 2546 pro-

172 2557 247 2597 prie
274 2563 376 2596 petax
406 2562 470 2588 est.
516 2558 603 2589 Nam
639 2566 780 2597 procare
817 2560 870 2587 est

172 2617 327 2648 poscere,
354 2609 441 2639 unde
467 2614 502 2640 et
526 2608 620 2648 proci
638 2609 800 2648 petitores
819 2607 867 2637 di-

173 2658 319 2689 cuntur.'
374 2659 509 2698 Procax,
544 2659 673 2690 Graecis
710 2657 870 2698 προίκτης.

172 2709 260 2740 Vide
275 2709 440 2740 Nonium:
460 2710 516 2740 alii
531 2713 644 2740 tamen
662 2720 679 2739 a
694 2710 868 2749 prodendo,

174 2761 401 2800 provocando,
415 2761 623 2792 lacessendo.
649 2761 728 2791 Dae.

971 1646 984 1661 θ
1008 1641 1152 1675 Proceri,
1174 1649 1297 1680 poscere
1313 1637 1373 1678 est]
1398 1638 1485 1668 Haec
1503 1645 1629 1676 asupe-

927 1692 1069 1723 rioribus
1082 1690 1331 1731 disjungenda;
1356 1694 1435 1720 sunt
1451 1688 1540 1718 enim
1554 1696 1628 1717 ver-

927 1743 970 1773 ba
989 1743 1090 1772 Festi.
1116 1742 1216 1772 Idem.

969 1791 981 1811 f
1003 1792 1133 1831 Prot-at]
1159 1792 1273 1823 Livius
1298 1788 1454 1829 AEgistho
1473 1799 1480 1818 :
1501 1788 1509 1804 ‘
1527 1787 1629 1822 Quin,

927 1844 1016 1885 quod
1043 1853 1162 1883 parere
1193 1851 1252 1872 vos
1270 1840 1430 1881 majestas
1453 1848 1528 1869 mea
1554 1847 1629 1877 pro-

927 1900 995 1935 cat,
1036 1893 1222 1931 Toleratis,
1259 1891 1501 1931 extemploque
1538 1889 1629 1919 illam

926 1945 1119 1977 deducitis!
1144 1945 1243 1975 Idem.

969 2003 984 2025 Β
1008 1996 1192 2036 Procedere]
1217 1995 1257 2026 In
1286 1993 1353 2024 fine
1382 1990 1563 2033 legendum
1592 1995 1629 2020 ut

927 2050 959 2080 in
975 2048 1133 2088 Epitome
1146 2056 1239 2087 porro
1256 2045 1381 2076 cedere.-
1406 2042 1439 2073 id
1466 2047 1530 2080 est,
1554 2050 1630 2081 pro-

927 2099 1035 2142 gredi.
1062 2098 1157 2129 Idem.

969 2150 983 2170 ¹¹
1021 2146 1212 2186 Procellunt]
1252 2147 1343 2178 Puto
1375 2145 1512 2176 Festum
1549 2149 1629 2174 ante

926 2200 1209 2232 oculoshabuisse
1236 2198 1346 2228 locum
1371 2195 1483 2226 Plauti
1503 2195 1559 2236 qui
1577 2201 1630 2226 est

926 2252 959 2282 in
977 2251 1088 2282 Milite
1102 2259 1157 2280 ιιι.
1174 2252 1201 2280 l.
1219 2248 1228 2264 ‘
1242 2247 1442 2279 Procellunt
1455 2256 1490 2276 se
1505 2252 1538 2275 et
1553 2254 1629 2286 pro-

927 2301 1091 2334 cumbunt
1118 2298 1300 2336 dimidiati,
1324 2297 1411 2328 diem
1437 2296 1629 2338 appetunt!

927 2353 1121 2390 Procellzmt,
1142 2350 1175 2381 id
1201 2354 1264 2387 est,
1291 2352 1441 2379 movent.
1487 2347 1519 2378 A
1542 2349 1629 2385 cello,

927 2403 1016 2444 quod
1035 2413 1053 2433 a
1070 2401 1186 2441 κέλλω,
1199 2401 1281 2434 κινῶ,
1299 2408 1429 2429 moveo.
1452 2398 1550 2428 Idem.

967 2455 975 2475 5
1002 2452 1155 2492 Procera]
1174 2451 1205 2483 A
1220 2460 1276 2491 pro
1294 2454 1419 2487 εῖδει-α,
1432 2449 1521 2490 quod
1535 2449 1628 2488 inep—

925 2510 996 2536 tum
1013 2510 1077 2536 est.
1124 2504 1279 2534 Procerus
1295 2505 1345 2531 est
1363 2510 1381 2530 a
1399 2509 1515 2540 procer,
1540 2498 1626 2537 quod

926 2566 944 2586 a
970 2565 1091 2596 procus,
1117 2555 1170 2585 vel
1199 2552 1309 2593 potius
1340 2560 1358 2580 a
1390 2559 1445 2590 pro
1473 2554 1507 2579 et
1529 2558 1629 2588 cerus,

926 2611 1074 2644 sanctus,
1092 2605 1125 2635 id
1144 2609 1208 2641 est,
1224 2611 1376 2641 maguus.
1436 2600 1516 2630 Sive
1534 2608 1551 2628 a
1572 2608 1627 2638 pro

924 2661 958 2687 et
970 2666 1073 2694 cerno,
1096 2655 1147 2685 vel
1172 2664 1190 2684 a
1206 2651 1354 2692 προεχὴς,
1371 2649 1534 2687 eminens,
1550 2648 1626 2679 AEo-

923 2708 988 2737 lice
1006 2705 1155 2745 προέχηρ,
1169 2713 1290 2745 procer.
1334 2700 1421 2731 Vide
1437 2702 1445 2717 ‘
1462 2699 1629 2741 procum‚’

926 2758 1020 2788 Idem.
