1876 3025
286 183 349 214 DE
384 178 660 211 VERBORUM
694 174 1105 208 SIGNIFIGATIONE
1139 174 1236 204 LIB.
1268 172 1395 203 XVII.

168 293 272 322 suos
293 278 533 333 ponebant.

1483 161 1567 203 &87

594 274 679 316 Per
697 273 891 315 dativum
911 283 1061 314 casum
1092 270 1213 311 idem
1233 269 1398 310 Ennius
1423 268 1542 309 effert
1559 283 1566 308 z

168 350 409 402 Postquam
430 345 598 387 lumina
621 344 684 385 sis
707 343 877 384 oculis:
909 353 989 396 pro
1013 339 1124 381 suis.

115 416 281 470 Sospes
299 415 461 457 salvus.

172 486 272 525 suit.

523 412 693 454 Ennius
717 417 861 452 tamen
883 408 1096 462 sospitem
1127 419 1208 461 pro
1244 408 1467 446 servatore
1490 417 1566 457 po-

113 552 267 605 Sospes
282 557 294 573 s
313 548 515 606 significat
539 548 651 604 apud
671 561 821 590 omnes
838 546 927 588 fere
959 549 1143 585 auctores
1163 540 1319 582 salvam
1332 556 1344 580 .-
1403 540 1568 595 [Fiesqu

169 619 378 661 Afranius
399 620 442 659 in
464 617 655 671 Epistola
674 632 685 656 .·
719 614 782 656 Di
803 621 840 655 te
874 612 1059 667 sospitem
1080 616 1253 651 servent
1282 610 1384 650 tuis.
1433 608 1566 664 Virgi-

171 687 247 727 lius
264 686 334 727 lib.
351 697 457 726 ΠΗ.
483 685 676 726 AEneidos
693 700 704 724 .·
735 683 934 724 Maxime
948 681 1205 722 Teucrorum
1221 677 1378 728 ductor,
1394 691 1470 732 qno
1492 692 1570 717 sosnr

166 755 254 809 pite
276 767 529 809 numquam.
590 752 751 794 Ennius
768 751 811 790 in

171 828 415 877 parentem,
438 828 482 862 et
500 820 648 875 patrico
670 817 733 859 Da·
753 823 909 859 servale
926 816 1152 869 sospitem.
1213 813 1356 855 Attius
1378 813 1420 854 in
1466 846 1473 853 .

245 920 254 930 .
285 891 319 931 si
338 892 419 932 rite
439 890 495 930 ad
513 888 697 942 patriam
713 901 842 941 sospes
868 884 1136 940 pervenisset.

171 966 413 1000 servatorem
434 957 540 1012 signi
571 970 675 996 care.

1198 884 1365 924 Ennius
1398 884 1557 924 videta)

116 1028 346 1081 Sospitare
361 1032 373 1049 ⁵
393 1031 459 1067 est
483 1027 597 1066 bona
618 1039 695 1078 spe
719 1024 904 1072 afficere,
937 1025 1013 1062 aut
1033 1022 1193 1061 bonam
1217 1033 1340 1074 spem
1389 1020 1514 1073 [PAU
1530 1031 1567 1059 L.

173 1109 259 1136 non
281 1095 448 1136 fallere.

120 1163 376 1204 Servatorem
394 1160 650 1216 significare,
671 1173 768 1201 cum
801 1158 928 1208 dixit,
953 1171 1031 1212 quo
1068 1156 1213 1210 sospite
1234 1157 1369 1207 liber3
1403 1155 1569 1210 [FEST.

173 1235 359 1273 ceterum
393 1229 588 1283 sospitare
615 1226 782 1268 Verrius
817 1227 880 1267 ait
912 1238 1009 1266 esse
1039 1224 1158 1265 bona
1194 1237 1273 1278 spe
1307 1222 1475 1277 officere,
1497 1229 1571 1263 auc

176 1299 319 1339 bonam
340 1312 462 1352 spem
485 1311 570 1338 non
594 1296 755 1338 fallere.

117 1368 282 1409 SPARA
304 1367 468 1407 minimi
489 1365 660 1418 generis
675 1363 826 1417 jacula
848 1375 874 1402 a
896 1361 1146 1415 spargendo
1167 1361 1304 1402 dicta.

1392 1360 1480 1414 [ΡΑ
1494 1372 1519 1401 U
1532 1371 1572 1399 ιΗ

174 1437 393 1478 Lucilius:
434 1435 549 1476 Tum
587 1446 736 1488 spara,
779 1437 871 1473 tum
906 1431 1093 1472 murices
1133 1433 1364 1484 portantur
1404 1427 1570 1481 tragula

173 1518 315 1558 porro.

121 1570 284 1627 Sparat
305 1572 554 1627 parvissimi
578 1569 737 1627 generis
745 1566 914 1624 jacula,
952 1565 1004 1607 ab
1041 1580 1084 1607 eo
1118 1564 1226 1621 quod
1255 1577 1377 1619 spat·
1409 1564 1467 1618 [F
1472 1574 1573 1606 EST.

776 1676 923 1709 NOTAE

162 1765 173 1779 ¹
189 1760 247 1791 Sos
293 1782 301 1791 .
348 1782 356 1790 .
402 1757 428 1797 .]
454 1757 565 1797 Sospes
576 1757 678 1787 salvus
699 1776 708 1785 .
755 1777 764 1786 .
811 1778 819 1787 .

231 1834 237 1841 .
276 1819 378 1840 omnes
386 1809 457 1847 fere
473 1807 663 1847 aufugerunt
678 1806 819 1846 sospites.

119 1862 274 1901 Afranius
300 1861 333 1891 in
361 1859 524 1900 Epistola:
549 1858 596 1889 Dc·
622 1862 653 1888 le
675 1857 820 1897 sospitem

118 1917 239 1944 servent
255 1913 332 1945 tuis.
356 1910 514 1942 Pacuvius
530 1910 562 1940 in
577 1908 712 1940 Teucro:
730 1918 818 1938 max-

118 1966 179 1995 ime
198 1965 312 1995 Tenere
355 1980 697 1992 .......
739 1968 818 1989 nun-

120 2024 221 2055 qnam.
269 2013 391 2044 Ennius
407 2013 438 2042 in
464 2035 472 2044 .
519 2034 526 2042 .
575 2034 583 2042 .
631 2033 639 2041 .
661 2013 818 2050 parentem

120 2069 151 2097 et
166 2066 299 2106 patrium
311 2064 358 2095 Dz'
373 2066 493 2095 servate
507 2062 663 2102 sospitem.
708 2060 820 2091 Attius

119 2117 152 2146 in
183 2137 191 2145 .
239 2139 246 2146 .
295 2139 302 2147 .
348 2136 356 2144 .
393 2114 422 2144 si
436 2114 497 2144 rite
511 2114 552 2144 ad
566 2113 702 2152 patriam
717 2112 819 2142 salvus

120 2170 150 2198 et
165 2176 264 2206 sospes
278 2165 477 2206 pervenisset.
524 2164 658 2194 Ennius.
690 2162 762 2193 Vid.
805 2183 816 2194 .

178 2240 186 2248 .
233 2241 240 2248 .
271 2216 446 2249 Jos.Scal.

166 2267 292 2308 Sospes]
317 2267 403 2299 Quae
420 2266 543 2296 desunt
566 2265 599 2296 in
627 2264 706 2302 fine,
730 2264 818 2294 male

122 2323 201 2360 post
216 2319 398 2358 Epitomen
417 2316 512 2348 Pauli
539 2315 580 2345 de
599 2314 700 2345 verbo
722 2314 820 2354 sospi-

124 2374 191 2400 tare
211 2369 339 2408 rejecta
353 2374 442 2399 sunt.
488 2368 602 2399 Quare
621 2371 750 2396 certum
769 2369 821 2395 est

123 2429 162 2450 ea
175 2420 237 2450 huc
257 2418 369 2449 reduci
388 2419 525 2455 debere,
544 2422 578 2447 et
606 2416 653 2446 sic
675 2426 748 2447 cum
767 2425 821 2445 su-

125 2468 312 2509 perioribus
338 2469 508 2508 conjungi.
554 2468 676 2497 Ennius
699 2467 823 2497 videtur

124 2523 310 2551 servatorem
333 2518 524 2559 significare,
547 2528 614 2548 cum
638 2519 734 2557 dixit,
766 2527 822 2557 quo

124 2571 239 2611 sospite
251 2570 338 2600 liber.
372 2570 515 2599 Ceterum
526 2569 676 2608 sospitare
692 2568 821 2599 Verrius

124 2623 167 2653 ait
199 2631 260 2652 esse
288 2622 365 2650 Ιιοιια
389 2629 440 2659 spe
470 2621 603 2660 officere,
633 2623 687 2649 aut
715 2619 823 2648 bonam

126 2685 207 2715 spem
221 2671 413 2710 wmfullere.
462 2671 546 2701 Haec
560 2671 654 2700 Fest.
675 2680 776 2709 supra
790 2670 821 2699 in

125 2726 238 2755 verbis
258 2723 356 2754 Ennii
372 2728 406 2752 et
431 2721 515 2752 Attii
534 2721 613 2751 nihil
631 2720 750 2750 deesse
775 2721 822 2750 vi-

127 2776 227 2808 detur
245 2780 370 2816 practer
387 2782 507 2804 nornen
520 2770 656 2803 fabulae,
701 2772 822 2811 Sospes

874 1758 988 1785 autem
1007 1763 1065 1794 pro
1079 1757 1265 1784 servatore.
1311 1751 1397 1783 Vide
1416 1752 1426 1768 ‘
1443 1751 1575 1792 sispes!

874 1805 957 1837 Dae.

917 1861 928 1876 Β
961 1854 1138 1896 Sospitare]
1169 1855 1361 1896 Sospitare,
1394 1864 1454 1894 pro
1484 1854 1575 1885 bona

873 1917 932 1948 spe
946 1906 1094 1946 afficere,
1112 1906 1201 1947 quod
1220 1906 1272 1937 hic
1286 1905 1425 1946 dicitur,
1442 1915 1505 1945 ego
1523 1915 1576 1936 re-

874 1958 946 1999 peri
980 1959 1014 1988 in
1041 1958 1209 1989 versiculo
1236 1957 1413 1988 Luciliano
1443 1967 1484 1986 ex
1516 1956 1573 1987 lib.

874 2017 1009 2040 xxvur.
1040 2008 1229 2049 ‘Sospitat‚
1255 2007 1407 2047 impertit
1432 2007 1574 2037 salutem

873 2060 1064 2101 plurimam,
1080 2066 1115 2090 et
1133 2057 1385 2099 plenissimam.'
1409 2059 1480 2088 Jos.
1493 2056 1574 2088 Scul.

916 2109 1092 2151 Sospilure]
1117 2110 1203 2140 Haec
1220 2115 1299 2139 ante
1316 2118 1408 2148 spara
1421 2108 1575 2148 proxime

874 2162 1075 2193 collocanda
1087 2166 1177 2193 sunt.
1210 2160 1353 2191 Fallitur
1366 2165 1478 2190 autem
1490 2161 1574 2190 Ver-

874 2213 953 2248 rius,
968 2213 1024 2253 qui
1037 2212 1286 2252 interpretatur
1298 2211 1374 2241 bona
1385 2220 1435 2251 spe
1447 2212 1578 2252 afficere,

872 2265 933 2303 vel,
949 2265 1002 2304 ὅγε.
1047 2263 1153 2295 Quasi
1178 2267 1271 2293 esset
1299 2272 1319 2292 a
1345 2263 1411 2292 σῶα
1437 2268 1473 2292 et
1496 2271 1576 2302 spec,

875 2315 963 2355 quod
982 2313 1161 2344 ridiculum
1175 2323 1182 2343 :
1200 2312 1352 2352 sospitare
1365 2319 1417 2343 est
1433 2322 1450 2342 a
1462 2322 1574 2353 sospes,

875 2371 909 2395 et
926 2363 1106 2403 significat,
1124 2373 1274 2402 servare,
1292 2364 1438 2394 salvare.
1463 2364 1574 2394 Catul.

875 2416 908 2447 in
928 2416 1084 2446 Carmine
1102 2415 1226 2446 Saecul.
1251 2416 1259 2430 ‘
1275 2413 1441 2454 Ancique,
1463 2420 1500 2444 ut
1524 2424 1573 2444 so-

877 2467 936 2497 lita
953 2476 998 2501 es,
1025 2466 1114 2497 bona
1140 2466 1294 2506 sospites
1322 2475 1386 2505 ope
1412 2465 1575 2505 gentem.'

879 2517 963 2548 Duc.

918 2568 926 2586 ῑ
958 2566 1074 2607 Spara]
1108 2567 1239 2598 Glossae
1261 2578 1268 2598 ε
1308 2572 1316 2585 ’
1335 2568 1475 2606 Sparns,
1499 2564 1575 2595 εἶδος

1087 2620 1196 2649 Varro
1223 2618 1312 2659 apud
1341 2618 1493 2649 Servium
1519 2618 1575 2656 qui

878 2675 931 2701 est
958 2670 989 2699 in
1016 2669 1164 2700 schedis:
1190 2670 1366 2709 ‘Sparnm‚
1395 2668 1530 2704 misfflv,
1555 2677 1573 2696 a

878 2719 1026 2759 piscibus
1041 2719 1144 2749 ducta
1160 2718 1390 2753 similitudine,
1408 2717 1463 2758 qui
1477 2718 1571 2757 Spuri

879 2769 1069 2801 vocantur!
1091 2771 1158 2801 Jos.
1176 2770 1259 2800 Scal,

877 2618 1042 2650 ἆκοντίου.’
