1876 3025
271 170 331 199 DE
366 169 391 197 V
404 166 634 197 ERBORUM

172 266 286 306 mino
308 265 408 305 finis
435 265 477 304 in
506 269 623 304 terra
649 261 817 313 auguri.

671 164 1079 194 SIGNIFICA'I'IONE
1115 163 1208 192 [AB.
1242 161 1389 192 xvlil.

1480 152 1567 193 969

883 258 1045 314 Opilius
1067 257 1268 298 Aurelius
1289 259 1390 299 loca
1411 270 1566 298 conse-

172 341 295 374 crata
324 331 381 373 ad
412 328 701 385 (augurandum
731 327 910 381 scripsit,
947 327 1024 368 sed
1056 332 1214 367 sancta
1243 327 1341 367 loca
1379 325 1566 379 undique

172 408 282 454 septa
315 399 456 440 docent
488 397 717 438 Pontificis
747 397 862 445 libri,
893 397 937 436 in
968 396 1126 448 quibus
1156 394 1349 448 scriptum
1380 399 1434 432 est
1468 399 1563 433 tem-

165 469 385 523 plumque,
401 467 647 518 sedemque,
663 470 930 518 tescumque,
953 464 1034 504 siz-e
1057 461 1148 503 Deo
1169 462 1251 503 sive
1273 459 1373 502 Deae
1392 461 1568 501 dedica-

173 537 294 586 verit,
326 535 401 576 ubi
434 548 510 575 eos
544 532 723 587 accipias
754 531 942 582 volentes,
974 531 1300 585 propitiosque.

1374 527 1566 568 Hostius

172 604 276 646 belli
300 601 475 642 Histrici
508 601 668 641 lib.1.¹⁵
700 601 917 654 pergentis
951 600 1037 640 alte
1070 599 1288 647 aetherias,
1319 601 1448 650 atque
1471 594 1565 634 αυὶα

172 678 274 711 tesca
288 684 362 724 per
384 684 470 725 quae
487 669 676 711 violabis
699 668 864 721 templa
887 667 1073 721 antiqua
1094 665 1246 707 Deum.
1299 665 1439 707 Cicero
1463 675 1566 705 vero

721 786 859 799 nnnnn

160 852 196 879 15
222 848 284 879 Ed.
297 848 384 879 Scal.
410 846 482 878 ‘litt
501 845 541 877 3:

862 786 962 798 mOO

768 941 908 973 NOTAE

115 1012 163 1043 tia
179 1010 332 1051 Augurio
349 1009 529 1051 designata
546 1008 636 1039 intra
653 1007 816 1038 terminos

113 1063 171 1093 nbi
188 1062 263 1093 finis
281 1063 324 1092 sit
339 1061 467 1101 auguri.
513 1059 649 1091 Deinde
667 1068 708 1089 ex
726 1059 815 1088 Pon-

114 1114 295 1145 tificalibus
306 1113 399 1144 libris
409 1113 516 1143 'Pesca
530 1111 596 1142 dici
609 1111 684 1141 loca
697 1116 816 1140 sancta

116 1175 192 1206 quae
224 1165 371 1205 undique
401 1169 500 1203 septa
533 1167 624 1201 sunt,
653 1161 716 1191 hoc
751 1166 813 1195 est,

115 1217 243 1256 templa
260 1217 330 1246 sive
347 1215 409 1245 Dei
434 1215 504 1245 sive
522 1214 621 1244 Deae.
664 1211 814 1242 Tandem

114 1277 156 1299 ex
174 1268 340 1298 Cicerone
357 1271 392 1296 et
405 1264 510 1296 Accio
525 1264 634 1294 Tesca
650 1271 723 1293 esse
740 1262 815 1293 loca

116 1329 238 1360 aspera
261 1325 296 1349 et
321 1316 472 1348 difficilia
495 1317 602 1347 aditu.
648 1316 702 1346 De
730 1319 813 1344 tem-

114 1371 169 1410 plo
195 1369 331 1409 auguris
356 1369 465 1399 Varro
489 1367 547 1398 lib.
571 1375 621 1397 vr.
647 1366 690 1396 de
719 1366 756 1396 L.
774 1365 813 1396 L.

114 1423 122 1437 ‘
140 1421 279 1460 Templa
317 1420 495 1460 Tescaque
541 1418 646 1448 incita
693 1421 813 1453 sunto;

114 1471 222 1513 quoad
238 1480 298 1510 ego
310 1474 404 1501 caste
421 1469 536 1508 lingua
548 1464 814 1508 nuncupavero,’

114 1523 177 1553 ὅτε.
224 1521 274 1551 De
300 1519 426 1560 templo
443 1520 513 1550 sive
537 1518 604 1549 Dei
628 1518 698 1548 sive
716 1518 816 1557 Deae,

114 1573 203 1604 idem
221 1573 329 1602 Varro
347 1570 485 1609 ibidem,
508 1570 567 1600 sed
589 1574 707 1600 contra
725 1569 815 1599 Pou-

115 1623 236 1654 tificios
254 1622 357 1653 libros
373 1627 475 1661 negat
498 1626 602 1658 tesca,
624 1619 714 1660 quod
733 1624 815 1650 tem-

115 1674 171 1714 pla
187 1673 268 1710 sint,
284 1672 361 1703 ideo
377 1681 450 1702 esse
465 1672 567 1702 etiam
583 1676 701 1701 sancta
716 1680 725 1703 ς
742 1670 816 1710 ejus

114 1724 217 1756 verba
235 1729 334 1754 suut:
361 1726 368 1739 ⁸
388 1721 489 1755 Quod
506 1722 614 1760 addit,
631 1721 758 1761 templa
778 1726 814 1751 ut

115 1780 195 1805 sunt
221 1773 354 1810 dextra,
378 1773 472 1803 aiunt
499 1776 617 1802 sancta
655 1780 728 1801 esse
760 1772 815 1811 qui

115 1825 244 1865 glossas
275 1824 498 1863 scripserunt,
537 1822 570 1852 id
600 1826 652 1852 est
682 1821 815 1852 falsum.

116 1876 206 1907 Nam
224 1875 327 1906 Curia
344 1874 494 1905 Hostilia
520 1872 681 1913 templum
701 1878 764 1910 est,
781 1877 816 1903 et

116 1933 268 1957 sanctum
295 1935 361 1956 non
384 1931 456 1963 θεῖς
481 1924 540 1955 sed
566 1925 628 1954 hoc
655 1928 692 1954 ut
718 1928 817 1963 puta-

114 1982 190 2007 rent
207 1975 314 2007 aedem
340 1984 469 2006 sacram
495 1983 571 2004 esse
597 1973 760 2013 templum
780 1980 815 2003 et

114 2032 266 2059 sanctum
291 2035 386 2063 esse;
411 2024 499 2066 quod
531 2025 565 2055 in
595 2024 676 2054 urbe
709 2024 816 2054 Roma

115 2079 285 2119 pleraeque
316 2076 405 2107 aedes
433 2085 538 2106 sacrae
569 2079 648 2106 suut
676 2075 816 2115 templa,

115 2130 232 2161 eadem
251 2134 382 2167 sancta,
400 2134 434 2158 et
457 2127 546 2169 quod
571 2127 646 2158 loca
661 2126 815 2167 quaedam

116 2180 276 2221 agrestia,
301 2179 390 2220 quod
412 2177 553 2218 alicujus
569 2177 632 2207 Dei
658 2182 749 2212 sunt,
766 2177 816 2207 di-

114 2236 237 2262 cuntur
253 2236 359 2262 tesca.
405 2230 492 2260 Nam
520 2228 609 2268 apud
630 2227 763 2259 Actium
782 2227 814 2258 in

115 2282 324 2321 Philocteta,
341 2281 493 2317 Lemnia,
510 2279 594 2311 Quis
616 2284 652 2310 tu
676 2288 712 2309 es
729 2289 816 2309 nior-

115 2333 192 2364 talis
209 2333 264 2373 qui
284 2332 316 2362 in
332 2331 467 2362 deserta
484 2336 517 2361 et
534 2334 625 2360 tesca
643 2334 676 2360 te
693 2329 815 2370 adpor-

116 2391 168 2417 tes
185 2384 281 2415 loca?
306 2384 380 2415 loca
403 2383 490 2413 enim
507 2392 581 2423 quae
603 2387 683 2412 suut
706 2381 814 2421 desig-

116 2440 174 2466 nat
201 2444 277 2465 cum
307 2434 386 2464 dicit
412 2432 639 2464 Praestolare'
667 2432 813 2473 (optime

116 2486 253 2517 Fulvius
284 2484 424 2515 Ursinus
452 2484 595 2524 Ephaesti
627 2482 724 2523 lares)
752 2487 760 2500 ‘
779 2487 816 2513 et

117 2537 209 2567 celsa
225 2535 385 2566 Cabirum
399 2533 541 2565 delubra
557 2539 667 2572 tenes,
685 2533 816 2573 Myste-

116 2587 233 2628 riaque
264 2586 408 2626 pristina
440 2585 541 2615 castis
569 2590 735 2624 concepta
761 2593 814 2614 sa-

115 2637 201 2668 cris.’
247 2638 292 2668 Et
309 2637 408 2677 paulo
421 2640 518 2676 post:
541 2636 550 2651 ‘
567 2635 679 2666 Quare
692 2634 745 2665 hic
758 2634 815 2675 qui

116 2689 230 2720 Tesca
242 2689 341 2728 dixit,
354 2697 420 2718 non
434 2687 572 2719 erravit.
602 2686 725 2727 Neque
738 2686 813 2717 ideo

119 2739 208 2781 quod
230 2746 360 2779 sancta,
383 2737 442 2769 sed
466 2736 556 2779 quod
583 2736 631 2768 ibi
652 2736 814 2777 mysteria

865 1007 950 1038 fiunt
967 1017 1005 1038 ac
1032 1011 1183 1046 tuentur,
1204 1007 1335 1037 Tuesca
1363 1004 1467 1044 dicta,
1491 1008 1568 1045 post

866 1056 984 1088 tesca!
1029 1057 1110 1096 Ubi,
1134 1063 1170 1087 ut
1190 1056 1294 1091 vides,
1321 1055 1416 1086 Accii
1434 1064 1567 1085 versum

865 1108 964 1138 aliter
982 1107 1090 1137 Varro
1107 1107 1231 1147 accipit
1247 1116 1345 1148 quam
1363 1106 1497 1146 Festus,
1520 1104 1569 1135 ibi

865 1159 952 1190 enim
979 1159 1089 1190 Tesca
1117 1158 1266 1199 agrestia
1290 1156 1424 1198 quidem
1454 1162 1489 1186 et
1511 1155 1568 1186 de-

865 1214 956 1241 serta
973 1210 1046 1241 loca
1064 1210 1324 1250 interpretatur,
1341 1207 1400 1238 sed
1423 1216 1497 1248 quae
1519 1211 1567 1236 ta-

865 1271 941 1292 men
958 1262 1023 1293 Dei
1039 1261 1182 1301 alicujus
1198 1260 1277 1299 sint,
1289 1264 1324 1290 et
1341 1266 1460 1289 revera
1470 1261 1570 1288 erant

865 1316 947 1343 tesca
971 1312 1026 1342 illa
1043 1312 1119 1342 loca
1142 1310 1356 1351 undiquaque
1383 1307 1568 1339 nemorosis

865 1363 1008 1394 collibus
1036 1363 1158 1400 cincta,
1186 1360 1243 1391 ubi
1272 1359 1413 1390 Volcani
1440 1357 1569 1388 fiebant

865 1414 1037 1455 mysteria,
1055 1423 1143 1454 quae,
1161 1412 1239 1453 quia
1253 1414 1427 1451 praerupta
1444 1413 1479 1439 et
1497 1407 1569 1438 adi-

866 1470 901 1495 tu
932 1463 1093 1498 difficilia,
1125 1462 1203 1493 inde
1233 1461 1362 1502 quaevis
1395 1460 1460 1490 alia
1491 1459 1568 1489 loca

865 1514 1059 1556 praecipitia
1086 1518 1122 1544 et
1149 1521 1270 1552 aspera
1296 1511 1437 1551 Tesqua
1467 1510 1568 1540 etiam

865 1565 969 1596 dicta.
997 1564 1185 1604 Utramque
1203 1561 1487 1601 significationem
1501 1569 1570 1590 am-

866 1616 1030 1655 plectitur
1043 1613 1273 1644 Glossarium:
1302 1613 1310 1628 ‘
1325 1610 1484 1651 Tesqua,’
1496 1610 1568 1641 sive

866 1669 875 1685 ‘
893 1669 1011 1705 Tesca,
1028 1665 1233 1705 κατάκρημνοι
1246 1664 1295 1695 καὶ
1312 1662 1418 1703 ῥάχεις
1433 1662 1483 1693 καὶ
1502 1661 1569 1702 ἔρυ-

865 1731 916 1757 μοι
937 1717 1052 1756 τόποι,’
1075 1722 1082 1734 ‘
1100 1717 1218 1755 Tesca,
1237 1714 1429 1756 praecipitia
1445 1719 1480 1744 et
1498 1723 1569 1744 mu-

867 1771 939 1800 nita
955 1774 990 1800 et
1012 1773 1110 1809 septa
1130 1766 1227 1798 loca.'
1273 1766 1385 1805 Supra
1402 1764 1435 1794 in
1454 1763 1567 1794 verbis

867 1820 1129 1852 Pontificalibus
1145 1816 1366 1849 emendabis:
1394 1815 1568 1855 Templum-

865 1882 922 1912 que
941 1872 1099 1910 sedemque
1127 1869 1309 1907 Tescumque
1331 1867 1394 1897 sive
1414 1867 1483 1896 Deo
1505 1865 1569 1896 sive

866 1923 946 1953 Deae
970 1920 1171 1959 dedicaveris,
1188 1919 1232 1950 z'ln·
1249 1928 1299 1949 eos
1317 1917 1453 1957 accipias
1466 1916 1569 1946 volen-

866 1977 910 2004 tes
923 1971 1144 2012 propitiosque.
1189 1969 1318 1999 Versus
1336 1966 1448 1998 Hostii
1463 1976 1471 1997 ι

910 2024 976 2054 Per
997 2025 1108 2062 gentes
1132 2022 1195 2052 alte
1217 2020 1368 2050 <ethereas
1389 2020 1481 2058 atque
1497 2017 1569 2048 avia

958 2077 1053 2113 tesca,

911 2125 1033 2164 Perque
1050 2122 1166 2154 volabis
1179 2120 1295 2161 templa
1309 2120 1440 2161 antiqua
1456 2120 1570 2152 Deum.

867 2176 915 2208 At
929 2175 1101 2215 Scaliger:

1206 2222 1319 2263 perdiu
1332 2225 1442 2261 gentes

908 2278 1022 2316 Aliger
1037 2275 1202 2307 AEthereas
1215 2277 1308 2313 atque
1322 2274 1404 2304 idem
1419 2277 1502 2304 tesca
1517 2282 1568 2303 vo-

952 2328 1031 2359 cabis

913 2379 1037 2418 Templa
1051 2376 1179 2415 antiqua
1197 2374 1313 2405 Deum.

870 2429 1040 2462 Putabam
1057 2436 1120 2466 ego
1138 2434 1253 2456 vocem
1274 2425 1386 2464 templa
1402 2423 1442 2454 ad
1461 2423 1569 2463 expli-

868 2481 1036 2512 cationem
1065 2476 1155 2507 vocis
1184 2479 1264 2506 tesca
1288 2476 1352 2506 liue
1377 2474 1570 2514 irrepsisse,

869 2531 1021 2570 adeoque
1038 2526 1238 2567 legendum:

911 2582 976 2613 Per
989 2583 1099 2619 gentes
1114 2579 1176 2609 alte
1198 2578 1241 2608 AE
1244 2576 1362 2608 thereos
1376 2580 1405 2607 et
1421 2577 1501 2607 celsa
1515 2585 1568 2605 vo*

952 2633 1030 2663 labis

913 2685 1006 2715 Tesca
1021 2681 1152 2721 antiqua
1167 2680 1280 2711 Deum.

864 2734 933 2767 Ubi
949 2737 1031 2765 tesca
1055 2735 1156 2762 vocat
1173 2729 1286 2770 spatia
1309 2726 1473 2761 coelestia,
1489 2735 1564 2767 quae
