1876 3025
675 448 1160 525 INDEX

445 670 638 721 VOCA
650 672 1016 721 BULORUM
1069 666 1387 719 OMNIUM

271 858 395 902 QUAE
425 860 570 899 APUD
600 861 817 900 FESTUM
849 862 953 899 VEL
988 860 1190 900 OBITER
1219 856 1388 896 DICTA
1421 853 1564 893 SUNT

492 980 579 1011 VEL
603 981 729 1014 SUUM
753 982 974 1013 ORDINEM
998 981 1095 1012 NON
1119 977 1340 1011 SERVANT.

418 1176 508 1207 Prior
528 1188 675 1209 numerus
690 1179 850 1220 paginam,
867 1179 1018 1221 posterior
1033 1178 1154 1219 paginae
1171 1177 1285 1207 lineam
1299 1176 1429 1206 indicat.

189 1363 235 1409 A
259 1388 433 1408 MUTATUM
452 1379 483 1408 in
499 1381 573 1410 734.
594 1382 629 1410 ll

188 1421 330 1452 Abarcet
344 1424 396 1453 87.
412 1424 451 1452 17

187 1464 392 1504 Aborigines,
422 1465 595 1502 hominem,
631 1466 796 1507 sexaginta
824 1466 894 1496 Diti

232 1509 313 1549 patri
329 1508 537 1539 immolabant
557 1510 723 1549 quotannis
739 1512 813 1541 861.
830 1513 849 1540 2

188 1551 343 1581 Abscindi
356 1552 532 1582 membrum
547 1558 669 1583 mortuo
685 1555 759 1584 400.
775 1557 794 1584 2

190 1594 389 1624 Abusionem
406 1597 479 1626 142.
498 1599 534 1626 11

189 1638 326 1668 Acation
343 1641 417 1669 864.
435 1642 453 1669 5

188 1681 365 1712 Accusator
378 1680 416 1711 de
430 1681 473 1717 vi,
488 1681 607 1712 accitur
621 1692 708 1713 more
725 1687 844 1718 vetere,
862 1687 895 1712 et

232 1724 461 1754 consuetudine
477 1725 607 1766 antiqua
622 1729 696 1757 763.
718 1729 755 1756 14

188 1767 330 1803 Acerrae,
347 1768 449 1809 qualis
466 1768 651 1808 praefectura
666 1771 740 1800 624.
756 1772 776 1800 9

189 1811 355 1847 Acerrani,
373 1811 427 1851 qui
453 1812 627 1852 municipes
643 1815 718 1844 437.
736 1816 786 1843 10.
810 1812 895 1842 cives

233 1853 372 1884 Romani
398 1860 487 1885 erant
514 1860 548 1885 ut
574 1856 690 1897 Remp.
718 1860 895 1896 separatam

231 1897 386 1928 haberent
400 1901 474 1930 436.
491 1901 510 1929 6

188 1940 314 1971 Acilius
343 1940 537 1972 Antiochum
563 1941 725 1982 superavit
749 1947 781 1972 et
806 1941 892 1972 nixo-

232 1994 302 2013 rum
319 1984 460 2015 Deorum
475 1985 563 2025 signa
579 1985 684 2016 attulit
701 1988 776 2017 2821.
793 1988 808 2015 l

188 2025 298 2057 Acron
314 2030 388 2058 527.
404 2031 444 2060 12

188 2068 314 2101 Acuere
332 2073 383 2101 33.
400 2074 419 2102 8

188 2112 335 2144 Acumen
347 2117 400 2145 33.
414 2118 434 2146 8

188 2155 279 2187 Acus
296 2160 348 2188 33.
364 2161 384 2188 8

190 2200 355 2231 Adcensos
370 2204 423 2232 44.
440 2204 455 2231 1

189 2242 362 2274 Adfectata
374 2246 430 2274 44.
443 2247 463 2274 8

189 2284 374 2327 Adgregare
390 2289 443 2317 30.
460 2290 478 2317 3

190 2328 359 2370 Adjutoria
373 2334 444 2359 exta
459 2332 533 2361 443.
550 2332 589 2359 13

190 2372 392 2403 Adolescens
408 2376 460 2403 41.
476 2375 496 2404 4

192 2415 315 2446 Adonis
331 2419 406 2447 030.
421 2418 440 2446 4

191 2458 346 2488 Adserere
360 2468 453 2490 manu
470 2461 521 2489 45.
542 2460 557 2488 l

193 2501 349 2531 Adsertor
365 2505 439 2532 856.
455 2505 474 2531 8

192 2544 356 2574 Adsidelae
372 2548 424 2576 45.
442 2549 459 2574 5

193 2587 357 2617 Adsiduus
372 2591 424 2618 45.
440 2591 459 2618 7

194 2630 331 2660 Adultus
347 2634 399 2661 41.
414 2634 433 2662 4

195 2673 297 2703 AEdes
335 2674 514 2715 AEsculapii
541 2674 574 2704 in
606 2674 712 2705 insula
740 2673 897 2709 Tiberina,

238 2728 292 2747 cur
308 2719 381 2748 331.
397 2721 416 2748 4

287 2772 395 2811 ῡεΙμί.
411 2776 440 2803 et
462 2772 538 2802 Var.
555 2772 642 2802 Clas.

945 1379 1047 1410 AEdes
1062 1380 1204 1410 Bellonae
1232 1384 1318 1410 extra
1340 1380 1451 1410 urbem
1478 1380 1532 1410 ubi
1553 1380 1649 1410 Sena—

989 1431 1037 1454 tus
1066 1424 1199 1453 dabatur
1227 1423 1345 1453 exteris
1371 1423 1483 1463 leg-atis
1508 1433 1587 1463 quos
1615 1423 1649 1453 in

987 1467 1094 1497 urbem
1109 1467 1261 1496 nolebant
1275 1466 1442 1496 admittere
1462 1469 1534 1497 817.
1551 1469 1591 1497 14

945 1509 1047 1540 AEdes
1062 1509 1173 1539 Dianae
1189 1509 1220 1538 in
1238 1509 1398 1539 Aventino
1423 1519 1440 1539 a
1463 1509 1569 1539 Tullio
1594 1509 1649 1539 dc-

989 1553 1094 1583 dicata
1110 1556 1184 1583 857.
1201 1557 1219 1583 ὃ

947 1596 1045 1626 AEdes
1073 1596 1208 1625 Honoris
1230 1601 1262 1625 et
1289 1595 1426 1625 Virtutis
1455 1595 1649 1625 summissior

987 1640 1071 1669 facta
1087 1648 1104 1667 a
1122 1639 1224 1668 Mario
1240 1641 1313 1669 932.
1330 1642 1349 1669 2

946 1683 1046 1713 ssEdes
1061 1682 1145 1715 Jani,
1158 1681 1211 1711 ubi
1224 1681 1374 1712 Senatum
1390 1682 1504 1712 habere
1521 1681 1649 1722 religio-

989 1737 1059 1756 sum
1073 1728 1089 1755 7
1096 1727 1148 1755 40.
1165 1728 1183 1756 7

947 1769 1048 1800 AEdes
1066 1768 1180 1798 Martis
1195 1770 1268 1799 383.
1284 1770 1303 1798 4

947 1813 1047 1842 AEdes
1062 1811 1184 1841 Mefitis
1200 1814 1274 1843 852.
1294 1813 1334 1841 16

946 1855 1047 1886 AEdes
1062 1855 1216 1884 Minervae
1232 1855 1264 1884 in
1279 1853 1437 1883 Aventino
1451 1856 1524 1884 705.
1542 1856 1594 1884 10.
1616 1853 1650 1884 in

989 1909 1026 1929 ea
1040 1898 1157 1928 licebat
1178 1897 1295 1927 Scribis
1311 1901 1343 1926 et
1357 1897 1561 1927 histrionibus
1576 1907 1650 1927 con-

990 1942 1112 1976 sistere,
1137 1946 1169 1970 et
1191 1940 1274 1970 (lona
1298 1950 1416 1981 ponere
1441 1940 1474 1970 in
1499 1941 1651 1970 honorem

990 1985 1073 2015 Livii
1088 1987 1163 2015 839.
1180 1987 1200 2014 6

947 2028 1049 2058 AEdes
1086 2027 1212 2067 pietatis
1248 2026 1288 2056 ab
1326 2025 1432 2056 Acilio
1466 2032 1652 2057 consecrata
1707 2054 1709 2056 .

990 2074 1064 2101 594.
1082 2073 1101 2100 8

948 2114 1046 2144 AEdes
1071 2113 1208 2143 rotunda
1230 2117 1338 2148 vestae,
1363 2122 1381 2142 a
1412 2112 1520 2143 Numa
1541 2121 1652 2141 conse-

990 2163 1075 2187 crata
1091 2160 1164 2188 785.
1181 2159 1199 2186 3

948 2201 1049 2230 Hssdes
1065 2199 1175 2230 salutis
1191 2202 1265 2231 813.
1283 2201 1322 2229 17

948 2244 1049 2273 AEdes
1065 2243 1171 2273 Sancti
1187 2245 1262 2273 623.
1282 2245 1321 2272 10

948 2287 1049 2317 AEdes
1064 2286 1188 2316 Saturni
1204 2288 1255 2315 53.
1274 2287 1311 2315 11

948 2330 1118 2359 AEdificare
1134 2332 1187 2359 50.
1202 2331 1221 2358 2

948 2372 1109 2402 AEdilatus
1123 2374 1177 2402 49.
1192 2375 1211 2402 7

948 2415 1073 2445 AEdiles
1090 2414 1222 2445 Curules
1236 2413 1298 2444 duo
1313 2413 1422 2443 fratres
1438 2413 1474 2442 L.
1493 2412 1541 2442 M.
1566 2412 1651 2441 Pub-

991 2459 1057 2488 licii
1082 2457 1215 2487 Maleoli
1236 2456 1292 2497 (C.
1316 2456 1447 2492 Atilius,
1465 2456 1562 2485 Marc.
1590 2455 1650 2486 Po-

992 2501 1087 2541 pilius
1102 2501 1151 2531 M.
1168 2499 1220 2539 F.)
1235 2503 1309 2531 674.
1330 2504 1344 2531 1

950 2544 1074 2574 AEdiles
1098 2543 1217 2584 plebis:
1244 2543 1294 2574 M.
1318 2542 1434 2573 Junius
1458 2541 1585 2577 Brutus,
1611 2542 1651 2577 Q.

993 2587 1117 2627 Oppius
1132 2590 1206 2617 603.
1222 2590 1240 2618 7

953 2631 1064 2670 AEgaea
1080 2630 1278 2660 Amazonum
1292 2628 1398 2669 regina
1414 2631 1465 2659 50.
1481 2631 1501 2658 9

954 2675 1100 2714 AEgonus
1114 2684 1204 2703 mons
1217 2677 1291 2704 710.
1308 2676 1344 2703 11

956 2717 1097 2758 AEgyptii
1114 2716 1196 2747 inter
1211 2716 1383 2757 potandum
1399 2725 1472 2745 aves
1499 2715 1652 2754 capitibus

787 2772 856 2801 [nd.
882 2771 990 2811 Pomp.
1012 2771 1040 2801 F
1039 2774 1095 2801 est.
1541 2768 1562 2799 „¹
