1876 3025
275 165 338 194 DE
373 162 648 193 VERBORUM
684 158 1098 191 SIGNIFICATIONE
1133 158 1227 187 LlB.
1260 158 1387 188 XVIl.

1473 147 1557 188 877

164 261 318 315 piscis,
340 260 409 301 vel
429 258 612 299 materia
630 257 852 304 robustea,
876 268 1008 308 super
1030 265 1162 306 quam
1183 252 1327 305 paries
1349 250 1558 292 craticius

165 329 420 370 exstruitur.

112 398 262 446 Solea,
284 400 332 436 ut
353 396 416 436 ait
440 393 632 442 Verrius,
652 397 722 433 est
743 405 830 432 non
852 391 993 432 solum
1017 402 1084 438 ea,
1106 400 1206 441 quae
1230 386 1326 426 solo

1394 384 1452 437 [F
1461 395 1560 424 EST.

165 464 295 518 pedis
331 462 580 515 subjicitur,
602 460 678 500 sed
712 460 839 499 etiam
878 471 954 511 pro
986 455 1163 496 materia
1195 454 1408 501 robusta,⁵
1431 465 1561 504 super

168 544 299 584 quam
321 530 466 583 paries
487 528 696 570 craticius
714 527 964 567 exstruitur.

111 598 347 640 Solicitare
361 597 378 621 ⁶
391 596 406 618 ¹¹
425 597 601 650 quidam
617 596 779 636 dictum
798 598 955 647 putant
973 592 1088 632 velut
1110 590 1235 630 citare
1255 602 1301 629 ex
1321 587 1435 638 sollo,
1457 586 1565 642 quod

167 672 302 706 estex
325 672 405 705 Suo
433 665 548 712 loco,
579 676 630 703 ac
657 662 873 702 Sententia
908 673 1094 699 movere:
1124 657 1266 697 sollum
1295 663 1427 696 autem
1459 657 1563 709 quin

168 732 382 787 significet
400 732 561 779 locum,
584 731 682 784 quis
704 728 863 768 dubitet
878 725 899 767 {l
931 741 1020 767 cum
1043 724 1193 767 exsules
1215 736 1392 778 quoque
1414 723 1564 764 dican-

168 805 234 842 tur
254 802 354 842 loco
377 800 525 854 patriae
544 812 622 838 succ
638 795 765 851 pulsi.

115 868 347 910 Solicitare
375 873 442 908 est
463 868 557 907 solo
581 866 731 913 citare,
767 863 811 904 id
832 867 914 913 est,
934 875 990 903 ex
1014 874 1095 902 suo
1129 862 1229 902 Ioco
1265 873 1357 901 mo·
1389 860 1565 911 [PAUL.

171 949 293 977 vere:
326 936 465 975 solum
497 939 641 975 autem
675 933 781 985 quin
817 930 1035 983 significet
1055 931 1214 976 locum,
1237 929 1335 982 quis
1359 928 1564 968 dubitet?

171 1015 270 1043 cum
292 1003 467 1043 exsules
491 1012 662 1053 <guoque
686 999 888 1039 dicantur
908 998 1006 1038 1000
1027 997 1184 1051 patriae
1200 1009 1294 1036 suae
1316 996 1452 1049 pulsi.

119 1069 273 1111 Solida
294 1067 433 1119 sella,i
455 1069 516 1109 ait
538 1066 730 1116 Verrius,
745 1065 879 1106 sedere
899 1072 983 1105 tum
1005 1064 1092 1119 quis
1106 1064 1301 1117 jubetur,
1319 1076 1419 1104 cum
1439 1074 1567 1102 mane

173 1150 343 1191 surgens
382 1134 622 1190 auspicandi
651 1130 800 1189 ¹gratia
842 1131 1057 1187 evigilavit
1076 1145 1084 1169 :
1132 1130 1253 1184 quod
1284 1129 1455 1183 antiqui
1491 1141 1568 1169 ex—

723 1243 838 1255 ἀἀἀἀἀ

843 1241 958 1255 eeeeee

158 1315 177 1342 5
203 1311 398 1350 Legendum
416 1313 530 1341 monet
547 1310 633 1341 Dae.
658 1314 696 1341 ut
719 1308 751 1338 in
777 1312 847 1338 vet.
869 1306 946 1338 cod.
969 1305 1103 1337 materia
1129 1305 1283 1345 robustea,
1307 1304 1359 1336 vel
1385 1304 1569 1336 roborea.-

117 1354 197 1385 Vet.
216 1354 290 1386 cod.
306 1354 496 1385 Sollicitare.

775 1447 914 1481 NOTAE

119 1538 138 1559 a
154 1528 277 1560 Graeco
295 1527 395 1568 ὖλίας,
413 1533 420 1546 ‘
435 1525 558 1569 pellis,’
581 1527 688 1558 soleas
713 1526 818 1558 dedu-

118 1580 175 1609 cit.
202 1579 298 1610 Idem.

161 1629 175 1649 ¹¹
200 1630 367 1661 Solicitare
397 1630 522 1670 quidam
551 1629 668 1659 (lictum
693 1627 820 1667 putant]

118 1680 261 1721 Integra
289 1681 381 1711 Festi
420 1681 526 1710 verba
552 1678 651 1710 affert
678 1680 817 1719 Calpur-

119 1732 194 1760 nius
212 1731 252 1761 ad
271 1731 408 1761 Terent.
426 1730 662 1760 Heautontim.
681 1734 746 1760 act.
760 1739 818 1760 111.

120 1791 168 1811 sc.
188 1784 216 1811 1.
237 1782 246 1798 ‘
260 1781 436 1811 Solicitare
452 1780 588 1821 quidam
614 1780 741 1810 dictum
760 1790 819 1820 pn-

122 1835 197 1862 tant
211 1831 314 1861 veluti
331 1831 440 1861 citare
457 1840 499 1861 ex
523 1831 605 1868 solo,
620 1831 682 1861 hoc
700 1836 763 1865 est,
780 1840 820 1860 ex

121 1891 181 1912 suo
198 1882 270 1913 loco
286 1892 324 1912 ac
340 1881 510 1912 sententia
523 1890 682 1911 movere:
711 1881 817 1911 solum

121 1936 233 1962 autem
265 1931 344 1972 quin
389 1929 559 1970 significet
589 1930 722 1966 locum‚’
754 1932 818 1961 &c.

121 1981 217 2012 Idem.

166 2031 174 2051 ³
194 2032 304 2063 solida
318 2030 408 2070 sella]
440 2032 561 2062 Festus
583 2030 718 2061 videtur
734 2030 818 2060 Ver-

121 2082 206 2113 rium
222 2082 472 2123 reprehendere
490 2083 521 2112 in
537 2082 637 2121 hujus
652 2081 698 2112 rei
714 2082 818 2111 inter-

120 2133 332 2174 pretatione:
357 2138 391 2163 et
405 2132 554 2163 ostendit
572 2132 726 2172 religioni
738 2130 818 2161 fuis-

122 2193 158 2215 se
175 2183 340 2224 aliquibus
363 2193 429 2213 non
453 2182 562 2213 solida
578 2183 662 2213 sella
686 2182 817 2217 sedere,

122 2234 209 2274 quod
227 2238 340 2265 essent
367 2234 486 2273 aliquae
515 2234 628 2273 aliqua
654 2243 695 2263 ex
722 2238 819 2273 parte

122 2289 309 2315 excavatae.
350 2284 586 2324 Repreliendit
602 2288 714 2313 autem
733 2283 820 2323 qnod

125 2334 266 2364 solidum
298 2333 424 2365 dixerit
451 2339 572 2364 totum.
620 2334 743 2364 Cetera
772 2333 822 2363 in-

124 2388 219 2414 certa
235 2388 326 2414 suut.
359 2383 447 2413 Vide
466 2387 545 2413 ante
562 2382 570 2398 ‘
585 2382 824 2414 Silicerniun1.'

125 2433 204 2464 Ant.
220 2433 305 2471 Aug.

168 2482 292 2521 Solida]
316 2482 422 2512 Solida
446 2483 533 2521 sella,
549 2483 608 2518 ait,
629 2484 733 2513 sedere
757 2486 824 2513 tum

124 2533 192 2573 quis
207 2533 350 2570 jubetur,
367 2543 434 2563 cum
453 2543 542 2564 mane
563 2534 710 2572 surgendi
732 2544 825 2564 causa

125 2585 309 2624 evigilavit:
333 2585 411 2623 quod
426 2584 546 2623 antiqui
562 2594 703 2624 expresse
722 2585 760 2616 ab
776 2585 822 2616 in-

127 2637 241 2667 teriore
266 2637 356 2675 parte
384 2637 549 2664 excavatas
583 2643 642 2664 non
660 2636 823 2672 faciebant

126 2688 222 2725 seda,
246 2696 323 2725 quas
341 2685 456 2715 solidas
482 2685 560 2724 ideo,
582 2686 659 2724 quod
674 2685 722 2716 his
744 2686 823 2716 nihil

128 2741 195 2770 erat
210 2746 386 2773 concavum,
403 2735 608 2776 appellabant,
625 2736 725 2776 inquit
747 2736 820 2768 Ver-

868 1525 945 1563 rius,
962 1524 1042 1563 quod
1058 1527 1160 1554 essent
1176 1525 1271 1553 totae:
1295 1519 1437 1558 absurde,
1449 1525 1484 1553 ut
1495 1517 1573 1552 mihi

868 1575 1007 1615 videtur,
1023 1575 1100 1605 illud
1116 1575 1195 1614 quod
1216 1574 1257 1604 sit
1283 1576 1381 1603 totum
1396 1572 1441 1603 ait
1456 1573 1572 1603 dictum

868 1626 1013 1656 solidum.
1040 1625 1135 1655 Nihil
1152 1625 1286 1655 omnino
1305 1623 1573 1663 praetermissum

871 1681 923 1707 est
941 1677 981 1706 de
999 1676 1168 1707 sententia
1187 1675 1292 1714 Festi,
1307 1674 1452 1705 fortasse
1470 1684 1511 1704 ne
1529 1674 1572 1704 de

871 1727 984 1757 verbis
1002 1726 1150 1766 quidem.
1195 1725 1205 1742 ‘
1220 1725 1393 1765 Evigilare
1415 1723 1573 1764 surgendi

872 1779 992 1809 cansa'
1022 1783 1074 1809 est
1097 1778 1179 1808 data
1200 1786 1305 1818 opera
1326 1781 1402 1816 post
1428 1775 1573 1806 mediam

872 1833 1005 1860 noctem
1019 1833 1258 1868 experrectum
1272 1827 1409 1857 silentio
1424 1835 1573 1865 surgere,

873 1879 1070 1920 auspicandi
1088 1888 1208 1909 causa:
1234 1878 1283 1908 ita
1299 1877 1386 1907 eninr
1398 1876 1575 1917 auspican-

874 1931 962 1962 tibus
986 1940 1056 1961 mos
1079 1935 1153 1961 erat
1172 1930 1204 1960 in
1223 1928 1330 1960 solida
1347 1928 1427 1959 sella
1443 1927 1576 1966 sedere,

875 1987 1029 2021 utsupra
1045 1982 1077 2012 in
1095 1982 1103 1998 ‘
1119 1980 1262 2011 Silentio
1275 1979 1283 1991 '
1302 1978 1461 2009 refertur.
1485 1978 1575 2009 Rec-

875 2037 909 2062 te
927 2038 1038 2062 autem
1056 2031 1199 2061 Verrius
1225 2034 1233 2046 ‘
1246 2029 1370 2060 solidas
1387 2029 1484 2059 sellas
1498 2027 1507 2039 '
1525 2033 1575 2058 to-

876 2086 926 2112 tas
953 2082 1225 2121 iuterpretatur:
1261 2088 1336 2109 nam
1355 2078 1466 2108 Verrii
1491 2082 1576 2109 tem-

874 2133 1010 2173 poribus
1028 2131 1127 2171 vulgo
1146 2136 1214 2162 tam
1232 2134 1347 2160 notum
1363 2133 1436 2159 erat
1447 2129 1577 2159 solidum

874 2193 892 2213 a
915 2184 977 2213 solo
1003 2182 1147 2220 dictum,
1170 2190 1268 2222 quam
1293 2181 1390 2210 solum
1412 2179 1502 2210 idem
1521 2189 1576 2209 va-

872 2234 956 2270 lere,
969 2232 1057 2274 quod
1075 2236 1183 2263 totum.
1230 2230 1342 2270 Igitur
1359 2228 1448 2260 idem
1466 2233 1518 2260 est
1536 2238 1576 2260 ac

874 2283 900 2313 si
929 2284 1083 2320 dixisset,
1110 2281 1213 2312 dictae
1238 2280 1358 2317 solidae,
1384 2278 1472 2319 quod
1492 2279 1578 2318 solae,

875 2333 906 2363 id
933 2337 999 2368 est,
1020 2336 1116 2362 totae.
1162 2331 1277 2362 Quare
1303 2328 1397 2359 vides
1420 2329 1474 2359 hic
1491 2338 1578 2368 pree-

874 2383 1011 2423 cipitem
1037 2381 1130 2412 Festi
1159 2380 1305 2411 calorem
1334 2378 1366 2408 in
1395 2378 1577 2418 reprelien-

876 2432 986 2463 dendo
1008 2433 1077 2472 illo,
1102 2441 1121 2462 a
1138 2440 1205 2471 quo
1232 2434 1328 2460 tanta
1344 2428 1431 2459 bona
1448 2428 1576 2459 didice-

875 2489 938 2514 rat.
971 2483 1096 2514 Saltem
1114 2480 1261 2512 debebat
1279 2478 1471 2509 meminisse
1487 2478 1577 2518 quod

878 2533 957 2564 alibi
974 2537 1071 2563 notat
1094 2531 1136 2569 de
1156 2531 1165 2548 ‘
1182 2527 1383 2563 soliferreo,'
1405 2526 1578 2562 ‘solerte,’

878 2589 914 2616 et
951 2584 960 2599 ‘
973 2581 1133 2614 solenne?
1176 2581 1302 2610 Verum
1334 2577 1489 2618 profecto
1530 2578 1578 2608 ita

877 2639 949 2667 est:
986 2635 1027 2664 ad
1052 2630 1381 2673 reprehendendum,
1403 2638 1501 2669 quam
1533 2629 1575 2659 ad

877 2683 1075 2718 discendum
1090 2680 1330 2725 propensiores
1348 2688 1471 2711 sumus.
1495 2677 1577 2709 Dae.
