1876 3025
307 161 394 202 994-

555 172 694 204 FESTI
729 173 792 204 DE
829 172 974 203 VERB.
1012 173 1195 204 SlGNlF.
1233 173 1329 204 LlB.
1361 174 1514 205 XVIII.

307 267 472 309 Tutum
487 273 501 290 Θ
521 268 768 323 frequenter
785 269 942 310 dicitur
962 270 1179 311 maxime:
1210 269 1351 311 Varro
1369 270 1415 310 in
1437 269 1643 324 Europa:
1666 262 1755 312 Tu-

365 339 455 376 tum
477 337 559 378 sub
581 337 684 377 sede
705 337 906 378 fuissent.

304 403 474 444 TYRIA
507 403 670 445 mariaf
696 405 739 444 in
774 403 1055 457 proverbium
1086 404 1323 445 deductum
1353 408 1445 456 est3
1477 404 1595 458 quod
1635 404 1753 457 Tyro

362 471 536 512 oriundi
560 472 689 513 Poeni
723 471 835 513 adeo
872 476 1075 525 potentes
1109 472 1243 513 maris
1275 471 1462 522 fuerunt,
1483 477 1530 513 ut
1551 472 1755 512 omnibus

361 539 617 579 mortalibus
637 539 859 592 navigatio
881 546 998 581 esset
1018 539 1286 592 periculosa.
1330 537 1535 580 Afranius
1556 538 1601 579 in
1624 538 1752 592 Epis-

362 604 455 645 tula
473 618 482 645 :
515 604 651 645 Hunc
672 606 850 646 serrium
872 610 1017 647 autem
1038 606 1176 647 maria
1195 605 1331 659 Tyria
1353 606 1540 647 conciet.

311 669 338 708 Ἰ
342 669 572 711 ’νίύιιηὶῖὶαὲ
593 672 801 727 rogatione
821 671 896 713 lex
917 674 1087 714 curiata
1116 673 1260 721 fertur,
1284 685 1374 726 quo
1408 669 1631 712 Hannibal
1649 685 1754 712 amm

360 737 402 777 in
435 745 643 792 conspectu
678 738 838 781 Romae
858 753 959 780 cum
980 743 1109 789 esset,
1139 752 1222 781 nec
1245 752 1302 780 ex
1323 738 1538 793 praesidiis
1559 737 1755 779 discedere

359 805 508 856 liceret,
530 806 587 857 Q.
611 806 781 848 Fabius
805 807 1034 848 Maximus
1057 807 1320 858 Verrucosus,
1354 806 1399 846 id
1426 812 1496 855 est,
1532 804 1625 847 TR.
1650 804 1751 845 PL.

361 880 399 913 et
423 874 661 915 Marcellus
683 875 787 916 Cos.
805 876 952 917 facere
984 875 1266 925 instituerant,
1288 881 1330 914 uc
1352 874 1518 915 notavit
1540 873 1687 914 AElius
1708 873 1751 914 in

363 952 458 982 X11.
481 941 828 996 significationum
849 942 1079 984 verborum.

957 1085 1100 1117 NOTAE

343 1165 357 1179 (Ξ
383 1160 511 1200 Tutum]
537 1159 669 1200 Opinor
699 1169 760 1200 pro
786 1164 864 1191 tuto.
917 1160 1003 1191 Var-

301 1211 393 1241 ronis
421 1212 567 1251 Europae
591 1211 679 1242 solus
695 1211 815 1242 Festus
838 1211 1001 1242 meminit.

300 1263 398 1293 Idem.

344 1312 460 1353 ‘Tyria
476 1311 590 1352 maria]
604 1313 659 1343 De
676 1310 805 1347 Poenis,
822 1310 912 1352 quod
930 1321 999 1342 ma-

300 1363 347 1393 ris
366 1367 524 1403 potentes
539 1367 665 1403 essent,
681 1366 798 1393 notum
816 1366 878 1392 est.
914 1362 1000 1393 Inde

302 1413 401 1454 Tyria
430 1414 530 1444 maria
559 1412 741 1453 proverbio
771 1412 814 1443 de
838 1422 873 1443 re
902 1413 999 1443 valde

298 1464 493 1504 periculosa
530 1463 671 1494 dictum.
735 1462 825 1494 Vide
869 1463 1000 1493 Erasm-

300 1513 429 1544 Versus
468 1512 601 1544 Afranii
633 1522 699 1544 non
736 1516 835 1543 vacat
865 1512 999 1544 mendo.

300 1563 435 1603 Lipsius
453 1563 669 1603 Epistolicar.
696 1562 826 1594 Quat-st.
857 1563 922 1602 Ep.
946 1565 998 1593 20.

298 1614 450 1653 legebat,
482 1614 576 1644 Hunc
602 1612 743 1651 ferreum
771 1612 868 1653 Tyria
900 1613 1000 1644 maria

297 1664 434 1695 conciet.-
459 1664 490 1694 id
517 1669 579 1705 est,
608 1665 694 1694 bunc
717 1663 885 1693 hominem
903 1672 999 1703 aspe-

299 1723 372 1744 rum
398 1719 431 1745 et
459 1714 549 1754 tangi
577 1713 802 1754 periculosum
825 1717 862 1743 ut
887 1712 1000 1744 Maria

296 1765 410 1804 Tyria.
468 1764 535 1796 Sed
570 1764 644 1795 baec
673 1762 851 1794 manifesto
881 1769 999 1794 contra

298 1819 444 1845 mentem
454 1814 557 1845 Festi.
583 1815 687 1853 Lego,
701 1813 765 1843 Hic
779 1823 884 1844 servus
899 1814 999 1844 muria

299 1865 395 1905 Tyria
405 1865 540 1895 conciet:
553 1864 585 1895 id
597 1869 662 1903 est,
673 1863 727 1894 hic
741 1872 857 1894 servus
865 1862 926 1894 sibi
940 1873 998 1894 ex—

296 1915 384 1945 citat
404 1915 509 1945 maria
523 1914 640 1954 Tyria,
664 1923 733 1944 rem
752 1913 849 1944 valde
866 1913 998 1953 pericu<

296 1965 401 1995 losani
430 1965 639 2005 aggreditur,
665 1973 724 1995 suo
750 1964 813 1995 sibi
839 1965 997 2004 jumento

297 2016 419 2045 malum
436 2017 571 2055 quaerit.
608 2016 735 2045 Forsan
753 2020 788 2045 et
803 2015 851 2045 sic
869 2015 999 2054 melius,

298 2065 365 2095 Hic
391 2066 505 2105 Syrius
533 2066 633 2096 ’nuria
665 2064 761 2105 Tyria
790 2065 925 2095 conciet.-
960 2068 997 2095 ut

298 2115 513 2155 proverbium
529 2115 573 2145 sit
590 2114 632 2144 de
647 2123 687 2144 eo
704 2113 759 2154 qui
775 2114 996 2152 congreditur

297 2175 374 2195 cum
404 2164 607 2204 potentiori:
631 2173 707 2194 nam
734 2163 810 2204 Syri
834 2164 912 2194 olim
935 2164 994 2194 im-

296 2214 403 2245 belles
421 2213 617 2245 audiebant.
642 2214 740 2243 Idem.

338 2270 354 2290 ε’
379 2264 575 2305 Trilnmz'tz'a]
605 2265 715 2295 Locus
740 2263 861 2304 dignus
890 2263 994 2295 inter-

296 2319 407 2354 prete,
423 2315 482 2345 sed
498 2315 575 2346 milii
592 2313 701 2345 adhuc
718 2314 892 2345 obscurus.
915 2314 995 2345 Ant.

294 2364 380 2403 Aug.

339 2414 530 2456 Tribmzitia]
566 2416 636 2446 Lex
665 2413 805 2445 Curiata
835 2417 908 2444 erat
937 2423 996 2454 po-

297 2464 460 2496 tissimum
477 2465 519 2496 de
537 2465 679 2506 imperio
700 2463 839 2495 militari
866 2464 905 2495 iis
927 2472 996 2495 ma-

1056 1160 1254 1201 gisn-atibus
1283 1160 1487 1199 mandando,
1516 1160 1573 1202 qui
1603 1161 1754 1201 superio·

1056 1211 1161 1249 ribus,
1192 1211 1394 1242 centuriatis
1428 1211 1573 1250 scilicet,
1610 1210 1755 1241 comitiis

1056 1262 1161 1292 creati
1178 1260 1324 1293 fueraut.
1369 1262 1491 1303 Neque
1509 1262 1595 1292 enini
1612 1261 1754 1299 consuli,

1053 1312 1080 1341 si
1098 1312 1260 1342 curiatam
1277 1313 1388 1352 legem
1404 1321 1471 1342 non
1488 1312 1639 1347 liaberet,
1653 1311 1755 1342 attin-

1055 1372 1135 1403 gere
1162 1373 1232 1394 rem
1258 1363 1438 1394 militarem
1468 1362 1605 1401 licebat,
1640 1366 1678 1393 ut
1709 1361 1756 1391 ait

1054 1413 1166 1443 Cicer·
1183 1421 1223 1444 11.
1252 1412 1343 1443 Rull.
1374 1413 1457 1443 Eam
1471 1412 1579 1452 legem
1596 1411 1754 1442 ferebant

1053 1463 1220 1494 consules.
1276 1463 1386 1494 Cicer.
1415 1462 1495 1493 ibid.
1527 1463 1536 1479 ‘
1560 1462 1754 1493 consulibus

1052 1514 1217 1544 curiatam
1242 1513 1350 1553 legem
1372 1511 1584 1547 ferentibus,’
1600 1514 1662 1542 ἃς.
1706 1511 1755 1542 At

1052 1564 1141 1595 bello
1158 1564 1306 1595 secundo
1322 1563 1467 1602 Punico,
1483 1572 1558 1594 cum
1580 1561 1754 1593 Hannibal

1054 1620 1163 1655 portae
1175 1615 1320 1654 Capena>
1333 1614 1654 1654 appropinquasset,
1664 1611 1754 1643 ideo-

1053 1675 1117 1706 que
1131 1675 1196 1696 non
1211 1666 1330 1696 liceret
1345 1663 1597 1705 magistratibus
1612 1672 1652 1694 ex
1667 1672 1754 1703 prae-

1052 1715 1146 1746 sidiis
1169 1714 1358 1753 discedere,
1384 1713 1559 1751 Consules,
1585 1713 1662 1754 quia
1688 1712 1753 1753 ipsi

1052 1771 1146 1797 metu
1170 1765 1369 1796 Hannibalis
1395 1763 1612 1801 imminentis,
1633 1762 1752 1793 urbem

1053 1816 1168 1846 venire
1192 1820 1227 1846 et
1248 1815 1408 1856 populum
1435 1822 1555 1852 rogare
1575 1822 1640 1843 non
1658 1818 1752 1852 pote-

1053 1870 1142 1904 rant,
1160 1865 1192 1896 id
1209 1870 1354 1904 egerunt
1370 1873 1430 1904 per
1445 1863 1615 1894 Tribunos
1631 1863 1755 1902 plebis,

1053 1920 1154 1956 atque
1172 1916 1218 1946 ita
1232 1914 1420 1946 Tribuuitia
1436 1913 1608 1953 rogatione
1622 1913 1753 1944 curiata

1053 1966 1107 1996 lex
1125 1967 1204 1997 lata.
1238 1966 1338 1996 Nunc
1355 1964 1465 1995 omnia
1481 1963 1593 2003 plana.
1625 1963 1751 1993 Verum

1051 2016 1095 2047 Q.
1128 2015 1266 2045 Fabium
1290 2014 1476 2045 Maximum
1508 2013 1749 2047 Verrucosum,

1051 2065 1292 2096 Cunctatorem
1318 2064 1459 2102 dictum,
1482 2067 1517 2093 et
1535 2064 1583 2094 M.
1604 2063 1752 2093 Marcel-

1050 2114 1117 2144 lum
1136 2115 1292 2144 consules
1309 2112 1411 2143 fnisse
1430 2112 1563 2143 invenio
1581 2122 1633 2142 an.
1650 2112 1693 2142 U.
1712 2112 1750 2143 C.

1049 2166 1125 2195 539.
1171 2164 1217 2194 At
1235 2162 1404 2194 Hannibal
1419 2162 1460 2193 ad
1475 2162 1589 2193 urbem
1603 2163 1751 2193 accessit

1051 2223 1104 2244 au.
1130 2216 1205 2245 541.
1258 2214 1353 2244 Coss.
1392 2212 1436 2244 Q.
1468 2212 1586 2242 Fulvio
1616 2212 1751 2253 Flacco,

1050 2263 1164 2304 Appio
1181 2263 1325 2295 Claudio
1343 2263 1478 2293 Pulcro.
1524 2262 1601 2301 Vel,
1625 2267 1661 2293 ut
1677 2263 1749 2302 qui-

1050 2313 1139 2348 dam,
1156 2323 1241 2344 anno
1257 2315 1329 2344 542.
1341 2314 1437 2345 Coss.
1452 2312 1515 2343 Cn.
1528 2312 1648 2343 Fulvio
1662 2312 1750 2343 Cen-

1050 2364 1191 2403 tumalo,
1222 2364 1262 2394 P.
1288 2362 1439 2404 Sulpicio
1470 2362 1595 2393 Galba.
1641 2363 1750 2402 Igitur

1050 2414 1104 2445 vel
1129 2414 1161 2444 in
1186 2419 1340 2453 tempora
1365 2413 1519 2453 peccavit
1547 2413 1677 2449 Festus,
1694 2414 1747 2444 vel

1049 2465 1132 2496 alios
1147 2465 1283 2495 annales
1298 2468 1436 2495 secutus
1453 2468 1517 2495 est.
1542 2463 1625 2494 Dae.
