1876 3025
747 150 964 181 SCHEDAE.
1458 134 1568 177 1207

135 264 215 300 eae,
235 249 289 290 de
312 248 467 302 quibus
489 246 810 289 controversia:
840 244 981 299 (quod
1002 242 1151 297 potius
1179 242 1341 284 dicitur
1355 242 1445 296 jus,
1466 243 1571 296 quia

133 318 185 358 fit
203 318 314 358 inter
334 329 426 365 eOS,
450 316 524 369 qui
545 313 864 356 contendunt.20
885 311 996 353 Cato
1017 313 1062 352 in
1096 323 1165 361 ea,
1193 323 1326 364 quam
1349 308 1500 352 scribit
1520 310 1572 350 L.

136 385 270 426 Furio
291 383 343 425 de
359 396 475 437 aqua
591 413 601 424 .
725 410 736 421 .
854 412 863 421 .
982 408 992 419 .
1111 392 1147 419 s.
1177 378 1394 419 Praetores
1416 390 1572 419 secun—

136 453 239 494 dum
260 451 471 506 populum
494 449 706 491 vindicias
723 448 873 489 dicunt
989 478 998 487 .
1117 478 1126 486 .
1230 445 1452 487 Lucilius:
1483 444 1574 485 Ne-

135 534 207 562 mo
228 520 299 561 hic
320 519 548 568 vindicias,
568 530 663 571 neq.
685 530 826 566 sacra,
853 529 949 569 neq.
984 527 1142 556 numen
1173 517 1370 555 veretur:
1401 512 1455 553 de
1486 525 1573 565 quo

136 589 271 629 verbo
293 587 471 629 Cincius
495 587 559 628 sic
576 585 638 627 ait
656 597 665 625 z
702 584 921 626 Vindiciae
942 583 1045 624 olim
1066 582 1320 624 dicebantur
1340 580 1445 626 illae,
1475 592 1575 633 quae

138 669 196 697 ex
214 655 348 697 fundo
368 660 556 709 sumptae
577 655 618 695 in
633 654 710 708 jus
731 653 890 694 adlatae
913 655 1035 693 erant
1053 666 1062 689 :
1095 654 1140 691 at
1158 650 1251 691 Ser.
1278 647 1505 702 Sulpicius
1568 679 1575 686 .

614 722 707 775 jam
728 720 999 773 singulariter
1016 718 1207 759 formato
1229 716 1463 758 vindiciam
1482 727 1578 756 esse

140 791 214 841 ait,
235 803 324 845 qua
342 791 396 832 de
417 803 460 832 re
481 789 778 832 controversia
796 791 876 837 est,
906 788 960 828 ab
983 799 1036 828 eo
1057 785 1175 840 quod
1201 784 1450 826 vindicatur

525 861 568 899 et
606 858 647 898 in
689 868 783 897 ΧΠ,
822 855 871 896 Si
904 854 1141 895 vindiciam
1175 852 1330 894 falsam
1359 848 1497 904 tulit,)
1541 850 1578 890 si

142 927 247 967 velit
265 927 332 976 is‚¹
413 957 421 964 .
539 957 547 965 .
663 928 728 965 tor
751 922 937 964 arbitros
952 927 964 942 Γ
987 927 1072 962 tres
1090 921 1211 970 dam,
1229 931 1380 961 eorum
1402 918 1577 960 arbitrio

401 994 564 1035 fructus
585 992 790 1046 duplione
812 990 1018 1031 damnum
1037 989 1249 1031 decidito,

749 1121 984 1136 eeeeeeeeeeee

189 1206 202 1233 1
231 1203 254 1235 f.
275 1204 331 1242 rei,
345 1203 407 1234 sive
422 1202 499 1233 titis.
