1876 3025
647 156 1010 188 FRAGMENTUM.
1442 140 1554 181 10:31

748 253 942 306 Migrare
967 262 1119 292 mensa
1132 254 1148 270 ¹¹
1181 245 1290 302 quod
1321 245 1439 300 legib.
1473 246 1556 300 ejus

106 342 220 370 sacra
252 333 362 376 esset,
399 323 588 377 Diisque
617 321 770 375 templi
806 321 966 374 posita,
1006 315 1307 370 *inauspicatam
1339 312 1453 366 apud
1487 327 1558 352 αη-

109 397 240 452 tiquos
269 393 457 440 hahetur,
491 404 590 432 cum
629 391 827 443 sequitur
856 401 940 428 sua
976 385 1215 441 migrantem
1241 396 1376 436 poma.
1438 380 1560 422 BIen-

107 479 171 505 sas
198 463 317 504 ctizmt
346 461 520 517 quidam
550 459 688 500 fuisse
718 458 763 497 in
790 456 921 498 triviis
948 454 1051 509 poni
1077 452 1229 501 solitas,
1259 464 1345 506 quse
1375 448 1457 489 sint
1487 449 1563 489 tri-

108 532 245 573 viales
276 529 530 584 appellatae.
592 525 734 566 Mente
764 531 905 578 captus
938 522 1103 572 dicitur,
1135 535 1224 562 cum
1253 533 1360 559 mens
1396 530 1454 558 ex
1487 517 1564 557 ho-

111 600 239 640 minis
287 602 506 651 potestate
556 594 684 635 abiit.-
743 600 780 633 ec
830 591 933 632 idem
976 589 1210 646 appellatur
1259 587 1448 636 demenS,
1488 586 1565 638 qui

111 665 272 723 (quod)
287 672 319 690 ¹²
342 667 396 707 de
413 679 495 706 sna
510 670 638 704 mente
654 660 876 710 decesserit,
892 665 928 699 et
945 673 971 701 a
986 662 1126 699 mente
1140 654 1325 711 (mente)
1340 660 1367 684 ¹³
1392 653 1567 694 abierit,

115 733 296 774 Mrmare
326 732 445 773 solem
476 738 570 772 tunc
601 731 748 771 solitos
781 742 880 769 esse
904 728 1110 780 antiquos
1142 724 1273 765 dicere
1295 723 1355 763 ait
1385 721 1566 772 Verrius,

115 817 214 844 cum
254 802 363 843 solis
392 801 567 842 orientis
597 798 707 840 radii
739 795 987 850 splendorem
1009 795 1150 849 jacere
1178 794 1413 847 caepissent,
1436 795 1568 843 atque

116 872 217 912 ideo
240 871 425 924 primum
450 867 531 908 diei
551 874 719 920 tempus,
743 878 857 904 mane
878 863 1045 912 dictum,
1068 862 1260 917 quamvis
1285 860 1424 912 magis
1447 858 1572 899 addi-

118 939 228 980 citur
245 944 279 967 ¹4
298 936 407 992 quod
423 949 584 976 manum
609 933 753 973 bonnm
775 931 978 981 dicebaut,
1000 946 1024 971 a
1043 944 1178 980 mane,
1196 929 1313 969 idem
1332 941 1358 968 a
1373 932 1542 968 mature
1561 939 1572 968 :

119 1005 239 1060 'quod
262 1005 305 1046 id
337 1003 483 1043 boumn
506 1009 575 1050 est,
596 1000 704 1056 quod
729 1007 936 1040 maturam
965 1006 1035 1048 est,
1060 998 1178 1038 unde
1200 1001 1240 1037 et
1264 997 1442 1037 Matuta
1462 995 1574 1035 dicta

120 1086 277 1128 quoque
307 1072 468 1112 videtur
509 1069 669 1111 Mater.
731 1068 1007 1109 Mamertini⁰
1045 1064 1256 1120 appellati
1292 1071 1385 1104 sunt
1416 1063 1495 1103 lecte
1521 1062 1576 1102 de

123 1154 274 1190 causa,
294 1153 393 1181 cum
417 1139 472 1180 de
495 1145 586 1179 toto
608 1138 789 1180 Samnio
812 1136 878 1190 [8]
896 1136 1038 1189 gravis
1060 1134 1288 1176 incidisset
1306 1130 1576 1186 pestilentia,

125 1208 360 1250 Sthennius
383 1208 569 1248 Mettius
597 1207 691 1260 ejus
722 1205 864 1258 gentis
891 1204 1112 1257 princeps,
1148 1206 1394 1243 convocata
1412 1197 1578 1239 civium

126 1289 303 1318 suorum
333 1277 557 1325 contione,
589 1274 799 1328 exposuit
825 1286 873 1313 Se
896 1271 1062 1313 vidisse
1082 1271 1126 1310 in
1146 1269 1292 1323 quiete
1314 1266 1580 1320 praecipien-

125 1350 212 1386 tem
246 1345 512 1398 Apollinem,
534 1347 598 1393 ut,
628 1344 665 1383 si
687 1342 853 1382 vellent
876 1353 929 1381 eo
951 1339 1066 1379 malo
1085 1337 1274 1385 liberari,
1297 1334 1387 1375 Ver
1406 1344 1581 1374 sacrum

127 1417 346 1461 voverent,
368 1412 411 1452 id
433 1415 517 1461 est,
546 1422 835 1464 quaecumque
855 1420 957 1448 vere
979 1406 1185 1461 proximo
1206 1408 1311 1444 nata
1330 1401 1582 1450 essent,im·

128 1481 368 1521 molaturos
391 1480 502 1522 sibi:
539 1492 627 1532 quo
654 1479 773 1519 sacto
794 1476 968 1521 levatis,
988 1479 1093 1528 post
1114 1485 1273 1514 annum
1294 1470 1585 1511 vicensimum

130 1548 286 1589 deinde
320 1547 516 1601 ejusdem
553 1547 721 1597 generis
748 1545 931 1586 incessit
959 1542 1236 1597 pestilentia:
1266 1552 1412 1580 rusum
1435 1538 1584 1590 itaque

131 1616 361 1657 consultus
402 1615 567 1668 Apollo
600 1614 839 1668 respondit,
869 1625 955 1653 non
991 1624 1088 1652 esse
1120 1609 1392 1663 persolutum
1426 1605 1482 1645 ab
1512 1604 1583 1643 his

132 1687 300 1733 votum,
323 1683 442 1737 quod
462 1683 662 1723 homines
682 1681 899 1722 immolati
920 1693 1007 1719 non
1038 1684 1216 1719 essent:
1239 1688 1349 1729 quos
1374 1673 1409 1713 si
1444 1685 1587 1724 expu-

133 1752 304 1799 lissent,
326 1757 445 1791 certe
466 1751 576 1800 fore,
608 1754 656 1790 ut
681 1763 733 1790 ea
760 1748 884 1789 clade
913 1747 1225 1787 liberarentur:
1262 1744 1414 1795 itaque
1437 1739 1588 1793 ijussi

135 1820 277 1873 patria
299 1819 525 1869 decedere,
547 1832 646 1859 cum
670 1818 713 1858 in
734 1821 856 1870 parte
880 1829 933 1856 ea
956 1812 1107 1854 Siciliae
1127 1811 1446 1857 consedissent,
1469 1820 1588 1860 quae,

138 1900 247 1928 nunc
264 1888 515 1928 Tauricana
530 1892 561 1916 ¹⁵
585 1886 757 1934 dicitur,
774 1884 884 1924 forte
905 1881 1198 1922 laborantibus
1215 1878 1333 1920 bello
1345 1890 1455 1917 novo
1473 1874 1591 1915 Mes-

140 1957 403 1996 sanensibus
425 1956 596 1996 auxilio
623 1957 832 1995 venerunt
862 1952 990 2000 ultro,
1012 1961 1177 2002 eosque
1203 1945 1255 1986 ab
1277 1960 1319 1986 eo
1341 1945 1592 1986 liberarunt.

141 2023 448 2076 provinciales,
468 2023 590 2077 quod
613 2023 670 2063 ob
698 2021 888 2061 meritum
911 2030 1076 2066 eorum,
1098 2022 1146 2057 ut
1168 2014 1351 2068 gratiani
1374 2012 1592 2060 referrent,

748 2159 988 2174 eeeeeeeeeeee

190 2266 229 2294 12
253 2264 267 2304 (
282 2263 344 2302 ).—
356 2265 394 2293 13
418 2262 431 2303 (
449 2261 562 2303 ).—14
589 2260 611 2292 f.
628 2262 660 2292 id
674 2262 887 2292 dicitur.-15
913 2259 937 2291 f.
955 2256 1221 2290 Tauromenitana.

799 2384 944 2416 NOTAE

193 2477 206 2492 ¹¹
240 2473 386 2511 DIigrare
420 2472 538 2512 mensa]
583 2473 720 2504 Mcnsas
756 2473 843 2503 Deae
900 2470 990 2508 noni,
1007 2479 1082 2510 quae
1111 2467 1208 2499 Curis
1234 2470 1286 2496 est
1305 2464 1500 2505 appellata3
1526 2461 1597 2491 sive

153 2533 226 2560 quar
242 2523 275 2553 in
296 2523 403 2553 triviis
420 2525 602 2561 coleretur,
618 2526 689 2554 sive
713 2524 847 2561 Diana),
904 2522 1072 2562 potiuS‚nt
1085 2520 1130 2550 ait
1143 2520 1175 2549 iu
1188 2519 1197 2535 ‘
1209 2514 1481 2554 Quirites‚'quod
1498 2513 1528 2542 in
1542 2521 1599 2542 cn-

153 2575 223 2604 sive
236 2573 391 2611 Hecatae,
408 2574 485 2612 poni
501 2574 630 2613 solitam
645 2585 718 2614 qnae
735 2574 846 2605 trivia·
905 2573 960 2602 riis
985 2572 1015 2602 ei
1040 2570 1154 2601 Sabini
1178 2567 1425 2600 sacrificabant,
1456 2564 1601 2595 curiales

154 2624 203 2653 les
215 2623 291 2652 inde
306 2625 488 2663 appe-natae
501 2624 849 2664 sint‚1·'esti=·eliquia÷
905 2629 982 2653 sunt
1000 2631 1122 2652 mensae
1138 2621 1330 2660 appellatam

156 2673 318 2703 indicant.
378 2673 473 2703 Idem
509 2674 568 2710 ait,
611 2674 754 2704 curiales
783 2674 852 2705 dici
948 2678 962 2692 0
982 2670 1183 2710 Mamertini]
1216 2669 1303 2699 Vide
1332 2665 1418 2697 infra
1448 2665 1480 2694 in
1510 2663 1518 2679 ‘
1537 2663 1604 2694 Ver

157 2732 302 2762 mensas,
327 2723 359 2753 in
389 2722 510 2765 quibus
532 2724 768 2756 immolabatur
791 2725 853 2757 Ju-
909 2732 1039 2755 sacrun)
1053 2722 1073 2754 2'
1092 2728 1127 2753 et
1144 2721 1231 2752 Plin.
1248 2720 1304 2751 lib.
1321 2727 1375 2749 111.
1393 2726 1469 2756 cap.
1488 2718 1538 2746 13.
