1876 3025
757 173 973 205 seflEnAE.
1474 159 1585 202 1205

144 272 321 327 Vapula
344 272 541 327 Papiria:
564 271 608 313 in
629 271 831 313 barbaria
850 274 929 321 est,
951 271 995 311 in
1017 268 1162 311 Italia.
1213 267 1359 309 AElius
1378 266 1462 308 hoc
1481 267 1582 308 loco

142 341 305 394 vapula
324 341 514 395 positum
537 353 638 381 esse
662 340 719 380 ait
746 353 825 393 pro
845 339 959 380 dole.
1018 337 1175 387 Varro,
1206 348 1284 390 pro
1318 335 1438 388 peri:
1470 339 1581 375 teste

142 409 347 452 Terentio
368 410 411 450 in
432 410 719 450 Phormione:
751 408 870 449 Num
887 412 934 448 tu
995 438 1004 448 .
1121 436 1131 446 .
1245 434 1255 444 .
1315 403 1471 456 resipis
1490 416 1583 443 ver-

141 477 268 518 bero:
301 482 344 519 et
365 478 527 519 Plauto
546 478 589 518 in
610 476 872 518 Curculione
891 488 901 514 :
933 473 1139 523 Reddin',
1162 485 1215 513 an
1249 484 1335 512 non
1357 471 1579 511 mulierem

141 545 280 598 prius,
301 559 433 599 quam
454 551 497 586 te
519 545 619 585 huic
641 557 751 585 rneae
772 542 1003 583 machaerae
1027 541 1171 582 obicio
1202 538 1407 591 mastigia
1427 539 1444 578 Τ
1489 537 1581 578 Va·

140 613 247 666 pula
267 626 367 665 ergo
388 618 431 654 te
450 612 482 637 ¹⁶
514 613 783 653 vehementer
797 609 951 663 jubeo,
967 622 1022 649 ne
1044 620 1110 648 me
1125 606 1312 648 territes.
1344 603 1580 646 Vacerram

139 681 285 722 AElius
317 685 361 721 et
393 680 466 721 alii
503 679 749 732 complures
785 677 936 718 vocari
967 676 1088 716 aiunt
1122 674 1331 728 stipitem,
1363 672 1418 713 ad
1450 684 1579 725 quem

139 761 278 802 equos
299 749 443 789 solent
468 747 662 799 religare.
723 744 881 786 Ateius
915 741 1033 797 [195]
1065 755 1169 783 vero
1206 740 1463 791 Philologus
1493 739 1579 779 hoc

137 817 310 857 nomine
334 815 572 869 significari
593 813 870 855 maledictum
891 825 1060 864 magnae
1082 809 1345 858 acerbitatis,
1363 810 1408 848 ut
1430 807 1489 847 sit
1511 819 1580 846 ve-

138 896 238 924 cors
260 889 302 925 et
318 896 507 925 vesanus
528 886 636 923 teste
659 881 800 932 Livio,
822 880 898 934 qui
920 879 1052 920 dicit:
1084 876 1301 926 Vecorde‚
1324 874 1580 916 etmalefica

136 951 347 992 vecordia
362 949 418 982 ¹7¹
450 951 669 1004 Vagorem
690 962 768 1003 pro
792 949 957 1001 vagitu,
978 945 1146 987 Ennius
1166 944 1211 985 li.
1235 955 1342 984 le.
1375 942 1466 993 Qui
1487 942 1578 982 cla-

134 1032 229 1059 mor
250 1019 544 1073 oppugnantis
565 1019 713 1071 vigore
750 1017 928 1057 volanti.
988 1013 1218 1056 Lucretius
1241 1012 1284 1052 li.
1318 1022 1370 1051 11.
1429 1010 1487 1050 Et
1506 1022 1578 1049 su-

135 1092 354 1140 perantur,
375 1088 478 1128 item
500 1088 704 1128 miscetur
734 1085 883 1126 funere
913 1083 1050 1136 vigor.
1109 1080 1288 1122 Valvoli
1312 1078 1428 1119 fabae
1464 1076 1578 1117 solli-

135 1154 225 1195 culi
248 1156 459 1209 appellati
483 1159 599 1204 sunt,
623 1154 748 1207 quasi
769 1151 984 1201 vallivoli,
1020 1150 1123 1204 quia
1154 1147 1272 1189 vallo
1309 1146 1418 1187 sacti
1436 1144 1466 1167 ¹8
1498 1156 1577 1185 ex-

135 1224 358 1264 cutiantur.
421 1223 640 1275 Vagulato
662 1222 705 1262 in
728 1222 778 1263 L.
799 1232 894 1261 ΧΗ.
916 1218 1129 1272 significat
1142 1215 1329 1270 quaestio
1351 1226 1451 1254 cum
1472 1224 1577 1252 con-

136 1290 266 1332 vicio.
300 1291 383 1333 Cui
405 1291 698 1332 testimonium
717 1289 917 1336 defuerit,
939 1286 977 1327 is
998 1285 1135 1326 tertiis
1158 1282 1312 1324 diebus
1333 1281 1390 1321 ob
1406 1282 1577 1334 portum

133 1360 440 1412 obvagulatum
478 1360 554 1400 ito.
614 1357 786 1410 Valgos
820 1354 999 1408 Opillus
1033 1351 1256 1400 Aurelius,
1300 1348 1420 1401 aliiq.
1459 1359 1576 1387 com-

132 1427 283 1480 plures
306 1428 426 1468 aiunt
447 1427 549 1476 dici,
573 1426 648 1478 qui
673 1425 868 1466 diversas
893 1434 1019 1463 suras
1044 1421 1248 1460 habeant.
1308 1416 1496 1456 Plautus
1531 1414 1576 1454 in

133 1494 279 1535 Milite
302 1495 494 1546 glorioso
514 1508 523 1535 :
557 1493 646 1543 Qui
668 1492 787 1533 talos
802 1490 986 1531 vitiosos
1003 1487 1213 1540 majorem
1235 1487 1403 1538 partem
1425 1481 1575 1523 videas

131 1563 368 1615 vagisalis:
388 1568 433 1603 et
446 1562 489 1602 in
506 1562 726 1614 Silitergo3
743 1559 820 1599 Sin
831 1570 883 1598 ea
896 1555 1000 1597 mihi
1011 1554 1242 1606 insignitos
1259 1563 1417 1605 pueros
1435 1548 1577 1602 pariat

131 1634 391 1682 postea,aut
414 1642 576 1677 varum,
597 1631 671 1668 aut
689 1626 879 1678 valgum,
897 1627 973 1664 aut
987 1632 1280 1674 compernem,
1300 1620 1375 1658 aut
1395 1620 1574 1669 paetum,

131 1697 344 1739 bocchum
364 1697 513 1738 filium.
571 1696 747 1744 Viere‚¹¹¹
775 1693 952 1744 alligare
981 1688 1209 1742 significat,
1245 1690 1293 1726 ut
1323 1686 1392 1726 hic
1426 1695 1574 1725 versus

131 1764 397 1807 demonstrat
416 1779 425 1806 :
460 1765 591 1805 Ibant
622 1761 783 1803 malaci
804 1760 924 1801 viere
946 1756 1185 1798 Veneriam
1208 1752 1436 1801 corollam,
1458 1750 1574 1791 unde

131 1833 308 1882 vimina,
327 1839 373 1874 et
393 1846 502 1875 vasa
522 1831 724 1880 viminea,
752 1841 850 1883 quae
884 1825 1126 1867 vinciuntur
1157 1823 1306 1875 ligata.
1365 1819 1575 1860 Vermina

130 1900 329 1943 dicuntur
356 1901 528 1942 dolores
551 1899 748 1952 corporis
783 1909 879 1937 cum
901 1893 1093 1948 quodam
1113 1891 1280 1931 minuto
1302 1890 1424 1929 motu
1447 1886 1573 1940 quasi

131 1982 158 2009 a
179 1970 356 2010 vermib.
375 1968 647 2010 scindantur:
679 1965 750 2005 hic
772 1963 895 2004 dolor
917 1961 1073 2003 Graece
1100 1956 1253 2013 στρόφος
1281 1956 1453 1996 dicitur.
1483 1952 1573 1993 Ve-

130 2040 242 2086 ruta,
283 2037 376 2090 pila
409 2036 624 2085 dicuntur,
662 2031 779 2087 quod
816 2045 844 2073 A
864 2036 896 2061 ¹9
960 2059 967 2067 .
1084 2057 1092 2065 .
1150 2025 1342 2066 habeant
1372 2020 1573 2075 praefixa.

131 2104 296 2146 Ennius
321 2105 371 2145 L.
404 2115 456 2145 X.
549 2134 557 2143 .
677 2132 686 2141 .
775 2110 928 2140 cursus
962 2097 1225 2150 quingentos
1250 2104 1370 2144 saepe
1400 2088 1572 2130 veruti.n

730 2231 786 2243 ore
793 2228 965 2242 moeeaeee

173 2314 212 2342 16
236 2311 257 2342 f.
281 2312 433 2352 Vapulare
448 2314 617 2351 erga—17
635 2310 659 2343 f.
675 2310 808 2350 malefice
822 2307 1046 2339 wacena-18
1070 2302 1093 2333 f.
1112 2300 1226 2340 fracti.
1239 2302 1322 2329 -19
1338 2302 1362 2327 Λ
1379 2297 1420 2327 al.
1439 2305 1542 2326 verua.

783 2415 921 2449 NOTAE

171 2484 177 2504 ¹
202 2485 272 2516 Pro
290 2484 427 2526 malefica
442 2484 583 2515 vecordia
603 2484 636 2515 in
654 2493 750 2514 versu
768 2482 839 2514 Li»
877 2481 975 2520 Ling.
1004 2479 1078 2509 Lat.
1106 2473 1193 2515 apud
1212 2480 1310 2513 quem
1328 2469 1437 2500 malaci
1454 2472 1516 2502 est,
1534 2473 1570 2497 ut

127 2536 185 2576 vii,
201 2536 265 2567 nisi
282 2537 414 2577 malefice
429 2546 554 2567 vacerra
577 2536 737 2575 legamus,
754 2543 820 2564 non
876 2532 908 2562 in
926 2529 1068 2561 schedis.

129 2586 225 2617 video
240 2596 300 2617 cur
318 2587 447 2617 Livium
464 2587 547 2617 citet
560 2587 692 2617 Festus.
917 2586 931 2600 ¹¹
960 2576 1084 2616 Veruti]
1118 2572 1219 2606 Ennii
1260 2580 1374 2601 ver-51¹8
1408 2568 1502 2599 deest
1536 2567 1569 2597 in

170 2642 191 2657 Μ
208 2637 380 2677 ι’]ἰενε,ᾅ”ο.]
397 2637 482 2668 Haec
500 2646 630 2678 quoque
647 2636 681 2667 in
697 2635 770 2667 aliis
787 2644 820 2665 e·
874 2631 948 2662 aliis
964 2625 1180 2663 editionibus,
1198 2632 1258 2653 nec
1276 2622 1308 2651 in
1327 2618 1458 2650 schedis
1484 2618 1569 2648 inte-

127 2687 307 2718 ditionibus
324 2687 571 2718 desiderantur.
589 2686 688 2717 Ennii
703 2694 817 2715 versus
875 2691 934 2722 ger
950 2679 1104 2712 habetur,
1120 2680 1179 2706 aut
1195 2670 1391 2704 emendatus
1409 2669 1502 2699 satis,

127 2743 221 2769 extat
251 2738 338 2778 apud
371 2739 557 2770 Varronem
596 2737 651 2768 lib.
685 2735 817 2771 1v.‚de
