1876 3025
292 141 377 183 702

751 154 900 185 SEX'rl
936 155 1140 186 POMPEH
1176 157 1312 188 FESTI

350 261 403 290 ac
426 247 597 299 durum,
629 252 719 291 tum
743 251 876 292 etiam
897 250 939 291 in
959 251 1176 304 ingentem
1201 254 1359 295 evadat
1380 256 1711 310 amplitudinem
1731 270 1741 298 z

349 329 640 370 querqueram
678 318 792 359 enim
830 332 1009 371 gravem
1045 322 1089 360 et
1138 334 1338 375 magnam
1372 323 1552 377 quidam
1586 330 1742 378 putant

349 384 454 425 dici.

291 451 636 505 Querqueram¹²
656 457 672 474 a
707 451 890 508 febrem,
917 467 1087 508 gravem
1117 462 1155 496 ec
1186 471 1403 512 magnam:
1434 472 1537 500 nam
1577 459 1742 513 [FEST.

349 520 529 573 quidam
543 534 748 574 quercum
767 521 917 562 dictam
935 521 1092 573 volunt,
1108 524 1219 578 quod
1237 525 1281 565 id
1291 540 1419 580 genus
1438 527 1623 578 arboris,
1641 541 1743 570 cum

347 601 471 641 grave
489 587 558 637 sit,
588 603 634 628 uc
655 589 819 638 durum,
850 597 936 631 tum
957 591 1079 631 etiam
1100 591 1143 632 iu
1166 593 1384 646 ingentem
1408 594 1569 637 evadat
1599 594 1743 636 altitu-

347 655 495 696 dinem.

346 722 512 763 horrore
544 729 802 765 trementem.

557 654 754 697 Aurelius
777 664 914 698 autem
947 658 1127 712 Opilius
1158 660 1356 713 frigidam
1380 661 1441 702 ait
1460 662 1554 713 dici,
1585 669 1623 703 et
1654 678 1744 704 cum

882 726 1044 768 Santra
1073 741 1169 768 eam
1201 742 1257 769 ex
1290 726 1434 769 Graeco
1465 728 1640 781 deducit,
1671 731 1745 785 qui

347 797 562 831 tremorem
583 791 801 845 ejusmodi
821 791 1007 848 κάρχαρον
1026 792 1179 838 dicunt.

1246 794 1361 837 Unde
1383 796 1464 837 dice·
1497 798 1627 839 etiam
1650 811 1743 839 car-

347 871 489 899 cerem
508 858 524 881 ὓ
554 859 736 900 Plautus
757 860 800 901 in
824 859 1059 903 Friuolaria
1077 878 1089 903 :
1115 862 1157 904 Is
1176 864 1275 905 mihi
1297 869 1389 906 erat
1408 865 1509 906 bilis
1531 878 1741 920 querque-

345 940 392 967 ra
424 926 557 966 tussis.
618 925 805 969 Lucilius
837 928 941 970 libro
968 930 1149 984 jactans
1179 945 1248 973 me
1279 938 1329 974 ut
1358 933 1490 974 febris
1511 947 1742 988 querquera

344 997 482 1044 terret,
516 995 622 1036 alibi
653 1009 896 1051 querquera
927 998 1184 1054 consequitur
1200 998 1340 1055 febris
1371 995 1597 1056 capitisque
1627 1000 1743 1041 dolo-

348 1075 425 1102 TCS·

291 1128 605 1184 Querqueram,
628 1131 825 1185 frigidam
857 1146 955 1175 cum
980 1137 1167 1176 tremore
1200 1149 1226 1176 a
1255 1135 1418 1178 Graeco
1440 1135 1533 1192 κάς-
1564 1136 1743 1190 [PAUL.

346 1213 455 1252 κηρα,
479 1205 641 1241 certum
664 1205 730 1242 est
751 1201 838 1242 dici
858 1215 867 1240 ε
890 1202 1003 1243 1111110
1025 1208 1070 1244 et
1092 1216 1255 1245 carcer.

897 1322 1014 1335 eeeeee

334 1376 373 1405 12
396 1374 484 1406 Vide
503 1375 585 1406 Not.
605 1374 663 1408 inf.

1308 1204 1507 1245 Lucilius
1525 1218 1535 1246 ε
1555 1204 1585 1246 J
1589 1208 1742 1246 actans

1019 1323 1137 1337 eeeeee

948 1489 1088 1521 NOTAE

288 1561 508 1602 transpositis
530 1561 638 1592 literis
664 1567 699 1593 et
727 1567 858 1594 mutato
881 1574 900 1595 α
923 1564 954 1595 111
971 1576 987 1596 e

287 1611 410 1652 κέρχος,
425 1617 458 1643 et
471 1624 496 1652 χ
513 1613 544 1643 1η
557 1625 576 1644 κ
591 1613 713 1654 χέρκυς,
727 1625 865 1655 quercus.
892 1616 974 1647 Dac-

330 1667 344 1683 ⁸
369 1664 531 1704 Querque.
543 1686 550 1695 .
562 1664 586 1704 .]
611 1665 697 1696 Haec
715 1666 873 1697 videntur
885 1667 990 1707 perti-

286 1722 367 1744 nere
384 1713 425 1744 ad
444 1719 626 1755 utrumque
641 1714 780 1746 verbum
801 1716 938 1752 Quercus
955 1723 989 1749 et

289 1765 513 1804 Querqueram.
537 1763 618 1796 Ant.
634 1764 723 1806 Aug.

331 1817 557 1857 Querquerum]
585 1817 749 1850 Priscian.
774 1819 834 1850 lib.
862 1830 911 1852 vr.
937 1830 988 1852 re-

286 1867 355 1899 fert
377 1869 537 1899 Plautum
564 1868 596 1898 in
621 1869 808 1901 Frivolaria
834 1872 989 1911 scripsis-

287 1927 346 1947 se:
372 1922 380 1934 ¹
396 1918 428 1948 Is
445 1918 525 1948 milii
539 1922 611 1949 erat
624 1918 709 1954 bilis,
726 1929 812 1960 aqua
826 1921 975 1954 intercus

287 1968 402 2008 tussis,
419 1967 520 1999 febris
535 1970 748 2009 querquera.'
774 1971 872 2004 Idem.

332 2018 562 2058 Querqueram]
585 2018 753 2051 Addenda
771 2023 988 2061 vox,sebrem.

288 2069 328 2099 L.
344 2079 388 2099 m.
405 2068 506 2099 habet
524 2067 681 2110 Κάρκαρα.
709 2070 779 2103 Ful.
802 2072 909 2106 Ursin.

332 2118 541 2158 Querqueram
549 2118 689 2161 febrem]
727 2120 856 2152 Arnob.
879 2123 936 2154 lib.
964 2134 989 2158 1.

285 2169 498 2209 ‘vitiligines
522 2179 742 2210 querqueras,
765 2177 866 2214 atque
884 2174 987 2205 inter-

288 2224 384 2250 cutes
401 2219 562 2250 morbos.'
593 2219 758 2251 Minutius
776 2222 871 2253 Felix
886 2224 989 2256 habet

288 2279 485 2309 quequerum,
510 2273 549 2300 ut
573 2274 607 2300 et
633 2269 780 2310 Gellius,
809 2273 987 2313 Apuleius.

286 2319 458 2350 Videlicet
493 2330 682 2360 querqueius
710 2322 883 2362 adjective
921 2325 988 2356 dici

287 2374 416 2400 cei-tum
442 2374 504 2400 est.
552 2370 641 2409 Ergo
668 2381 743 2402 cnm
761 2372 885 2404 dicitur
900 2384 989 2414 quer-

286 2430 424 2461 querum,
434 2420 842 2462 subintelligitnrsebrem.
859 2425 988 2457 Etcum

285 2479 503 2511 querquerum,
544 2470 810 2512 subintelligitur
839 2474 987 2507 morbum.

289 2519 485 2560 Querquerus
509 2525 622 2550 autem
646 2530 665 2550 a
687 2531 810 2561 quercu.
858 2524 933 2564 Vel,
950 2529 988 2555 ut

286 2570 421 2605 Santra,
432 2579 450 2600 a
458 2569 761 2611 κάρκαρος,11οι·101·,
772 2578 908 2605 tremor.
932 2574 986 2606 Ad

287 2616 384 2661 cn'jus
402 2622 606 2651 sententiam
625 2622 886 2656 confirmandam
903 2625 988 2657 facit

288 2671 370 2701 illud
385 2670 528 2701 Homeri
542 2671 640 2702 Iliad.
656 2682 685 2703 v.
710 2674 850 2715 κάρκαιρε
863 2675 896 2706 δὲ
912 2677 987 2714 γαῖα

286 2719 434 2751 πόδεσσιν
447 2720 638 2760 Ὀρνυμένων
652 2722 767 2764 ἄμυδις,
791 2728 799 2742 ‘
809 2726 988 2757 'Fremebat

979 1946 989 1962 7

1043 1570 1153 1597 autem
1182 1571 1273 1597 terra
1297 1565 1441 1606 pedibus
1470 1565 1638 1596 ruentium
1664 1575 1744 1597 con-

1041 1615 1180 1647 fertim)
1223 1617 1290 1647 Sed
1314 1616 1385 1647 haec
1410 1616 1521 1646 onmia
1553 1626 1653 1646 merae
1684 1626 1745 1647 nu·

1043 1676 1116 1705 gae:
1141 1676 1202 1698 cur
1227 1672 1262 1698 et
1286 1666 1372 1697 unde
1386 1665 1490 1703 febris
1505 1665 1639 1696 dicatur
1655 1675 1744 1706 quer-

1041 1726 1147 1757 quera,
1171 1726 1269 1747 nemo
1287 1717 1395 1747 adhuc
1411 1716 1537 1747 docuit.
1586 1716 1744 1756 Querque-

1040 1776 1095 1797 rus
1132 1772 1182 1797 est
1221 1777 1240 1797 a
1269 1765 1442 1807 κερχαλέος
1469 1765 1559 1806 quod
1591 1776 1610 1797 a
1641 1766 1744 1807 κέρχω

1042 1817 1130 1848 Nam
1168 1817 1341 1858 κερχαλέον
1399 1817 1550 1857 Hesycli.
1602 1818 1745 1857 exponit

1041 1867 1189 1908 σκληρὸν,
1204 1868 1304 1909 ξηρὸν,
1317 1868 1477 1907 διψαλέον,
1494 1868 1503 1883 ‘
1517 1867 1644 1907 grave,'
1659 1869 1668 1885 ‘
1680 1868 1745 1898 ari·

1041 1918 1145 1955 dum,’
1160 1920 1169 1936 ⁴
1186 1919 1422 1957 siticulosum‚’
1441 1928 1514 1959 quae
1532 1919 1642 1948 omnia
1655 1917 1745 1949 febri

1041 1978 1133 1998 mere
1156 1974 1359 2009 congruunt,
1386 1978 1461 2008 quae
1488 1977 1557 2008 prae
1586 1968 1743 1998 siccitate

1042 2019 1147 2050 ravim
1165 2024 1199 2050 et
1217 2020 1331 2050 tussim
1349 2023 1454 2050 creat.
1500 2018 1539 2049 Id
1559 2018 1646 2049 enim
1663 2028 1743 2050 vere

1041 2073 1093 2099 est
1110 2069 1295 2109 κερχαλέον.
1329 2070 1444 2102 Quare
1461 2069 1579 2100 Plaut.
1609 2069 1743 2100 Tussim

1033 2119 1149 2160 jungit
1165 2130 1239 2151 cum
1257 2129 1457 2161 querquera.
1494 2119 1503 2135 ‘
1520 2119 1554 2149 Is
1573 2118 1650 2149 1111111
1669 2124 1743 2151 erat

1041 2170 1129 2209 bilis,
1167 2181 1256 2212 aqua
1294 2171 1452 2208 intercus,
1490 2169 1605 2207 tussis,
1635 2168 1742 2200 febris

1041 2220 1258 2262 querquera.’
1323 2222 1415 2260 Ergo
1456 2221 1649 2259 Cerchaleos‚
1677 2230 1743 2251 cer-

1040 2270 1151 2308 cheles,
1167 2271 1335 2311 cercheros,
1355 2271 1523 2310 cere-herus,
1541 2279 1741 2310 querquerus.

1041 2321 1132 2353 Dae.

1081 2372 1096 2392 b
1122 2372 1230 2403 Etiam
1245 2372 1414 2412 carcerem]
1439 2372 1468 2403 A
1486 2373 1609 2403 Graeco
1629 2372 1743 2413 κάρκα-

1039 2433 1091 2461 ρος
1106 2432 1257 2453 carcerem
1273 2423 1375 2454 etiam
1399 2423 1523 2453 Santra
1539 2422 1608 2453 dici
1626 2424 1743 2454 existi·

1040 2474 1156 2504 mavit.
1203 2474 1256 2504 Au
1275 2473 1353 2515 quia
1374 2473 1548 2504 horrorem
1572 2484 1678 2505 carcer
1693 2474 1743 2505 in-

1039 2523 1152 2554 cutit?
1195 2523 1261 2554 Sed
1292 2523 1404 2554 forsan
1435 2524 1501 2554 erit
1531 2534 1551 2554 a
1580 2523 1740 2564 κάρκαρος.

1039 2581 1104 2603 11011
1123 2583 1189 2613 qua
1212 2577 1406 2607 tremorem,
1423 2572 1482 2603 sed
1508 2583 1574 2613 qua
1597 2574 1738 2611 δεσμοὺς,

1039 2622 1183 2657 vincula,
1196 2622 1375 2663 siguificat.
1402 2622 1552 2662 Κάρκαροι
1569 2625 1657 2654 0111111
1670 2626 1739 2653 δεσ-

1037 2674 1099 2711 μοὶ,
1117 2674 1265 2713 Hesp-ch.
1290 2674 1440 2714 Scaliger
1465 2673 1605 2704 deducit
1634 2684 1651 2704 a
1668 2675 1737 2713 κάρ-

1045 2737 1132 2765 napa,
1148 2724 1283 2764 μάνδραι,
1300 2725 1483 2763 spcluncae.
1518 2724 1610 2755 Idem.
