1876 3025
246 152 331 196 686

696 156 845 189 SEXTI
879 152 1081 185 POMPEII
1116 152 1253 183 FESTI

312 256 573 299 Cornificius
603 255 683 306 ait,
715 264 848 308 neque
884 249 1006 290 aliter
1040 248 1193 302 accepit
1215 246 1379 289 Ennius
1410 261 1499 288 cum
1528 246 1629 288 dixit
1651 248 1697 288 in

307 324 577 367 Alexandro.

308 393 490 434 dimidio
530 402 670 445 purus
703 394 828 443 putus
858 392 895 426 et
928 382 1108 425 Plautus
1134 396 1268 437 purus
1295 389 1425 436 putus
1461 380 1524 422 liic
1564 394 1695 435 syco-

303 461 472 514 phanta
491 463 601 500 est„

695 535 785 577 quo
806 520 963 562 certior
985 531 1048 559 se.

311 608 459 635 aurum
486 604 644 647 quoque
676 593 878 643 putatum
903 587 991 628 dici
1027 584 1148 636 solet,
1171 585 1281 639 quod
1311 591 1365 626 est
1399 590 1699 639 expurgatum:

312 668 349 702 et
378 660 486 701 ratio
499 664 666 713 putata,
685 656 730 697 id
751 659 833 705 est,
854 666 967 708 pura
987 653 1119 703 facta,
1138 659 1201 694 ut.

819 721 1053 763 hcm-edibus
1073 720 1258 762 rettulit.

258 796 495 852 Pegasumc
535 807 680 849 equum
720 791 887 832 alatum
904 789 1040 846 fuisse
1070 787 1242 829 tradunt
1269 788 1427 842 po'e'tae:
1460 784 1573 839 cujus
1613 786 1703 840 qui·

312 865 401 905 dem
431 863 632 917 ungulam
662 859 872 902 suscitasse
889 857 1071 914 fontem,
1093 856 1164 912 qui
1195 854 1454 910 Hippocrene
1475 852 1607 893 dictus
1628 858 1701 902 est,

314 931 498 972 traditur
521 929 601 970 secl.

314 1147 372 1173 sa.

1454 999 1590 1029 ‚ersus
1611 986 1701 1026 alia

1347 1087 1356 1096 .
1393 1053 1567 1096 Lucina
1584 1053 1702 1095 Juno

1473 1152 1483 1161 .
1531 1121 1705 1162 formon

956 1200 1016 1237 ,ta
1036 1207 1082 1236 re

828 1296 837 1305 .
896 1277 943 1305 se
975 1266 1084 1304 oste.

912 1396 942 1428 N
951 1394 1055 1426 OTAE

262 1490 405 1528 apparet
421 1486 453 1517 in
475 1485 560 1516 atrio
578 1488 656 1516 ante
671 1485 812 1525 januam
827 1483 955 1514 lectum

262 1538 440 1569 adversum
470 1536 584 1567 fuisse.
641 1534 864 1575 Propertius:
894 1532 903 1548 ‘
921 1531 956 1562 Si

262 1593 375 1619 tamen
399 1587 577 1618 adversum
600 1585 740 1616 mutarit
760 1584 867 1624 janua
889 1582 957 1613 lec-

261 1642 345 1674 tum,
362 1637 495 1668 Sederit
514 1640 550 1667 et
566 1641 680 1667 nostro
697 1640 798 1666 cauta
810 1642 958 1664 noverca

263 1688 360 1719 toro!
404 1687 480 1719 Hoc
496 1691 568 1718 est:
587 1687 613 1718 si
627 1687 690 1717 alia
703 1695 789 1717 uxor
802 1684 956 1725 superin-

262 1737 418 1777 ducatur,
445 1746 521 1778 quae
544 1736 722 1767 adversum
739 1737 863 1766 lectum
880 1743 957 1765 nos-

263 1792 352 1818 trum
382 1791 501 1826 mutet,
531 1787 593 1817 hoc
620 1790 684 1826 est,
709 1785 771 1816 sibi
795 1794 861 1815 non
879 1783 958 1814 mihi

264 1840 404 1868 sternat.
451 1838 539 1868 Nam
556 1845 621 1866 una
645 1845 788 1876 quaeque
806 1839 958 1865 matrona

264 1887 353 1917 domi
370 1886 433 1917 sibi
446 1886 623 1916 adversum
634 1885 759 1915 lectum
771 1884 959 1915 sternebat.

264 1936 426 1966 Laberius
453 1936 484 1966 in
518 1934 792 1975 Compitalibus:
830 1938 839 1951 ‘
860 1933 960 1964 Nune

265 1986 378 2015 lentus
404 1994 439 2015 es
465 1990 513 2021 tu,
532 1993 621 2015 nunc
649 1988 685 2014 tu
709 1992 833 2024 susque
852 1982 964 2023 deque

267 2034 336 2065 fers
353 2046 360 2063 τ
385 2033 644 2065 Materfamilias
661 2038 720 2065 tua
743 2033 777 2063 in
801 2034 892 2064 lecto
906 2032 964 2063 ad·

267 2095 365 2116 vorso
396 2085 501 2119 sedet,
530 2085 642 2115 Servis
667 2093 726 2115 sex
749 2084 862 2123 tantis,
889 2092 963 2114 ver·

267 2136 355 2166 uulis
386 2134 548 2166 nefariis!
594 2135 670 2166 Hoc
701 2138 765 2174 est,
790 2143 875 2165 uxor
904 2138 964 2164 tua

267 2186 350 2218 foeta
367 2187 410 2218 de
427 2196 519 2218 more
540 2186 575 2216 in
599 2186 739 2216 adverso
764 2186 851 2217 lecto
867 2184 964 2215 sedet

270 2237 480 2268 adstantibus
513 2235 770 2277 improbissimis
798 2235 962 2266 servulis:

270 2297 380 2328 neque
397 2287 577 2327 suspicaris
595 2287 636 2317 de
654 2290 782 2326 stupro.
825 2286 964 2316 Sterne-

270 2337 370 2368 batur
387 2337 489 2368 etiam
511 2337 621 2367 lectus
641 2335 715 2366 Diis
737 2334 965 2376 conjugalibus

269 2387 428 2418 Pilumno
465 2392 499 2417 et
534 2387 711 2417 Picumno.
766 2384 899 2416 Servius
931 2384 964 2414 in

272 2438 424 2470 schedis:
463 2437 597 2468 ‘Varro
625 2437 815 2467 Pilumnum
846 2440 881 2466 et
910 2435 967 2466 Pi-

273 2497 431 2520 cumnum
461 2486 637 2518 infantium
668 2487 762 2517 Deos
791 2495 865 2516 esse
896 2485 965 2515 ait:

273 2538 390 2579 eisque
407 2547 468 2578 pro
491 2546 661 2578 puerpera
686 2537 810 2567 lectum
831 2536 862 2565 in
880 2535 966 2565 atrio

274 2589 391 2623 sterni,
408 2587 486 2618 dum
503 2586 712 2627 exploretur,
727 2596 768 2616 an
786 2585 896 2617 vitalis
911 2585 966 2620 sit,

276 2638 333 2677 qui
352 2643 450 2669 natus
471 2636 547 2668 est!
591 2637 762 2676 Intelligit
784 2640 895 2667 autem
920 2636 970 2665 lo-

276 2696 351 2718 cum
366 2686 527 2718 Varronis
544 2686 631 2718 hunc
647 2695 690 2717 ex
705 2685 764 2717 lib.
780 2694 822 2717 11.
842 2685 883 2716 de
899 2684 968 2716 vita

1010 1480 1073 1511 Po.
1089 1480 1185 1510 Rom.
1210 1479 1220 1496 ‘
1238 1478 1346 1509 Natus
1371 1476 1397 1507 si
1425 1479 1500 1506 erat
1529 1473 1708 1511 vitalis,ac

1010 1530 1163 1561 sublatus
1191 1529 1233 1559 ab
1265 1526 1467 1563 obstetrice,
1495 1523 1709 1555 statuebatur

1010 1580 1044 1611 in
1060 1585 1163 1618 terra,
1180 1583 1218 1609 ut
1233 1577 1471 1617 auspicaretur
1487 1579 1601 1605 rectus
1614 1582 1685 1603 esse
1702 1582 1710 1603 ε

1010 1630 1083 1660 Diis
1100 1627 1332 1669 conjugalibus
1342 1625 1502 1657 Pilumno
1519 1628 1555 1654 et
1570 1623 1708 1653 Picum-

1011 1689 1053 1711 no
1069 1679 1102 1710 in
1119 1678 1248 1710 aedibus
1265 1679 1373 1708 lectus
1390 1672 1633 1707 sternebatur!
1657 1673 1711 1703 Ex

1011 1730 1133 1773 quibus
1149 1733 1305 1770 apparet,
1322 1728 1422 1759 alium
1447 1727 1571 1758 lectum
1593 1725 1710 1755 adver-

1013 1792 1084 1814 sum
1099 1790 1185 1821 esse,
1203 1781 1303 1812 alium
1315 1789 1404 1819 erun,
1423 1779 1479 1820 qui
1502 1778 1662 1809 Pilumno
1678 1780 1713 1808 et

1012 1833 1178 1864 Picumno
1191 1830 1423 1862 sternebatur.
1468 1829 1579 1860 Nemo
1590 1832 1644 1858 est
1656 1836 1715 1857 an-

1014 1881 1180 1922 tiquitatis
1209 1881 1310 1921 paulo
1339 1878 1531 1916 studiosior,
1560 1877 1615 1918 qui
1645 1886 1712 1908 non

1016 1932 1066 1962 his
1085 1930 1244 1961 redivivis
1271 1929 1364 1960 Festi
1392 1928 1541 1969 reliquiis
1563 1927 1713 1961 laetetur,

1018 1978 1208 2021 praesertim
1244 1979 1288 2010 de
1325 1978 1467 2009 adverso
1500 1977 1592 2008 lecto
1623 1976 1714 2016 apud

1018 2030 1239 2071 Propertium
1255 2041 1262 2060 :
1287 2029 1375 2070 quod
1398 2029 1560 2059 hactenus
1578 2037 1597 2057 a
1612 2026 1715 2056 nemi-

1019 2090 1061 2111 ne
1078 2079 1259 2111 indicatum
1270 2077 1393 2110 fuerat.
1415 2079 1485 2108 Jos.
1503 2077 1587 2108 Scal.

1058 2136 1071 2151 ⁰
1095 2126 1266 2169 Pegasum]
1293 2129 1333 2160 In
1345 2128 1477 2160 schedis
1490 2132 1566 2168 post
1573 2126 1716 2164 formosa

1017 2180 1099 2211 nihil
1129 2180 1271 2221 amplius
1297 2183 1452 2220 apparet,
1476 2182 1606 2208 certum
1638 2181 1713 2207 est:

1017 2231 1121 2271 igitur
1148 2240 1222 2271 quae
1258 2233 1445 2270 sequuntur
1483 2226 1617 2258 aliunde
1651 2228 1715 2257 huc

1018 2289 1092 2311 esse
1110 2280 1286 2311 translata.
1331 2279 1419 2309 Duae
1437 2277 1572 2318 quidem
1586 2280 1715 2317 postre-

1018 2340 1081 2361 mae
1110 2330 1210 2360 lineae
1243 2329 1416 2370 pertinent
1445 2326 1487 2357 ad
1521 2326 1715 2366 ‘pedestria

1021 2379 1193 2420 auspicia‚'
1208 2378 1296 2420 quod
1314 2382 1347 2409 et
1364 2376 1451 2407 vidit
1472 2376 1635 2415 Scaliger.
1662 2376 1715 2405 De

1021 2431 1154 2470 Pegaso
1169 2434 1248 2460 nota
1271 2428 1407 2460 fabula:
1432 2426 1528 2457 ἵππον
1548 2424 1716 2465 πτερόεντα

1023 2486 1120 2513 vocat
1140 2481 1279 2512 Pindar.
1325 2479 1369 2510 Et
1382 2478 1505 2509 alatum
1521 2487 1597 2507 eum
1616 2486 1716 2517 prop·

1021 2535 1074 2562 ter
1102 2531 1176 2571 ejus
1205 2529 1422 2560 velocitatem
1452 2527 1595 2558 fabulati
1627 2531 1716 2561 sunt,

1021 2591 1125 2623 quare
1144 2581 1311 2612 Homerus
1335 2579 1435 2610 etiam
1453 2587 1590 2620 semper
1610 2586 1715 2619 equos

1021 2631 1169 2664 πέτεσθαι
1187 2631 1281 2663 dicit.
1305 2630 1386 2661 Dae.
