1876 3025
288 181 352 210 DE
385 177 660 210 VERBORUM
695 174 1102 208 SIGNIFICATIONE
1137 174 1232 203 LlB.
1266 172 1391 203 XVII.

1480 161 1564 203 845

169 275 288 331 quod
330 274 502 316 videtur
523 272 690 313 AEneas
722 269 989 320 condidisse,
1020 268 1259 323 praeposito
1291 265 1353 308 ibi
1385 265 1564 318 Egesto,

169 345 243 398 qui
281 357 378 384 eam
414 341 620 394 Egestam
655 340 915 381 nominavit.

976 338 1062 379 Sed
1097 335 1344 390 praeposita
1375 340 1443 375 est.
1473 335 1511 373 ei
1543 347 1564 373 s

167 413 314 461 litera,
345 424 399 451 ne
427 410 640 451 obscoeno
672 409 848 449 nomine
881 402 1206 460 appellaretur,i
1238 408 1283 444 ut
1312 403 1475 444 factum
1498 404 1566 441 est

166 480 210 523 in
235 475 523 527 Malevento,k
554 476 671 531 quod
705 476 1008 517 Beneventum
1031 473 1195 514 dictum
1221 474 1300 521 est,
1323 475 1367 510 et
1389 470 1432 510 in
1456 468 1564 521 Epi-

169 544 358 596 damno,¹
388 546 508 600 quod
530 547 795 598 usurparunt
818 541 1154 597 Dyrrhachium.

113 616 316 668 Segnitia
328 620 353 636 “¹
381 613 531 654 dicitnr
552 611 661 669 quod
676 611 760 652 sine
782 611 944 651 nitendo
965 608 1068 665 quid
1088 607 1201 658 utile,
1219 612 1293 647 aut
1315 606 1567 647 honestum.

169 684 432 725 Terentius:
467 681 686 722 Enimvero
708 678 813 720 nihil
833 678 908 719 loci
930 685 986 718 est
1007 676 1224 731 segnitiae,
1245 687 1385 728 neque
1418 685 1568 713 socor-

172 751 261 791 diae.

115 819 313 872 Segnitia
332 819 504 867 dicitur,
525 817 647 873 quod
670 817 763 858 sine
784 814 961 856 nitendo
982 810 1088 867 quid
1123 810 1240 861 utile,
1267 814 1343 850 aut
1389 808 1567 858 [mm.

172 887 412 928 honestum.
471 886 736 927 Terentius:
769 883 1022 931 Enimvero,
1047 879 1199 921 Dave!
1236 877 1342 918 nihil
1374 876 1461 917 loci
1500 880 1569 916 est

173 955 390 1008 segnitiae,
410 967 554 1007 neque
577 952 812 993 socordiae.

116 1023 420 1077 Seliquastra‚¹¹
451 1034 584 1074 genus
607 1019 822 1061 sedilium.

769 1153 912 1185 NOTAE

118 1237 278 1274 pervetus
295 1233 327 1262 in
353 1231 480 1272 Sicilia,
495 1230 651 1270 Judioes,
668 1230 756 1272 quod
776 1230 818 1261 ab

119 1285 223 1316 AEnea
239 1282 391 1324 fugiente
410 1293 428 1314 a
448 1283 565 1323 Troja,
582 1287 683 1323 atque
699 1283 730 1312 in
747 1282 820 1312 liaec

116 1336 192 1366 loca
208 1335 377 1372 veniente,
394 1333 568 1364 conditum
594 1343 666 1363 esse
683 1333 818 1363 demon-

117 1384 250 1416 strant!
306 1385 379 1415 Cic.
412 1393 464 1415 tv.
494 1385 526 1414 111
559 1384 658 1415 Verr.
699 1383 818 1423 Virgil.

117 1436 283 1467 Acestam
307 1435 462 1466 nominat
486 1435 529 1465 ab
557 1434 688 1466 Aceste
720 1444 819 1475 quem

118 1486 167 1517 ibi
194 1486 319 1517 AEneas
348 1485 508 1525 reliquit:
533 1489 541 1502 ‘
562 1485 687 1516 Urbem
706 1485 820 1525 appel-

118 1536 236 1567 labant
267 1535 430 1576 permisso
460 1536 595 1566 nomine
635 1533 820 1566 Acestam!

118 1588 247 1618 Verum
264 1586 387 1617 Strabo
403 1587 462 1617 lib.
480 1595 531 1617 Vi.
553 1596 626 1617 eam
650 1586 820 1616 conditam

121 1639 226 1669 docet
257 1638 298 1669 ab
324 1638 364 1668 iis
387 1638 442 1678 qui
470 1648 546 1668 cum
576 1637 772 1668 Philocteta
788 1637 820 1667 111

121 1698 238 1727 agrum
256 1688 490 1719 Crotoniatum
508 1693 690 1724 venerunt,
712 1689 821 1717 missis

122 1740 165 1769 ab
189 1749 231 1770 eo
257 1740 291 1769 in
313 1739 462 1770 Siciliam
491 1748 566 1769 cum
584 1738 823 1778 AEgesta'sro·

116 1790 209 1830 jano.
256 1790 307 1820 De
321 1789 457 1820 AEceste
471 1793 581 1818 autem
599 1789 668 1818 sive
684 1788 824 1828 AEgesta

123 1850 223 1881 quern
253 1840 368 1880 Sylvia
396 1840 525 1878 Egesta
551 1839 716 1879 Hippotae
743 1839 824 1869 Tro-

118 1892 189 1933 jani
214 1891 296 1928 filia,
321 1901 339 1921 a
365 1890 507 1922 Crimiso
531 1900 629 1920 amne
656 1890 688 1920 in
706 1899 824 1920 canem

123 1948 256 1973 mutato
282 1951 489 1982 compressa,
512 1940 658 1971 edidisse
685 1940 825 1981 dicitur,

123 1993 177 2024 hic
208 1994 303 2033 piget
333 1991 472 2022 referre.
526 1991 628 2027 Vide,
660 1991 687 2021 si
718 1990 825 2031 lubet,

124 2044 219 2075 Serv.
237 2044 277 2074 ad
297 2052 320 2074 1.
338 2043 470 2074 AEneid.
499 2046 549 2074 10.
575 2045 651 2074 554.
697 2043 742 2073 Et
769 2043 826 2073 lib.

125 2097 225 2126 v.30.
250 2100 284 2125 et
311 2095 454 2125 Salmas.
478 2094 512 2125 in
536 2094 638 2124 Solin.
664 2104 696 2134 p.
710 2096 740 2124 3.
782 2093 826 2123 Il-

124 2146 182 2176 lud
202 2150 349 2185 constat,
363 2146 537 2184 Segestem
554 2144 671 2174 urbem
689 2144 722 2174 iu
739 2143 826 2174 colle

125 2197 223 2226 sitam
250 2194 368 2235 fuisse,
385 2201 421 2226 ut
450 2205 567 2226 omues
583 2194 656 2226 fere
673 2200 827 2225 veterum

124 2246 321 2277 Sicanorum
347 2246 460 2277 urbes.
509 2247 619 2277 Fazel.
643 2245 777 2278 Decad.
803 2255 828 2276 1.

125 2296 183 2326 lib.
202 2306 268 2326 vu.
293 2306 366 2336 cap.
391 2299 424 2327 3.
470 2297 636 2336 ‘Segesta
666 2297 745 2326 urbs
773 2306 828 2326 ve-

128 2351 230 2385 tusta,
248 2346 279 2376 in
297 2347 382 2377 colle
398 2346 548 2386 undique
578 2352 751 2386 praerupto
774 2346 829 2385 ja-

132 2395 233 2427 cens.’
280 2396 380 2428 Unde
407 2407 482 2427 eam
516 2396 744 2427 Doctis=i1nus
763 2397 829 2426 Βο-

129 2447 266 2477 chartus
284 2455 350 2477 non
376 2447 417 2477 ab
434 2446 561 2477 Aceste
588 2447 658 2477 sive
681 2446 832 2486 AEgesta,

129 2497 187 2527 sed
205 2507 224 2527 a
241 2497 372 2529 Punico
394 2497 549 2528 Sakkesta
570 2497 698 2528 dictam
717 2502 829 2538 putat.

129 2548 227 2580 Idem.

173 2597 181 2617 ¹
208 2599 256 2628 Ne
271 2598 403 2628 obscoeno
423 2598 545 2628 nomine
569 2596 654 2638 (1111),]
680 2598 830 2638 Propter

132 2649 387 2687 similitudinem
417 2649 548 2678 scilicet
578 2650 670 2679 vocis
701 2649 830 2688 Egesta,

131 2706 167 2730 et
184 2700 330 2739 Egestas,
346 2704 528 2739 paupertas
544 2709 550 2727 :
568 2699 758 2729 obscoennm
775 2710 830 2730 311-

133 2756 213 2785 tem,
241 2750 363 2789 dirum,
387 2748 585 2780 iufaustum.
610 2750 618 2765 ‘
634 2750 829 2781 Obscoenae-

873 1238 937 1269 que
956 1226 1135 1258 volucres!
1152 1225 1244 1265 Virg.
1268 1226 1366 1256 Idem.

913 1279 928 1300 k
956 1279 1133 1317 Ulfnctum
1155 1281 1199 1308 est
1217 1278 1248 1307 in
1266 1273 1462 1314 Mala-ento]
1485 1272 1572 1303 Vide

871 1331 880 1347 ‘
895 1328 1152 1362 Beneventum!
1176 1326 1273 1358 Idem.

914 1383 922 1404 ¹
948 1385 989 1415 Et
1021 1383 1053 1413 in
1083 1379 1274 1422 Epidamno]
1309 1378 1404 1408 Mela
1433 1375 1475 1407 de
1506 1376 1573 1406 situ

871 1435 960 1466 orbis
979 1434 1035 1465 lib.
1064 1442 1104 1464 11.
1130 1441 1206 1472 cap.
1224 1433 1255 1461 3.
1279 1428 1444 1460 ‘Urbium
1469 1428 1574 1467 prima

871 1491 922 1517 est
947 1486 1100 1524 Oricum,
1130 1481 1281 1513 secunda
1308 1477 1572 1520 Dyrrhachium,

872 1537 1081 1578 Epidamnos
1110 1540 1189 1565 ante
1214 1537 1298 1564 erat.
1343 1529 1490 1560 Romani
1518 1538 1575 1558 no-

873 1598 950 1619 men
979 1592 1170 1620 mutavere.
1200 1584 1279 1624 quia
1303 1582 1396 1612 velut
1419 1580 1452 1610 in
1480 1579 1574 1609 dam,

873 1648 953 1670 num
970 1638 1081 1675 ituris,
1098 1645 1194 1666 omen
1215 1633 1247 1664 id
1267 1632 1373 1663 visum
1391 1629 1466 1660 est.7
1506 1628 1576 1658 Ve-

874 1698 946 1718 rum
965 1687 1007 1717 de
1025 1683 1312 1726 appellationibus
1337 1678 1518 1720 Epidamni
1542 1684 1577 1708 et

876 1738 1089 1778 Dyrrhachii,
1104 1736 1180 1766 vide
1199 1739 1326 1775 praeter
1346 1732 1429 1762 alios
1454 1729 1575 1760 Dionis

875 1789 986 1819 locum
1005 1787 1221 1825 singularem,
1237 1783 1293 1814 lib.
1310 1791 1382 1814 xm.
1404 1781 1503 1811 Idem.

919 1843 941 1859 ¹¹¹
965 1835 1125 1877 Segnitz'a]
1139 1836 1279 1866 Terent.
1291 1834 1325 1864 111
1339 1831 1482 1863 Andria.
1496 1830 1576 1860 Ant.

877 1890 963 1929 Aug.

921 1939 1160 1979 Segnitia...]
1193 1935 1318 1968 Omnia
1349 1936 1508 1964 constant
1537 1940 1578 1960 ex

879 1991 1027 2030 Epitom.
1042 1989 1282 2020 distinctione:
1303 1991 1415 2016 tamen
1430 1984 1520 2013 locus
1532 1982 1580 2011 ita

873 2041 1049 2082 juvandus
1066 2045 1140 2070 est:
1170 2038 1260 2073 Quod
1283 2036 1349 2066 sine
1366 2034 1490 2065 nitendo
1507 2032 1579 2072 quid

878 2092 955 2122 utile
980 2095 1033 2121 aut
1051 2091 1227 2121 honestum?
1255 2096 1330 2117 cum
1348 2083 1583 2121 iuterrogatio-

879 2143 929 2173 nis
946 2149 1038 2173 nota.
1073 2141 1236 2180 Segnitiae
1254 2149 1272 2170 a
1287 2148 1330 2178 se,
1346 2137 1409 2167 hoc
1426 2141 1492 2172 est,
1504 2134 1581 2171 513119,

880 2200 914 2225 et
941 2195 1038 2227 nitor,
1070 2197 1106 2223 ut
1134 2191 1240 2231 seg-nis
1271 2190 1404 2220 dicatur
1427 2187 1481 2227 qui
1514 2194 1578 2214 non

880 2244 1000 2275 nititur
1022 2244 1063 2273 ad
1089 2243 1120 2273 id
1151 2241 1239 2283 quod
1265 2240 1350 2270 utile
1377 2242 1429 2268 est
1452 2244 1511 2266 aut
1529 2236 1583 2264 lio.³

881 2300 1027 2325 nestum.
1074 2293 1187 2323 Locus
1209 2292 1347 2321 Terent.
1377 2293 1430 2318 est
1461 2292 1525 2316 act.
1558 2294 1584 2314 1.

881 2354 930 2376 sc.
947 2348 978 2375 3.
1006 2343 1081 2374 vid.
1097 2345 1106 2359 ‘
1120 2338 1296 2373 secordia.'
1324 2338 1451 2369 Eadem
1470 2342 1582 2366 mente

881 2395 971 2435 apud
990 2395 1166 2433 Plautum,
1183 2391 1316 2423 Asinar.
1350 2394 1356 2405 ‘
1371 2389 1459 2420 Quin
1479 2394 1513 2417 tu
1533 2396 1584 2416 sou

883 2445 1030 2476 cordiam
1059 2453 1189 2473 omnem
1214 2442 1328 2482 rejice,
1345 2444 1380 2470 et
1402 2437 1582 2477 segnitiam

884 2496 1024 2528 amove.’
1048 2496 1128 2526 Duc.

927 2551 941 2566 ¹¹
966 2545 1175 2586 seliquastra]
1217 2545 1287 2575 Pro
1314 2543 1514 2581 sediquustrn.
1552 2538 1583 2567 1--

885 2597 959 2627 dem
978 2598 1076 2626 Varr.
1100 2596 1157 2626 lib.
1173 2605 1225 2626 iv.
1248 2594 1290 2624 de
1316 2594 1352 2623 L.
1379 2593 1419 2622 L.
1451 2591 1459 2605 ⁶
1475 2590 1515 2619 ab
1534 2598 1584 2617 sen

885 2648 997 2678 dendo
1022 2648 1240 2687 appellantur
1264 2645 1373 2680 sedes,
1400 2640 1517 2678 sedilc7
1535 2648 1585 2667 se-

886 2697 990 2736 dum,’
1007 2698 1111 2737 (bene
1129 2698 1183 2726 alii
1201 2696 1341 2733 sollium)
1364 2692 1487 2728 ‘sella-5
1512 2690 1585 2720 scli-

887 2748 1087 2790 quastrum.’
1110 2748 1208 2777 Idem.
