1876 3025
72 1651 76 1656 1
126 1606 248 1636 herent
265 1604 401 1635 rhedas.
446 1604 491 1634 Et
507 1603 570 1634 hoc
589 1604 735 1644 Etymon
753 1612 830 1634 con—

185 214 247 244 DE
284 209 559 242 VERBORUM
593 203 1008 239 SIGNIFIGATIONE
1045 203 1142 232 [ΑΒ.
1166 201 1393 232 ΧῙΧ.ΧΧ.
1455 190 1566 232 1003

116 307 307 351 Veredis
322 307 355 330 ¹8
370 304 385 328 ¹<
407 304 578 358 antiqui
598 303 818 352 dixerunt,
837 300 959 355 quod
979 298 1185 341 veherent
1205 296 1379 346 rhedas,
1404 295 1567 350 [FEs'r.

172 375 219 416 id
242 378 321 424 est,
344 372 562 413 ducerent.

115 441 328 494 Vergiliae
345 437 400 472 ¹9¹
429 439 575 488 dictae,
598 437 700 491 quia
722 449 872 477 earum
891 438 986 475 ortu
1008 446 1082 475 ver
1101 432 1261 482 finitur,
1284 435 1328 472 et
1350 434 1483 471 aestas
1503 430 1569 470 in-

174 509 298 561 cipit.

117 576 328 627 Vergiliae
352 575 500 623 dictae,
529 571 650 626 quod
675 584 826 613 earum
846 574 943 610 ortu
967 581 1040 610 ver
1060 568 1185 608 finem
1206 566 1328 607 facit.
1389 564 1569 618 [PAUL.

118 642 367 683 Verminam
399 642 601 683 dicuntur
636 640 808 681 dolores
842 637 1040 690 corporis
1062 649 1161 676 cum
1182 633 1376 688 quodam
1401 632 1572 672 minuto

173 715 309 760 motu,
343 710 472 763 quasi
504 722 532 749 a
565 707 783 749 vermibus
815 705 1117 747 soi11daturz20
1148 702 1219 744 hic
1255 702 1379 743 dolor
1416 699 1573 741 Graece

175 779 335 833 crpossbg
356 778 533 818 dicitur.

121 845 277 887 Vernae
317 845 601 900 appellantur
637 855 695 883 ex
728 841 904 882 ancillis
941 840 1104 881 civium
1140 838 1437 879 Romanorum
1474 846 1574 874 vere

179 914 287 963 nati,
314 912 431 966 quod
455 916 633 964 tempus
653 909 753 950 anni
774 909 967 949 maxime
987 906 1187 948 naturale
1210 905 1385 947 foeturae
1409 906 1488 943 est.

121 979 322 1030 Vernae,n
354 979 429 1033 qui
450 979 495 1019 in
516 977 634 1019 villis
655 989 757 1017 vere
779 976 889 1025 nati,
910 975 1031 1029 quod
1053 977 1243 1027 tempus,
1265 972 1378 1013 duee
1412 970 1577 1024 [Festa

731 1117 808 1129 ‘tec
814 1116 947 1129 “eet“
959 1116 962 1120 ¹

166 1224 208 1253 18
230 1221 291 1252 Vir
307 1220 399 1252 doct.
416 1220 448 1250 in
466 1229 572 1259 marg.
593 1218 646 1250 ed.
671 1219 761 1249 Seal.
785 1218 874 1258 conj.
895 1218 1127 1249 Venerius—19
1151 1214 1219 1246 Alii
1238 1213 1480 1253 Virgilz'oe.—20
1503 1209 1582 1239 ‘In-

124 1266 242 1304 telligo
259 1273 338 1295 saue
364 1273 404 1294 ea
430 1263 586 1300 tormina,
615 1271 755 1303 quorum
776 1262 807 1291 vi
831 1262 1002 1300 crispetur
1025 1268 1162 1298 corpus,
1191 1263 1225 1289 et
1249 1256 1403 1288 undatim
1426 1253 1584 1284 fluctuet.

126 1309 290 1339 Fortassis
306 1306 409 1346 igitur
424 1306 527 1336 verba
546 1306 640 1336 Festi
657 1309 734 1335 sunt
752 1305 800 1335 ita
817 1302 1049 1335 emendanda:
1068 1322 1076 1331 .
1090 1324 1097 1332 .
1111 1322 1118 1330 .
1129 1311 1198 1332 cum
1213 1302 1342 1340 quodam
1357 1298 1473 1329 minuto
1490 1298 1585 1332 motu,

125 1351 226 1424 qzttiallis
241 1361 259 1381 α
272 1350 426 1380 vermibus
440 1349 570 1380 cientur.
616 1348 801 1379 Committe
829 1347 965 1388 poetam
982 1350 1133 1376 nostrum
1152 1344 1194 1374 ad
1213 1352 1267 1374 111.
1283 1341 1371 1373 721.¹
1402 1338 1583 1379 Wakefield.

128 1405 145 1425 a
213 1397 311 1424 acret.
331 1403 363 1424 v.
381 1395 457 1423 995.

786 1487 930 1519 NOTAE

171 1554 184 1574 Κ
206 1553 350 1594 Veredz's]
368 1551 758 1593 Quasiveheredz's‚q11od
774 1561 829 1582 ve·
886 1560 961 1582 cum
989 1549 1116 1581 factum
1140 1551 1214 1579 est:
1241 1546 1288 1577 ita
1303 1544 1364 1576 fit:
1392 1544 1437 1574 ita
1453 1551 1589 1582 semper

887 1601 983 1632 solet.
1032 1602 1185 1631 Decumo
1214 1606 1328 1627 mense
1357 1595 1491 1624 demum
1519 1598 1588 1623 tur-

128 1655 239 1687 firmat
255 1655 343 1696 quod
359 1655 436 1686 olim
454 1664 571 1686 cursus
590 1654 743 1694 publicus
758 1658 833 1685 erat
888 1660 970 1691 gens
987 1648 1208 1685 verminatur,
1222 1644 1391 1687 parturit!
1414 1644 1502 1674 Sane
1516 1642 1590 1681 pul-

130 1706 343 1737 vehicularis.
364 1705 507 1736 Sueten.
526 1704 736 1744 A11gust.49.
760 1704 833 1734 Sal-

128 1757 233 1787 masio
264 1765 343 1786 vero
374 1755 464 1786 aliud
501 1755 628 1795 placet,
658 1763 781 1795 nempe
814 1764 834 1785 a

130 1807 254 1838 Graeco
270 1805 380 1847 βέῤῥης
394 1811 453 1837 aut
465 1804 569 1845 βέρης,
584 1805 726 1845 βέρητος,
743 1804 832 1846 quod

129 1856 322 1898 fugitivum,
360 1855 517 1896 fugacem
554 1855 735 1895 significat,
760 1854 833 1886 fieri

130 1909 269 1939 veredus.
310 1907 375 1938 Sed
394 1906 492 1937 nimis
510 1906 699 1936 ambitiose.
741 1905 833 1936 Vere-

131 1958 188 1988 dus
201 1958 310 1997 primo
323 1956 435 1988 dictus
444 1966 551 1998 equus
566 1965 641 1986 cum
655 1955 836 1993 curriculo,

132 2007 271 2046 deinde,
287 2017 361 2038 cum
379 2006 514 2038 scilicet
528 2005 623 2046 equis
641 2005 779 2045 singulis
794 2005 836 2035 ad

133 2067 268 2089 cursum
287 2057 458 2097 publicum
477 2056 526 2086 uti
550 2056 731 2096 coeperint,
758 2055 838 2095 equi

131 2109 236 2139 veredi
261 2107 356 2139 dicti.
402 2106 555 2138 Martial.
577 2105 638 2138 lib.
671 2114 743 2137 xn.
774 2107 839 2145 Ep.

135 2161 186 2190 14.
222 2160 231 2175 ⁴
250 2158 392 2188 Parcius
408 2157 514 2188 utaris
535 2165 656 2187 moneo
682 2156 836 2198 rapiente

136 2208 283 2241 veredo.’
308 2209 407 2239 Idem.

179 2258 187 2279 ¹
207 2258 372 2299 Vergilioe]
387 2257 488 2291 Quod
505 2262 659 2289 extremo
678 2267 756 2288 vere
773 2257 838 2288 ori-

138 2316 249 2342 antur.
295 2309 364 2340 Alii
382 2308 531 2347 virgffloe,
549 2308 637 2348 quod
657 2309 689 2339 in
702 2307 839 2338 modum

136 2361 277 2401 virgulae
296 2359 526 2400 porrigantur.
564 2359 653 2389 Nam
671 2362 707 2389 et
719 2357 840 2388 eodem

138 2412 237 2443 modo
254 2422 272 2442 a
288 2410 395 2451 figura
412 2410 526 2450 βότρυς
542 2420 561 2440 a
576 2409 710 2441 Graecis
727 2410 841 2450 appel-

136 2463 263 2502 lantur,
288 2461 378 2502 quod
404 2461 604 2492 racematim
624 2460 744 2500 positae
764 2459 842 2490 sint.

141 2512 237 2543 Idem.

182 2567 205 2582 ¹¹¹
234 2561 394 2601 Vermina]
433 2560 598 2591 Vermina
628 2564 723 2591 recte
752 2558 844 2599 στρό-

144 2618 219 2651 φους
246 2612 361 2642 vertit.
408 2610 497 2641 Nam
525 2620 598 2650 quae
630 2614 749 2650 postea
778 2616 845 2641 tor-

142 2664 244 2700 mina,
261 2663 352 2703 prius
377 2661 531 2692 vermina
554 2661 741 2692 vocabant:
767 2660 845 2691 inde

146 2713 348 2751 verminare,
365 2711 510 2743 tormina
524 2711 607 2750 pati·
636 2711 847 2751 Pomponius

145 2764 264 2795 hernia
279 2763 412 2804 Pappi:
437 2768 443 2780 ⁶
459 2762 631 2793 Decumus
647 2762 769 2793 mensis
784 2766 848 2801 est,

888 1710 956 1738 sus,
986 1699 1042 1740 qui
1075 1696 1215 1728 medicis
1246 1694 1389 1734 σφυγμὸς
1417 1692 1592 1732 μυρμηκιῶν

892 1750 1028 1789 dicitur,
1065 1748 1158 1779 nulla
1196 1744 1444 1783 controversia,
1486 1744 1592 1783 pulsus

891 1802 1066 1832 ver-minans
1103 1799 1171 1830 dici
1212 1802 1340 1838 potest.
1401 1793 1591 1825 Martialis:

891 1856 899 1869 ⁴
917 1852 950 1883 Si
975 1850 1035 1882 tibi
1062 1859 1197 1880 morosa
1226 1846 1401 1888 prurigine
1429 1844 1594 1875 verminat

893 1901 1003 1933 auris:
1026 1902 1093 1931 Jos.
1109 1900 1193 1931 Scal-

940 1950 1103 1990 Vermina]
1127 1947 1335 1981 Lucretdib.
1354 1956 1385 1978 v.
1409 1947 1418 1964 ‘
1432 1944 1597 1977 Vermina

892 2001 1006 2033 saeva'
1036 2000 1156 2031 eadem
1182 2004 1218 2029 et
1243 1997 1402 2028 tormina.
1451 1995 1598 2027 Vermina

892 2058 1005 2083 autem
1024 2056 1058 2082 et
1074 2060 1198 2080 vermen
1213 2058 1230 2078 a
1241 2048 1403 2082 vertendo,
1414 2050 1450 2077 ut
1465 2044 1597 2076 Graecis

895 2102 1033 2144 στροφὸς
1050 2112 1067 2132 a
1082 2098 1217 2140 στρέφω,
1233 2103 1342 2129 verto.
1385 2096 1472 2128 Inde
1488 2095 1600 2126 vermi·

890 2164 966 2185 nare
992 2158 1028 2184 et
1058 2150 1228 2183 verminari
1256 2159 1318 2191 pro
1343 2148 1490 2180 tormina
1515 2146 1599 2186 pati.

893 2205 1105 2244 Pomponius
1138 2202 1255 2232 hernia
1284 2200 1422 2241 Pappi:
1459 2200 1468 2216 ‘
1487 2199 1602 2229 Decu-

893 2265 967 2286 mns
985 2254 1109 2286 mensis
1132 2259 1199 2294 est,
1215 2261 1290 2283 cum
1307 2250 1434 2281 factum
1452 2253 1505 2280 est
1522 2259 1528 2277 :
1554 2249 1601 2278 ita

893 2305 953 2336 fit:
975 2306 1025 2336 ita
1042 2313 1176 2344 semper
1192 2303 1289 2334 solet.
1314 2303 1470 2332 Decumo
1487 2307 1601 2330 mense

895 2355 1030 2386 demum
1045 2360 1184 2394 turgens
1197 2351 1419 2390 vei-minatur,
1434 2348 1603 2390 parturit.nl

896 2406 978 2436 Duc.

945 2461 959 2476 n
989 2454 1117 2493 Vernce]
1163 2451 1286 2482 Primis
1318 2449 1541 2490 temporibus,
1568 2453 1603 2477 ur

898 2505 1027 2545 optime
1046 2508 1142 2534 notat
1166 2502 1298 2539 Festus,
1314 2510 1425 2530 vernae
1450 2499 1606 2529 diceban-2

899 2562 956 2588 tur
986 2554 1051 2595 ipsi
1087 2551 1227 2584 Romani
1258 2552 1354 2591 (prasi
1385 2549 1501 2580 eodem
1531 2549 1604 2578 loco

900 2606 980 2639 nati.
1031 2606 1146 2638 Quare
1182 2604 1215 2633 in
1255 2603 1367 2632 Sacris
1392 2599 1605 2637 '1¹iburtibus‚

902 2666 1045 2698 quorum
1065 2663 1202 2685 carmen
1221 2651 1320 2683 affert
1339 2651 1485 2687 Servius,
1502 2649 1605 2679 Curio

906 2707 1075 2739 junonem
1093 2704 1139 2734 sic
1157 2701 1386 2743 precabatur:
1414 2702 1421 2715 ⁶
1436 2699 1527 2731 Juuo
1542 2698 1606 2727 (ju—t

906 2757 990 2791 ritis,
1008 2761 1065 2787 tuo
1082 2762 1182 2786 curru
1199 2752 1389 2792 clypeoque
1408 2755 1502 2780 tuere
1516 2757 1606 2779 meos
