1876 3025
627 129 989 161 FRAGMENTUM.
1419 115 1528 156 1151

87 227 246 276 carnis,
267 224 435 280 proprii
457 224 689 280 cujusdam
709 225 901 274 habitus,
924 235 1051 272 exos,
1080 234 1167 276 qua
1200 220 1329 261 etiam
1364 221 1532 274 antiqui

85 309 161 349 per
181 309 227 335 se
250 295 494 334 utebantur.
556 294 744 333 Plautus
766 291 1071 332 enumerandis
1093 289 1230 331 villis¹
1265 288 1465 328 obsoniis
1487 290 1533 328 in

89 362 359 403 Carbonaria
394 362 456 401 sic
488 374 544 400 m.
606 360 700 413 Ego
724 372 920 413 pernam,
953 371 1123 406 sumen,
1157 369 1305 397 sueres
1329 355 1535 408 spectile,

88 431 288 483 galium,²
309 429 499 481 glandia.
562 428 704 481 Spicit
731 439 863 480 quoq.
886 428 980 466 sine
1001 424 1316 478 praepositione
1334 423 1537 462 dixerunt

90 497 277 551 antiqui.
339 496 528 537 Plautus
547 509 556 536 :
592 495 826 547 Flagitium
860 498 942 542 est,
979 494 1018 533 si
1057 492 1161 533 nihil
1196 493 1409 540 mittetur,
1439 501 1537 542 quae

92 565 337 618 superclio³
373 565 519 617 spicit,
542 566 585 604 et
611 563 774 616 spexit.
834 561 1001 602 Ennius
1031 559 1061 600 1.
1084 571 1152 601 VI.
1214 557 1342 608 Quos
1362 557 1440 597 ubi
1460 568 1538 596 rex

478 632 550 672 ulo
573 630 724 684 spexit
744 629 798 669 de
816 629 998 669 contib.4
1017 624 1177 669 celsis.f
1215 625 1442 679 Spirillum
1462 636 1540 665 vo-

93 701 183 741 cari
214 701 277 741 ait
301 699 479 752 Opilius
501 698 706 738 Aurelius
739 709 885 749 caprae
924 695 1120 735 barbam.
1179 693 1442 746 Spintyrnix
1473 694 1542 732 est

94 769 190 809 avis
209 781 344 820 genus
367 766 503 819 turpis
534 765 653 818 [141]
686 764 830 816 figurae
850 777 858 801 :
891 762 1166 803 occursatrix
1188 760 1423 808 artificum,
1444 770 1541 812 per-

95 836 189 876 dita
210 834 457 888 spinturnix
478 846 531 873 ea
551 833 710 873 Graece
734 831 891 871 dicitur
911 834 980 880 (ut
1002 830 1062 869 ait
1083 828 1282 878 Santra)⁵
1317 827 1543 868 ΣΠΙΝΘΑ-

96 905 199 943 ΡΙΣ.
260 902 444 954 Spicum
467 899 712 940 masculine
735 897 904 951 antiqui
927 896 1147 943 dicebant,
1165 899 1212 934 ut
1228 894 1339 934 hunc
1361 893 1547 946 stirpem

97 975 140 1010 et
176 970 285 1009 hanc
322 981 517 1009 amnem:
548 979 703 1007 versus
739 971 806 1005 est
838 965 1069 1017 antiquus:
1101 959 1244 1010 Quasi
1276 973 1443 1000 messor
1467 970 1546 1011 per

97 1037 274 1076 messim
297 1046 596 1087 ununquemq.
629 1033 798 1086 spicum
827 1031 1017 1083 collegit.
1079 1029 1239 1080 Speres
1261 1028 1429 1080 antiqui
1451 1025 1549 1079 plu-

98 1104 249 1143 raliter
271 1103 485 1150 dicebant,
507 1105 556 1141 ut
578 1100 741 1140 Ennius
772 1099 849 1139 lib.
874 1110 924 1137 11.
986 1096 1044 1136 Et
1068 1095 1198 1135 simul
1219 1094 1368 1146 effugit
1392 1105 1548 1146 speres

99 1172 160 1210 ita
179 1169 380 1210 funditus
402 1172 599 1208 nostras:
632 1171 677 1207 et
697 1167 773 1208 lib.
798 1176 907 1206 XVI.
967 1164 1137 1216 Spero:
1171 1162 1209 1202 si
1243 1174 1396 1214 speres
1428 1160 1551 1213 quic-

102 1250 230 1290 quam
265 1235 476 1290 prodesse
508 1236 627 1288 potis
662 1238 775 1274 sunt.
836 1231 1015 1285 Spectio
1040 1230 1083 1270 in
1112 1228 1354 1281 auguralib.
1377 1227 1550 1280 ponitur

102 1317 183 1356 pro
206 1304 480 1357 aspectione,
507 1309 550 1343 et
571 1302 802 1342 nuntiatio.
822 1297 956 1353 quia⁶
983 1310 1111 1338 omne
1129 1296 1208 1349 jus
1233 1307 1454 1335 sacrorum
1476 1295 1553 1335 ha-

102 1372 208 1412 bent
223 1370 436 1423 Augur-ib.
459 1370 630 1424 spectio
649 1369 896 1416 dumtaxat,
913 1378 1096 1419 quorum
1119 1363 1308 1405 consilio
1330 1375 1416 1403 rem
1440 1375 1554 1416 gere-

105 1444 200 1478 rent
223 1439 523 1490 magistratus,
547 1451 631 1478 non
651 1441 701 1476 ut
723 1440 910 1490 possent
930 1432 1145 1486 impedire
1175 1430 1428 1479 nuntiando,
1452 1442 1553 1482 quae

108 1518 208 1545 cum
231 1506 441 1546 vidissent
473 1506 597 1554 satis,
630 1504 800 1558 spectio
836 1504 929 1543 sine
959 1500 1230 1541 nuntiatione
1259 1497 1363 1538 data
1395 1502 1476 1546 est,
1508 1501 1558 1536 ut

108 1573 197 1625 ipsi
228 1573 430 1625 auspicio
465 1584 555 1611 reni
590 1575 800 1623 gererent,
822 1582 910 1610 non
941 1572 989 1609 ut
1017 1567 1126 1607 alios
1158 1564 1423 1618 impedirent
1452 1576 1559 1603 nun·

109 1640 271 1679 tiando.
331 1639 648 1692 Scriptorarius
683 1651 784 1691 ager
810 1637 1012 1691 publicus
1032 1634 1297 1687 appellatur,
1322 1632 1368 1671 in
1397 1643 1483 1684 quo
1513 1634 1560 1671 ut

110 1719 274 1759 pecora
293 1712 541 1760 pasc-antur,
563 1710 725 1746 certum
749 1719 811 1746 aes
833 1709 924 1745 est:
948 1703 1054 1756 quia
1077 1700 1342 1754 publicanus
1365 1699 1561 1739 scriben-

113 1775 170 1815 do
193 1775 365 1815 conficit
386 1775 601 1814 rationem
624 1787 724 1814 cum
744 1777 937 1827 pastore,
966 1770 1144 1810 Scribas
1172 1767 1352 1821 proprio
1384 1765 1560 1806 nomine

115 1842 299 1895 antiqui,
320 1846 364 1882 et
384 1841 604 1888 librarios,
628 1845 674 1880 et
694 1840 852 1893 po'etas
873 1837 1112 1878 vocabant.
1144 1839 1189 1875 at
1217 1846 1330 1874 nunc
1361 1832 1563 1873 dicuntur

115 1909 271 1949 scribae
307 1907 484 1961 quidem
516 1907 697 1954 librarii,
722 1907 796 1959 qui
830 1905 1026 1946 rationes
1060 1902 1264 1955 publicas
1296 1901 1490 1941 scribunt
1519 1899 1565 1939 in

117 1975 307 2015 tabulis:
341 1975 447 2028 itaq.
474 1987 575 2015 cum
597 1974 752 2014 Livius
775 1971 1055 2013 Andronicus
1078 1969 1197 2009 bello
1222 1969 1393 2008 Punico
1414 1979 1565 2008 secun-

117 2042 172 2081 do
194 2042 441 2082 scribsisset
464 2054 650 2089 carmen,
673 2041 793 2094 quod
817 2054 843 2080 a
874 2038 1075 2091 virginib.
1108 2041 1179 2076 est
1201 2039 1440 2083 cantatum,
1461 2033 1565 2087 quia

118 2110 372 2162 prosperius
393 2122 506 2162 resp.
530 2108 683 2162 populi
706 2108 764 2149 R.
785 2107 873 2161 geri
895 2111 1051 2159 coepta
1072 2109 1156 2153 est,
1173 2103 1351 2157 publice
1374 2101 1568 2143 adtribu-

728 2235 965 2249 eeeeeeeeeeee

167 2327 182 2354 1
209 2323 231 2356 fi
254 2325 430 2357 suillis.-—2
453 2324 475 2355 f.
491 2326 675 2355 cantum—3
701 2324 725 2355 f.
741 2323 982 2364 supercilio.—4
1000 2320 1024 2353 f.
1038 2320 1166 2352 montib.
1176 2323 1230 2350 -5
1256 2319 1269 2360 (
1286 2318 1377 2359 ).—6
1400 2317 1423 2349 f.
1440 2318 1492 2359 iis,
1509 2318 1570 2358 qui⁹

779 2440 921 2474 NOTAE

170 2522 183 2537 θ
207 2517 337 2558 Specile]
362 2518 483 2557 Varro,
506 2519 515 2534 ‘
532 2519 648 2550 Sueris
670 2529 688 2549 a
719 2519 823 2550 nomi-
876 2515 979 2556 spexit
993 2516 1029 2545 de
1045 2513 1200 2545 montibus
1215 2512 1314 2544 celsis.
1345 2511 1386 2543 In
1405 2511 1574 2552 exempla-

129 2576 170 2597 ne
186 2567 282 2605 ejus?
879 2567 907 2596 ri
939 2570 1035 2596 certe
1066 2570 1140 2596 est:
1177 2565 1263 2600 Quos
1291 2562 1343 2594 ubi
1373 2572 1468 2593 rex..
1484 2584 1492 2591 .
1507 2585 1513 2593 .
1529 2564 1576 2593 ulo

174 2614 186 2635 ¹*
205 2615 321 2656 Celsis]
347 2616 444 2646 Ennii
460 2625 593 2646 versum
618 2616 825 2657 Pomponius
878 2615 981 2656 spexit
997 2616 1034 2646 de
1049 2614 1187 2645 cantibus
1202 2614 1291 2644 celsis
1306 2624 1316 2643 .·
1340 2617 1377 2644 ut
1392 2613 1507 2652 sedulo,
1525 2612 1577 2643 vel

132 2666 245 2697 Laetus
260 2666 307 2695 ita
324 2666 470 2706 legebat,
496 2666 578 2700 Quos
596 2666 646 2696 ubi
672 2676 729 2698 rex
745 2668 825 2698 ultro
878 2665 982 2707 paulo,
999 2664 1180 2706 legendum
1204 2665 1258 2695 sit.
