1876 3025
241 147 355 189 1236
628 194 637 200 ³
698 153 909 185 norlriA
946 152 1227 182 Ll'rERARm

244 258 411 310 plissimi
445 259 612 295 Senatus
645 262 753 295 extat
787 255 865 293 Ms.
911 259 920 276 ‘
941 253 1117 305 Pompeii
1146 252 1252 291 Festi
1284 251 1333 290 de
1380 250 1698 303 interpretatione

245 324 393 374 linguae
427 321 612 366 Latinaez'
657 328 695 359 et
730 321 767 357 in
800 326 995 358 extremo:
1029 323 1039 338 ‘
1061 317 1170 355 Finis
1207 315 1382 367 Pompeii
1421 315 1542 362 Festi,
1581 329 1697 366 quem

246 388 488 440 Pomponius
508 387 674 425 correxit
692 386 714 423 ε’
744 385 881 422 Codex
903 397 980 422 non
1003 382 1187 433 antiquus
1206 388 1245 419 et
1271 394 1406 433 parum
1427 380 1611 417 distincte
1633 393 1699 417 ex-

247 460 392 500 aratus,
426 460 553 491 tamen
576 452 750 489 continet
769 449 966 501 quaedam,
995 462 1083 499 quae
1104 448 1143 484 in
1164 446 1280 485 editis
1300 445 1444 483 frustra
1465 457 1634 496 quaeraS‚
1658 450 1700 480 ut

247 529 378 556 monet
401 524 536 555 auctor
570 515 871 567 Epherneridum
892 514 1146 552 literariarum
1175 510 1434 562 Lipsiensium
1463 523 1497 547 a.
1521 511 1637 547 1710.
1659 522 1698 559 p.

252 584 367 621 1014.
425 581 590 619 Paulum
618 594 695 619 non
726 593 812 618 raro
833 579 950 617 verba
981 578 1087 616 Festi
1107 575 1341 627 interpolata
1362 574 1412 612 ad
1434 573 1504 611 aevi
1527 574 1586 612 sui
1606 586 1700 611 con-

248 646 493 685 suetudinem
517 645 694 690 traxisse,
716 645 899 682 observat
924 642 1141 680 Goldastus
1175 641 1212 678 in
1236 640 1337 678 notis
1360 640 1409 677 ad
1431 638 1700 690 Eginhardum

248 711 296 749 de
336 711 415 749 vita
450 710 580 748 Caroli
611 710 667 748 Μ.
689 723 726 760 p.
752 711 840 746 173.
870 708 950 754 ubi,
983 706 1144 744 laudato
1179 705 1292 743 Pauli
1325 704 1513 756 Stephani
1552 703 1700 741 Codice

245 777 367 827 probo
396 783 435 814 et
455 775 631 826 antiquo,
666 774 704 812 id
726 773 763 811 in
785 774 886 811 notis
915 772 966 810 ad
989 772 1147 810 Festum
1171 769 1529 808 demonstraturum
1550 781 1590 806 se
1610 781 1699 820 pro—

247 841 363 879 misit.
420 841 520 878 Vide
541 848 579 878 et
613 853 702 891 quae
723 845 856 877 monet
875 838 1050 876 Joannes
1084 835 1277 874 Seldenus
1307 835 1409 873 curis
1440 833 1623 873 secundis
1650 832 1700 871 ad

246 906 456 945 sectionem
480 908 516 944 3.
539 905 587 943 de
609 905 784 951 decimis,
805 904 853 941 ad
875 903 1022 941 calcem
1058 902 1123 940 Jo.
1146 901 1288 939 Clerici
1317 900 1353 937 in
1387 898 1700 938 Pentateuchum

245 984 282 1022 p.
305 972 398 1009 638.
419 978 458 1008 et
479 971 530 1008 D.
551 970 614 1008 Jo.
637 969 902 1008 Diecmannus
932 968 969 1005 in
1000 967 1160 1018 specim.
1182 974 1360 1003 notarum
1396 964 1445 1002 ad
1468 963 1700 1015 glossarium

245 1035 639 1075 Latino—theotiscum
664 1034 816 1073 Rabani
838 1032 965 1071 Mauri
996 1047 1034 1084 p.
1058 1034 1123 1070 58.
1147 1045 1230 1082 seq.
1288 1030 1502 1068 Sibrandus
1524 1029 1703 1066 Siceama

243 1101 344 1152 apud
369 1101 564 1139 Struvium
588 1102 684 1139 fasc.
711 1114 770 1138 vr.
795 1114 832 1151 p.
861 1101 921 1137 18.
952 1104 961 1119 ‘
984 1098 1020 1135 in
1044 1098 1203 1135 Festum
1225 1109 1381 1147 quoque
1411 1093 1593 1145 quaedam
1624 1107 1702 1130 me—

242 1166 388 1204 ditatus
420 1180 518 1213 sum,
552 1166 621 1205 sed
657 1166 704 1203 de
740 1164 981 1216 perfectione
1017 1162 1196 1214 despero,
1229 1161 1301 1198 nisi
1328 1173 1388 1197 me
1416 1159 1539 1197 laetior
1564 1159 1631 1197 otii
1666 1164 1704 1196 et

241 1231 382 1284 quietis
402 1245 496 1269 aura
520 1231 736 1269 afflaverit.'

295 1297 447 1335 Prodiit
467 1297 608 1335 Festus
628 1297 793 1347 primum
818 1293 1035 1333 Mediolani
1055 1292 1169 1330 1471.
1192 1290 1217 1329 f.
1238 1290 1350 1342 cujus
1370 1289 1550 1328 editionis
1571 1302 1702 1328 exem-

240 1362 349 1414 plum
381 1362 453 1400 fuit
484 1362 522 1400 in
559 1361 805 1399 Bibliotheca
837 1360 899 1398 Cl.
921 1359 972 1397 du
995 1358 1112 1396 Boze.
1171 1356 1205 1393 A
1225 1369 1303 1407 qua
1334 1355 1506 1393 editione
1527 1355 1703 1406 proxima

240 1435 301 1466 est
322 1427 427 1466 facta
448 1428 590 1465 Venet.
616 1428 732 1464 1472.
754 1426 779 1463 f.
804 1439 870 1477 per
893 1424 983 1463 Nic.
1004 1424 1153 1462 Jenson
1177 1421 1388 1467 Gallicum,
1419 1427 1535 1470 atquc
1566 1420 1702 1458 iterum

242 1492 384 1530 ibidem
410 1494 526 1530 1474.
558 1491 626 1530 fol.
647 1505 715 1542 per
734 1491 928 1528 Joannem
960 1489 1009 1526 de
1043 1488 1222 1526 Colonia.
1280 1486 1401 1524 Porro
1425 1486 1560 1523 Romae
1585 1487 1702 1522 1475.

244 1558 311 1596 fol.
347 1557 450 1609 apud
485 1557 607 1595 Henr.
629 1556 830 1608 Reynhar.
892 1554 1034 1606 Repeti
1054 1553 1171 1591 etiam
1193 1558 1369 1590 notatam
1392 1550 1601 1589 editionem
1623 1550 1704 1588 sine

244 1623 329 1661 loco
342 1630 510 1661 etanno.
568 1622 671 1660 Hinc
698 1622 845 1659 Parmae
871 1621 986 1658 1480.
1005 1618 1072 1658 fol.
1093 1625 1132 1656 et
1156 1617 1298 1655 Brixiae
1318 1618 1433 1659 1433.
1457 1616 1522 1653 fol.
1544 1629 1612 1666 per
1629 1615 1707 1653 Bo-

246 1688 379 1726 ninum
403 1688 451 1725 de
475 1687 635 1726 Boninis
663 1687 711 1725 dc
734 1686 924 1737 Ragusia,
952 1691 1070 1735 atque
1099 1682 1238 1720 eodem
1267 1694 1370 1720 anno
1391 1680 1566 1719 Venetiis
1588 1680 1615 1719 f.
1638 1693 1706 1731 per

247 1753 508 1791 Octavianum
545 1754 706 1790 Scotum
740 1751 1071 1795 Modoetiensmn,
1107 1761 1195 1787 cum
1230 1747 1358 1784 Nonio
1392 1735 1432 1783 et
1461 1746 1635 1782 Varrone
1657 1744 1705 1781 de

247 1818 382 1869 lingua
405 1818 554 1855 Latina.
614 1816 765 1855 Prodiit
785 1824 824 1854 et
845 1815 988 1853 Festus
1010 1814 1150 1851 Venet.
1175 1812 1290 1849 1498.
1335 1812 1382 1848 A.
1404 1811 1519 1848 1510.
1542 1809 1708 1847 Mediol.

249 1882 286 1919 in
307 1883 376 1921 fol.
398 1883 541 1935 prodiit
561 1882 754 1919 Collectio
788 1895 876 1932 qna:
909 1880 1027 1917 habet
1060 1878 1230 1916 Nonium
1265 1875 1510 1922 Marcellum,
1548 1875 1707 1912 Festum

251 1947 493 2000 Pompeium,
516 1954 554 1985 et
574 1948 802 1992 Varronem,
823 1959 890 1997 per
909 1946 974 1984 Jo.
997 1944 1215 1996 Baptistam
1239 1942 1364 1988 Pium,
1394 1941 1460 1991 qui
1483 1939 1555 1978 hos
1587 1939 1707 1990 scrip—

252 2020 371 2058 tores,
400 2013 515 2049 valde
549 2019 638 2050 ante
670 2020 873 2062 corruptos
914 2010 1173 2053 vehementer,
1203 2014 1383 2045 accurate
1414 2019 1434 2042 a
1455 2018 1494 2042 se
1512 2010 1707 2042 correctos

251 2076 360 2115 dicit.
418 2077 570 2114 Prodiit
589 2077 703 2114 etiam
724 2076 865 2113 Festus
887 2072 1258 2111 Basil.15‘21.f..ib.
1286 2072 1397 2108 1526.
1419 2070 1444 2108 s.
1468 2070 1518 2107 ib.
1546 2071 1658 2106 1532.
1681 2069 1708 2105 s.

253 2149 292 2179 et
312 2142 464 2180 Giessae
491 2143 606 2179 1600.
623 2144 659 2179 8.
716 2141 757 2177 In
777 2140 970 2189 Catnlogo
993 2137 1247 2175 Bibliothecae
1265 2134 1487 2172 Barberinae
1505 2146 1706 2184 perperam

254 2206 420 2244 traditur
448 2207 588 2244 Festus
608 2220 695 2244 cuni
719 2206 821 2243 notis
842 2204 1021 2241 Vulcanii
1044 2202 1119 2253 legi
1141 2202 1176 2238 in
1199 2201 1282 2252 ejus
1303 2199 1486 2236 thesauro
1506 2198 1708 2248 utriusque

255 2271 400 2322 linguae
421 2271 526 2309 edito
556 2271 680 2322 Lugd.
703 2271 748 2307 B.
769 2271 884 2307 1600.
907 2270 933 2306 f.
955 2282 1043 2305 nani
1065 2268 1101 2304 in
1124 2267 1189 2304 illo
1217 2272 1367 2302 tantum
1402 2278 1492 2315 pag.
1515 2265 1708 2301 754-758.

254 2336 352 2373 inter
374 2337 448 2374 alia
469 2335 821 2374 Grammaticorum
842 2334 986 2385 scripta
1005 2334 1119 2371 breve
1141 2331 1281 2382 legitur
1302 2340 1527 2381 excerptum
1549 2343 1568 2366 e
1593 2329 1709 2366 Festo

254 2401 302 2439 de
324 2402 527 2440 verborum
554 2400 796 2439 differentiis·

312 2467 355 2503 In
380 2466 622 2504 Collectione
644 2466 857 2503 Auctorum
894 2464 1041 2502 Latinoe
1074 2462 1236 2512 Linguae
1264 2460 1301 2496 in
1324 2472 1442 2496 unum
1465 2458 1710 2496 redactorum

255 2543 411 2581 corpuS,
447 2531 611 2582 adjectis
643 2531 746 2568 notis
779 2529 959 2581 Dionysii
994 2526 1243 2571 Gothosredi,
1274 2525 1424 2562 Genev.
1451 2525 1568 2561 1505.
1596 2525 1710 2560 1602.

262 2597 377 2634 1622.
399 2599 436 2634 4.
460 2596 593 2634 insunt
614 2596 669 2633 M.
691 2595 814 2632 Verrii
841 2594 984 2639 Flacci,
1013 2593 1086 2630 sub
1107 2592 1284 2641 Augusto
1321 2590 1554 2640 Imperatore
1576 2589 1714 2625 Gram-

257 2662 387 2700 manici
408 2660 660 2706 celeberrimi,
684 2662 933 2711 Fragmenta,
955 2667 993 2696 et
1013 2659 1105 2697 Sex.
1128 2657 1267 2707 Pomp.
1291 2656 1444 2693 Festus.

313 2728 443 2778 Hujus
464 2727 622 2779 inquam
646 2727 751 2765 Festi
776 2726 1013 2777 Fragmenta
1034 2737 1055 2761 a
1077 2722 1214 2761 Fulvio
1237 2721 1378 2758 Ursino
1405 2719 1510 2757 edita
1540 2726 1578 2757 et
1600 2718 1711 2757 sche-
