1876 3025
286 131 369 173 810

728 138 877 169 SEXTI
915 136 1114 167 POMPElI
1149 134 1287 166 FESTI

297 251 300 253 ·
348 241 415 278 tur
436 249 593 286 coenae,
617 236 655 277 si
675 247 774 289 quae
808 233 908 275 aliae
941 244 1112 285 magnae
1140 236 1253 282 sunt,
1277 230 1471 272 Saliares
1507 230 1734 283 appellan-

346 309 444 345 tur.⁰

293 372 511 413 Salmacis
526 377 543 402 Ρ
563 369 738 412 nomine
760 366 950 422 nympha
972 365 1089 407 Coeli
1110 369 1151 406 et
1169 365 1315 408 Terrae
1334 366 1427 406 filia
1447 364 1582 405 fertur
1602 376 1739 404 causa

349 440 483 481 fontis
508 435 822 479 Halicarnasi⁶
844 448 972 488 aquae
996 433 1275 488 appellandae
1296 433 1434 475 fuisse
1457 431 1738 480 Salmacidis,

352 520 486 561 quam
526 506 602 560 qui
636 505 838 554 bibisset,
874 505 984 544 vitio
1023 502 1312 557 impudicitiae
1352 502 1645 550 mollesceret,
1684 501 1740 540 ob

353 587 448 615 eam
469 587 571 624 rem,
594 573 710 626 quod
729 573 822 627 ejus
843 571 988 613 aditus
1004 574 1263 624 angustatus
1286 570 1522 624 parietibus
1544 568 1744 610 occasio-

902 692 1141 705 ‘etoaeeeooaeaee

341 763 362 791 ὃ
386 760 448 792 Ed·
472 760 563 791 Scal.
578 733 770 791 Hilc'carnia:

958 858 1101 891 NOTAE

304 939 381 971 cilia
408 937 618 969 conderent:
644 947 721 979 quae
752 937 900 969 sacraria
925 945 1002 977 pro-

304 990 378 1031 prie
395 989 566 1020 mansiones
578 989 791 1025 dicebantur,
804 996 925 1027 nempe
939 991 1005 1017 sta-

306 1042 414 1071 tiones
445 1045 633 1071 nocturnae.
679 1040 811 1071 Munere
839 1038 943 1076 enim,
969 1041 1007 1068 ut

307 1091 434 1131 optime
451 1091 528 1122 olim
553 1100 692 1131 magnus
716 1090 894 1122 Salmasius
918 1088 1008 1129 apud

306 1142 433 1174 Julium
458 1142 698 1182 Capitolinum,
720 1145 772 1172 est
794 1143 1008 1182 pernoctare,

309 1193 444 1224 cubare.
493 1192 550 1223 Ait
567 1192 670 1232 igitur
690 1192 823 1227 Festus,
835 1190 933 1222 Saliis
948 1198 1011 1230 per

309 1253 424 1276 omnes
439 1242 544 1274 festos
559 1243 630 1273 dies
648 1243 850 1283 ubicumque
869 1249 1011 1281 pernoc-

311 1299 425 1326 tarent
441 1294 568 1334 amplas
584 1292 688 1323 fuisse
704 1302 816 1323 coenas
827 1291 1012 1332 appositas,

312 1350 348 1376 et
365 1345 441 1375 inde
460 1342 655 1384 magnificas
669 1343 749 1373 alias
766 1341 936 1383 quaslibet
948 1350 1013 1371 coe·

313 1405 372 1425 nas
389 1394 532 1425 Saliares
548 1394 650 1423 etiam
669 1393 789 1423 dictas.
836 1392 919 1421 Post
932 1390 1015 1420 duos

315 1456 430 1484 annos,
444 1454 540 1486 quam
552 1444 623 1474 liaec
636 1449 846 1481 notaveram,
856 1441 887 1471 in
899 1449 1016 1471 manus

317 1507 407 1528 meas
425 1497 568 1537 primum
587 1499 752 1525 venerunt
775 1492 852 1524 libri
871 1497 1017 1533 quatuor

318 1546 591 1577 observationum
610 1543 761 1575 Gisberti
779 1541 919 1583 Cuperi,
935 1551 1018 1582 quos

319 1597 398 1627 dum
416 1605 478 1635 ego
496 1605 571 1626 cum
589 1604 708 1635 magno
725 1593 855 1633 fructu,
878 1601 941 1623 nec
959 1591 1019 1622 mi-

320 1647 393 1678 nori
406 1647 577 1686 voluptate
593 1646 743 1686 perlego,
757 1643 862 1675 incidi
879 1642 911 1673 in
929 1652 1020 1673 eum-

322 1699 397 1729 dem
416 1698 502 1728 hunc
521 1697 614 1727 Festi
639 1697 760 1736 locum,
780 1704 878 1735 quem
895 1694 1023 1734 optime

322 1750 452 1790 habuit,
471 1750 548 1780 dum
577 1748 834 1789 inscriptionem
859 1747 956 1777 istam
981 1755 1023 1776 cx

323 1800 472 1831 Grutero
495 1810 573 1840 pag·
595 1802 668 1830 183.
694 1798 829 1839 egregie
849 1797 1022 1828 illustrat:

326 1859 544 1882 MANsiONEs.
583 1858 781 1881 samonum.
828 1855 1027 1879 PALA’HNO-

370 1911 460 1934 RUM.
478 1911 510 1931 A.
530 1909 742 1932 vaRmtJS.

328 1962 388 1984 on.
420 1961 621 1983 Annorum.
653 1959 863 1982 ANNMAUM.
902 1958 1028 1981 cus'ro-

373 2012 481 2033 υιΑΜ.
499 2011 751 2033 CONSTlTL‘TAS.

330 2062 461 2085 LONGA.
480 2062 614 2084 AETATE.
641 2061 855 2084 NEGLECTAS.
873 2060 1031 2083 Pecunia

374 2113 450 2135 suit.
467 2112 777 2135 REPARAVERUNT.

334 2163 546 2186 Pox'rlmces
574 2163 705 2185 VESTAE.
732 2163 765 2185 v.
792 2164 826 2185 v.
850 2163 879 2185 c.
902 2162 932 2186 c.
960 2161 1032 2183 PRO

378 2215 612 2239 MAGis'rERro.

338 2266 458 2289 PORTr.
496 2265 645 2288 AciLer.
693 2265 857 2287 Lucuru.
896 2263 1035 2286 vrrRASI

380 2317 621 2340 PRAETESTATl.
637 2316 670 2338 v.
688 2317 721 2339 v.
737 2316 767 2338 c.
781 2316 811 2339 c.

337 2360 539 2399 Ibidemque
556 2364 671 2388 monet
683 2357 902 2389 Tor-rentium
920 2361 955 2388 et
969 2356 1037 2388 Ne-

339 2411 463 2452 apolim
479 2409 616 2440 Horatii
632 2409 938 2449 interpreteshunc
948 2407 1040 2437 Festi

340 2464 449 2494 locum
473 2459 573 2489 aliter
596 2459 763 2497 laudasse,
781 2467 915 2499 nempe,
932 2458 1040 2497 quibus

338 2521 394 2552 per
409 2519 513 2540 omnes
527 2518 683 2539 sacrorum
696 2509 773 2546 dics,
789 2509 848 2539 sed
865 2509 936 2539 sine
959 2508 1041 2538 Mss.

344 2561 563 2599 auctoritate,
579 2569 682 2600 quare
700 2560 772 2600 ipse
790 2560 926 2590 literula
950 2558 1043 2589 addi-

344 2618 391 2653 ta,
408 2609 556 2651 legebat,
570 2619 624 2650 per
639 2609 749 2640 ominis
764 2609 837 2640 dies.
883 2608 1040 2640 Ominosi

347 2664 437 2694 euim
454 2661 524 2692 dies
539 2660 656 2702 quibus
669 2660 892 2691 movebantur
909 2659 1044 2699 ancilia,

349 2713 436 2744 uude
446 2713 478 2744 iu
491 2711 695 2743 Kalendario
708 2720 730 2743 1.
745 2711 823 2743 Kal.
835 2712 939 2743 Mart.
956 2712 963 2726 ‘
977 2710 1046 2742 An·

1060 936 1211 967 ciliorum
1228 934 1365 975 festum,
1385 944 1448 966 nec
1472 933 1600 966 nubere
1616 933 1752 974 bonum,

1059 996 1233 1028 quousque
1261 984 1469 1018 condantur)
1512 985 1601 1016 Sane
1630 986 1753 1025 saepius

1059 1038 1091 1068 in
1109 1037 1283 1069 veteribus
1299 1037 1391 1068 libris
1406 1036 1445 1067 τὸ
1460 1035 1573 1066 ominis
1600 1036 1634 1067 in
1658 1035 1755 1066 omnis

1059 1088 1288 1129 degeneravit.
1307 1088 1405 1119 Idem.

1102 1143 1116 1158 ⁰
1138 1138 1277 1170 Saliares
1298 1136 1506 1178 appellantur]
1539 1136 1662 1168 Horat.
1691 1135 1760 1168 Od.

1061 1192 1114 1221 37.
1134 1189 1190 1221 lib.
1209 1199 1232 1220 1.
1253 1191 1262 1206 ‘
1282 1189 1382 1221 Nunc
1410 1188 1596 1220 Saliaribus
1625 1186 1759 1217 Ornare

1064 1242 1218 1282 pulvinar
1233 1242 1384 1272 Deorum
1406 1241 1552 1281 Tempus
1578 1244 1652 1270 erat
1668 1238 1760 1278 ‹lapi-

1063 1292 1137 1327 bus,
1164 1291 1322 1323 sodales.'
1370 1291 1446 1322 Hoc
1465 1297 1530 1329 est,
1546 1290 1704 1321 delicatis
1728 1293 1763 1319 et

1066 1342 1229 1381 opiparis,
1244 1347 1278 1371 ut
1293 1347 1388 1372 erant
1399 1352 1503 1372 coenae
1515 1341 1673 1380 Saliares,
1685 1349 1764 1380 qua·

1067 1403 1138 1423 rum
1157 1392 1274 1423 nidore
1290 1393 1376 1423 ictus
1400 1392 1476 1422 olim
1499 1391 1574 1422 Tib.
1591 1390 1765 1425 Claudius,

1068 1452 1143 1474 cum
1162 1443 1194 1472 in
1213 1442 1357 1482 Augusti
1371 1440 1442 1472 foro
1456 1445 1691 1481 cognosceret,
1709 1439 1766 1470 de·

1070 1499 1160 1524 serto
1182 1493 1352 1530 tribunali,
1369 1491 1524 1522 ascendit
1549 1490 1591 1522 ad
1608 1489 1766 1522 sacerdo-

1070 1549 1122 1576 tes
1138 1553 1269 1584 unaque
1287 1542 1468 1573 discubuit.
1486 1542 1585 1573 Idem.

1113 1598 1128 1618 ¹³
1153 1592 1319 1631 Salmacis]
1344 1591 1506 1623 Gabriele
1534 1590 1665 1621 Faerno
1691 1600 1769 1622 auc-

1072 1649 1145 1676 tore
1162 1644 1374 1674 scribendum
1397 1647 1461 1678 est,
1477 1642 1614 1673 Salmaci
1635 1642 1691 1672 das
1704 1651 1772 1681 spo·

1074 1696 1116 1727 lia
1140 1696 1205 1726 sine
1219 1695 1339 1732 sudore,
1355 1697 1383 1725 et
1400 1693 1554 1732 sanguine
1566 1704 1576 1724 .·
1601 1697 1638 1724 ut
1661 1693 1704 1723 sit
1721 1702 1773 1723 se-

1074 1746 1198 1777 narius,
1225 1744 1321 1784 Mihi,
1334 1745 1373 1775 da
1395 1744 1505 1784 spolia,
1522 1752 1587 1774 non
1604 1741 1774 1783 displicet·

1076 1795 1225 1828 Vidend.
1241 1795 1365 1826 Strabo
1382 1795 1441 1826 lib.
1458 1793 1638 1825 xlm-Aut.
1655 1792 1741 1831 Aug.

1120 1846 1286 1886 Salmacis]
1313 1846 1458 1877 Videtur
1480 1845 1601 1877 Festus
1618 1844 1670 1874 vel
1688 1843 1775 1873 Ver-

1079 1899 1145 1929 rius
1163 1899 1194 1928 in
1215 1897 1322 1928 Ennio
1347 1897 1545 1937 disjunctim
1569 1896 1695 1934 legere,
1712 1893 1779 1923 Sul·

1079 1948 1213 1982 mucida
1229 1947 1326 1987 spolia
1341 1947 1407 1978 sine
1423 1947 1546 1984 sudore,
1562 1949 1590 1976 et
1612 1944 1778 1983 sanguine.

1082 1998 1185 2038 Atqui
1213 1998 1324 2036 potius
1353 1996 1534 2027 videbatur
1559 1995 1779 2036 conjunctim.

1082 2049 1191 2080 vetus
1209 2048 1435 2079 Glossarium:
1460 2046 1469 2061 ‘
1487 2046 1707 2085 Salmacidus,
1724 2044 1780 2076 ἂλ-

1082 2098 1195 2138 μυρός.’
1219 2102 1227 2116 ‘
1242 2098 1481 2138 Salmacidum,
1505 2095 1665 2136 ἆλμυρόν.’
1687 2096 1782 2126 ‘Sal-

1084 2150 1203 2185 macla,
1228 2147 1433 2188 Ἀμφιτρίτη.’
1463 2147 1655 2179 ‘Salmacia
1683 2156 1781 2187 aqua,

1086 2200 1221 2241 ἁλμυρὸν
1233 2199 1329 2240 ὕδωρ.’
1360 2200 1451 2239 Ergo
1463 2199 1570 2238 spolia
1584 2208 1658 2239 quae
1674 2198 1784 2228 incru-

1087 2259 1167 2284 enta
1184 2257 1272 2287 sunt,
1283 2251 1333 2282 καὶ
1344 2250 1502 2291 ἀναιμωτὶ,
1516 2250 1565 2281 καὶ
1579 2249 1696 2280 ἀκονιτὶ
1709 2259 1785 2290 par-

1088 2309 1134 2343 ta,
1146 2302 1392 2343 elegantissime
1409 2301 1594 2339 Salmacida,
1613 2306 1648 2331 ut
1666 2300 1787 2335 diluta,

1088 2364 1153 2385 non
1169 2360 1311 2384 cruenta
1326 2358 1438 2391 vocat,
1455 2357 1488 2382 ut
1508 2361 1594 2382 anuo
1612 2351 1786 2391 superiore

1090 2404 1279 2436 notavimus
1307 2401 1555 2433 iniectionibus
1574 2401 1787 2432 Ausonianis.

1091 2456 1135 2486 Et
1149 2455 1176 2484 si
1192 2453 1265 2494 quis
1279 2453 1450 2484 Ciceronis
1468 2452 1572 2483 verba
1589 2453 1620 2482 in
1639 2452 1729 2482 libris
1745 2450 1789 2481 (le

1093 2503 1224 2535 Officiis
1241 2502 1447 2539 consideret,
1466 2503 1520 2532 ubi
1547 2503 1619 2532 l1a=c
1639 2501 1790 2531 Enniana

1094 2556 1254 2592 citantur,
1281 2563 1343 2583 non
1374 2551 1473 2583 aliter
1501 2553 1675 2591 legendum
1705 2561 1791 2586 esse,

1094 2614 1192 2647 quam
1220 2603 1409 2643 salmacida,
1425 2603 1686 2634 aniuuulvertet.
1720 2602 1790 2632 Jos.

1096 2656 1180 2687 Scal-

1138 2703 1302 2743 Sulmacls]
1326 2705 1334 2720 ‘
1352 2703 1413 2735 Cui
1444 2712 1508 2733 uon
1527 2701 1639 2733 audita
1667 2707 1718 2733 est
1735 2701 1791 2733 ob-
