1876 3025
488 679 1166 751 MONITUBAE

96 1080 391 1138 anmmm
413 1099 642 1150 principium
656 1101 727 1138 fuit
747 1113 820 1137 vox
842 1100 1050 1137 Μαηαόἱαε
1070 1112 1193 1149 usque
1210 1098 1259 1135 ad
1280 1098 1392 1135 [Halo
1414 1110 1522 1134 cruce
1536 1109 1547 1131 :

96 1164 182 1201 haec
201 1164 393 1202 habentur
413 1164 450 1200 in
467 1163 623 1201 schedis
644 1164 786 1214 pagina
807 1176 908 1202 eLx.
940 1163 1037 1200 Post
1055 1163 1167 1201 Malo
1181 1175 1291 1200 cruce
1313 1162 1547 1212 sequebatur

98 1229 272 1274 Mutum,
287 1228 355 1275 &a
377 1227 481 1277 quod
502 1228 539 1264 in
561 1227 685 1278 prima
703 1227 850 1278 pagina
869 1227 1075 1277 fragmenti
1096 1227 1261 1277 positum
1282 1233 1342 1263 est
1357 1238 1477 1275 usque
1499 1224 1548 1261 ad

100 1292 355 1330 Ordinarium
375 1292 562 1328 hominem
593 1292 738 1341 pagina
773 1303 930 1328 xxxn.
990 1290 1250 1327 Ordinarium
1270 1295 1486 1339 sequuntur
1505 1300 1551 1326 ea

99 1369 187 1405 quae
220 1356 257 1392 in
291 1354 444 1393 schedis
474 1355 667 1392 habentur
702 1367 826 1404 usque
861 1353 911 1391 ad
944 1355 1148 1391 Peremere
1170 1366 1193 1391 a
1212 1354 1358 1404 pagina
1380 1365 1549 1390 CLXXII.

96 1432 219 1469 usque
241 1419 290 1455 ad
313 1431 525 1456 cnxxxu.
584 1418 752 1469 Reliqua
774 1418 927 1468 integra
947 1425 1039 1455 sunt
1058 1419 1095 1455 in
1116 1418 1334 1468 fragmento
1356 1430 1478 1467 usque
1501 1416 1550 1453 ad

101 1482 305 1520 Tablinum
325 1482 469 1533 pagina
490 1483 664 1520 chlv.*
715 1482 812 1520 Post
836 1482 1042 1519 Tablinum
1063 1489 1278 1532 sequuntur
1299 1495 1387 1532 quae
1403 1482 1551 1518 haben-

97 1553 158 1583 tur
179 1560 201 1583 a
222 1547 335 1583 verbo
360 1547 509 1591 Tabam,
531 1559 656 1596 usque
676 1546 725 1584 ad
746 1558 880 1584 vocem
901 1546 1097 1591 vindiciae,
1118 1559 1205 1596 quae
1236 1547 1322 1583 finis
1344 1545 1551 1596 fragmenti

95 1609 181 1648 fuit.

155 1740 285 1783 Notae,
307 1739 446 1789 quibus
475 1739 532 1776 usi
566 1752 696 1777 sumus
730 1738 779 1776 ad
811 1737 1023 1776 indicanda
1050 1752 1109 1785 ea,
1141 1752 1230 1789 quae
1262 1739 1344 1777 visa
1365 1744 1469 1783 sunt,
1492 1737 1551 1774 vel

102 1804 209 1841 aliter
229 1803 409 1853 legenda,
436 1803 492 1841 vel
515 1803 711 1846 addenda,
734 1803 795 1840 vel
818 1802 990 1840 tollenda
1009 1816 1017 1839 :

633 1890 660 1926 f.
710 1889 908 1926 Fortasse.

632 1958 669 1990 Λ.
701 1951 951 1990 Addendum.

633 2019 647 2063 (
664 2018 677 2062 )
706 2015 952 2053 Tollendum.

394 2180 427 2219 ζ*
452 2180 598 2222 Paginas
616 2180 773 2213 editionis
789 2180 904 2212 Ursini
921 2179 1016 2211 uncis
1031 2179 1255 2219 inclusimus]
