1876 3025
301 168 364 197 DE
399 163 669 196 VERBORUM
1489 149 1573 191 941

704 160 1111 194 SlGNlFlCA'PIONE
1145 161 1240 190 LIB.
1272 160 1403 190 XVII.

194 275 387 318 premam
404 258 738 303 advocationem.
790 257 908 298 Alias
922 271 1000 311 pro
1021 256 1214 297 maximo
1234 268 1333 296 cum
1356 254 1466 295 duas
1487 268 1575 294 oves

197 338 235 371 et
256 329 428 384 triginta
451 327 564 367 boves
583 340 822 380 supremam
840 326 1014 366 multam
1035 324 1222 364 dicerent.

143 399 345 452 Suppum
364 403 380 419 Χ
410 395 580 448 antiqui
602 395 823 442 dicebant,
851 405 983 446 quem
1010 404 1123 431 nunc
1146 390 1348 443 supinum
1371 387 1577 435 dicimuS‚

192 480 247 507 ex
272 465 448 513 Graeco,
467 462 673 503 videlicet
693 474 773 515 pro
804 460 1068 514 aspiratione
1082 462 1300 511 ponentes
1331 456 1511 502 literam,
1531 457 1581 493 ut

199 546 299 574 cum
325 531 441 573 idem
470 527 562 577 ὅλας
596 530 762 578 dicunt,
782 532 825 568 et
854 540 934 567 nos
967 527 1143 580 sylvas:
1174 525 1275 565 item
1310 523 1365 573 ἓξ,
1391 534 1503 572 sex:
1535 526 1581 561 et

201 602 309 649 ἑπτὰ,
331 603 522 651 septem:
553 598 649 650 ejus
668 595 875 637 vocabuli
893 593 1088 634 meminit
1119 594 1252 634 etiam
1282 590 1500 632 Lucilius:
1533 589 1581 629 Si

199 680 305 708 vero
329 667 424 715 das,
444 667 563 719 quod
578 669 713 717 rogat,
729 668 771 704 et
791 663 829 703 si
851 662 1022 713 suggeri
1039 666 1054 684 ²
1076 672 1259 714 suppus.

147 736 345 788 Suppum
380 733 550 786 antiqui
585 732 808 778 dicebant,
850 742 981 782 quern
1011 741 1126 769 nunc
1161 728 1366 781 supinum
1397 725 1578 779 [PAUL.

204 803 402 842 dicimus.
1378 837 1380 840 y

147 869 352 921 Surregit,
374 873 417 908 et
437 870 581 907 sortus
596 878 675 919 pro
698 863 897 913 surrexit,
916 866 958 903 et
977 863 1105 916 quasi
1136 862 1280 913 possit
1300 860 1392 901 fieri
1417 872 1584 900 surrec-

203 942 272 978 tus
293 937 534 989 frequenter
548 934 694 987 posuit
715 932 881 972 Livius.

149 993 368 1058 surregit&
397 1008 442 1042 et
481 1006 651 1042 sorctus
687 998 850 1053 antiqui
874 997 1081 1052 ponebant
1095 1011 1174 1051 pro
1196 996 1385 1046 surrexit,
1419 995 1584 1049 [FEs'r.

205 1078 250 1113 et
269 1072 365 1125 ejus
396 1069 627 1125 participle,
663 1067 780 1123 quusi
808 1066 859 1106 sic
889 1071 1104 1115 surrectus,
1140 1064 1296 1120 quibus
1328 1064 1378 1105 L.
1410 1063 1584 1103 Livius3

191 1138 436 1195 frequenter
453 1152 496 1177 us
502 1151 545 1176 us
566 1143 636 1176 esc.

149 1207 390 1255 Surremit,²
409 1205 592 1258 sumpsit
610 1217 620 1242 ε
649 1204 778 1257 inque
799 1206 949 1243 manu4
969 1200 1171 1241 surremit
1187 1200 1377 1239 hastam.
1409 1196 1586 1250 [PAUL.

152 1272 353 1314 Surremz't
374 1271 538 1325 sumpsit
556 1286 567 1310 .·
588 1271 706 1325 inque
726 1282 902 1310 manum
924 1268 1120 1310 surremit
1140 1266 1308 1306 hastam.

152 1340 396 1389 Surremsit,
415 1339 651 1380 sustulerit.

154 1405 268 1447 Idem
288 1406 558 1459 Surempsit³
579 1404 806 1459 usurpavit,
817 1418 896 1458 pro
916 1416 1094 1457 puerum
1115 1401 1350 1444 sustulerit.

758 1513 874 1525 eeeeee

1425 1265 1588 1318 [Fsss'r.

1410 1332 1589 1386 [PAUL.

1423 1400 1589 1452 [FEsr.

877 1511 992 1523 tttttt

196 1574 216 1603 2
239 1571 303 1602 Vir
317 1571 408 1602 doct.
423 1570 455 1600 in
473 1579 577 1607 marg.
594 1569 747 1610 ejusdem
764 1568 818 1599 ed.
834 1567 972 1608 conjicit
986 1567 1206 1606 suggeris.-3
1222 1564 1306 1596 Ead.
1322 1563 1377 1595 ed.
1394 1563 1431 1595 L.
1447 1562 1591 1593 Livillus.

154 1617 216 1645 -4
238 1615 300 1645 Vir
316 1614 407 1645 doct.
425 1614 459 1644 in
474 1622 577 1654 marg.
593 1613 742 1653 ejusdem
757 1612 813 1644 ed.
830 1613 919 1651 conj.
934 1620 1068 1641 manum.

806 1716 943 1750 NOTAE

198 1790 214 1805 x
238 1784 390 1824 Suppum]
413 1783 526 1815 Graeci
544 1782 652 1814 ὕπτιον
664 1782 781 1813 dicunt
796 1792 847 1813 su-

154 1835 272 1874 pinum.
315 1833 419 1864 Silvas
442 1839 554 1863 autem
576 1833 720 1862 Veteres
742 1832 848 1872 scrip-

157 1885 252 1923 sisse,
275 1893 338 1914 non
363 1884 476 1923 sylvam,
500 1883 611 1913 omnia
627 1882 763 1923 antiqua
780 1892 849 1913 mo-

110 1938 118 1945 ·
158 1939 318 1964 flumenta
335 1937 513 1963 testantur.
537 1932 614 1962 Ant.
629 1932 713 1971 Aug.

203 1982 356 2023 Suppum]
380 1982 507 2011 Versus
534 1980 677 2012 Lucilii:
713 1981 751 2012 Si
780 1991 850 2011 vero

158 2035 226 2073 das,
242 2034 320 2073 quod
335 2035 437 2071 rogat,
451 2035 481 2062 et
496 2033 524 2062 si
547 2030 684 2071 suggeri'
712 2042 851 2072 suppum.

160 2082 393 2124 Significatum
432 2082 678 2122 proverbialem
715 2083 817 2113 babet
842 2093 849 2113 :

158 2133 222 2163 boc
248 2137 313 2170 est,
337 2134 363 2162 si
386 2132 434 2162 illi
458 2141 500 2162 ex
526 2133 697 2163 sententia
714 2142 852 2172 respon-

161 2182 243 2213 des:
268 2181 306 2218 si,
330 2182 418 2222 quod
445 2185 553 2222 optat,
579 2180 674 2213 facis.
719 2182 853 2222 Suppus

162 2238 215 2263 est
232 2241 309 2272 pars
325 2231 384 2262 tali
402 2231 527 2266 lusorii,
553 2241 627 2272 quae
651 2231 773 2263 Graece
798 2231 853 2262 ὕπ-

162 2293 225 2313 τιος
241 2282 375 2312 dicitur.
421 2281 505 2311 Cum
519 2281 605 2312 talus
628 2281 675 2312 ita
700 2281 853 2322 caderet,

164 2338 203 2364 ut
219 2333 338 2372 supina
353 2341 444 2373 pars,
460 2341 534 2372 quae
547 2331 740 2370 vocabatur,
754 2342 853 2372 supe-

164 2383 232 2413 rior
250 2385 353 2417 esset,
381 2386 455 2412 erat
475 2380 556 2411 felix
573 2381 701 2421 jactus.
744 2382 852 2422 Suppi

165 2432 318 2462 meminit
334 2431 497 2462 Isidorus.
519 2431 588 2461 Jos.
601 2430 684 2461 Scal.

217 2481 355 2522 Suppum
368 2481 490 2522 antiqui
504 2480 659 2520 dicebant]
677 2482 781 2521 Lege,
801 2481 857 2513 Vi-

168 2532 277 2563 delicet
302 2541 359 2571 pro
382 2531 590 2571 adspiratione
618 2534 763 2570 ponentes
791 2531 857 2563 lite-

167 2593 235 2613 ram
258 2581 292 2613 S.
335 2582 468 2621 Suppus
492 2586 545 2612 est
567 2591 587 2612 a
604 2582 727 2613 Graeco
742 2582 860 2622 ὕπτιος,

170 2633 278 2673 ejecto
305 2643 325 2661 τ
354 2631 448 2669 ὅπως,
472 2631 554 2666 fni-bs,
578 2638 586 2650 ‘
604 2632 731 2672 supus,’
758 2634 857 2674 ‘sup-

170 2682 258 2723 pus.'
282 2682 362 2713 Duc.

213 2738 225 2758 ⁵¹
250 2732 410 2773 Surregit]
435 2732 592 2772 Surregz't,
616 2737 651 2763 et
672 2736 787 2764 sorcius
803 2743 859 2764 ῐιιιιΒ

904 1780 986 1819 tiqui
1005 1778 1173 1819 ponebant
1188 1787 1248 1818 pro
1260 1778 1418 1816 surgit,et
1434 1776 1506 1815 ejus
1519 1785 1593 1815 par-

903 1830 1033 1869 ticipio,
1051 1829 1145 1869 quasi
1161 1830 1206 1858 sit
1223 1832 1406 1864 surrectus,
1430 1831 1467 1856 ut
1488 1830 1538 1856 est
1560 1826 1593 1855 in

905 1880 1091 1911 Annalibus
1124 1880 1161 1910 L.
1190 1878 1325 1909 Livilli:
1360 1877 1394 1908 in
1418 1877 1536 1916 quibus
1561 1877 1593 1907 id

904 1930 1101 1971 frequenter
1119 1934 1183 1960 est.
1229 1929 1354 1959 Paulus
1371 1927 1598 1963 abbreviator,

905 1990 966 2021 pro
980 1981 1018 2011 L.
1034 1980 1165 2017 Livillo,
1178 1979 1308 2009 Livium
1323 1978 1457 2018 poetam
1475 1977 1597 2007 iutelli—

906 2031 968 2071 git,
985 2030 1097 2061 nescio
1117 2040 1158 2060 an
1175 2029 1310 2060 diversa
1325 2028 1471 2059 lectione
1487 2037 1505 2058 a
1522 2037 1598 2058 nos-

906 2086 959 2112 tra
975 2089 1066 2110 usus.
1088 2080 1157 2110 Jos.
1172 2078 1257 2110 Scal.

946 2135 959 2150 z
975 2128 1144 2168 Surremz't]
1168 2127 1273 2159 Infra.
1335 2126 1456 2158 Adhuc
1473 2135 1600 2167 quino,

907 2181 970 2211 Est
984 2180 1070 2210 enim
1089 2179 1227 2210 historia
1239 2177 1374 2219 penitus
1388 2176 1600 2207 mihiincorua

908 2236 1021 2271 perta.
1048 2230 1148 2260 Idem.

952 2279 1123 2317 Surremit,
1138 2277 1281 2318 sumpsit]
1304 2277 1346 2308 In
1361 2275 1515 2307 omnibus
1530 2275 1601 2305 ειίἰς

907 2330 1056 2361 tionibus
1081 2329 1167 2359 male
1184 2334 1344 2368 aceeptus
1359 2332 1409 2357 est
1426 2326 1480 2356 hic
1495 2326 1601 2359 locus,

907 2389 982 2410 cum
1010 2378 1120 2409 media
1145 2378 1239 2408 Festi
1263 2376 1366 2407 verba
1381 2375 1503 2416 ‘findat
1529 2375 1602 2404 haec

906 2430 1006 2461 Pauli
1022 2429 1191 2469 Ερίῑοηιε,
1213 2426 1416 2467 Sum-empsit,
1430 2425 1602 2456 sustulerit.²

911 2481 1024 2513 Quare
1041 2480 1129 2510 illam
1147 2488 1280 2510 remove
1298 2478 1355 2516 sis,
1370 2481 1404 2507 et
1418 2476 1544 2516 reliqua
1554 2476 1601 2505 sic

911 2529 1123 2561 continuabis
1140 2539 1148 2560 :
1181 2528 1336 2559 Surremit
1358 2526 1497 2566 sumpsit,
1512 2526 1604 2564 inque

912 2590 1034 2611 manum
1054 2580 1199 2610 surremit
1221 2579 1352 2609 hastam.
1397 2577 1483 2606 Idem
1510 2575 1604 2604 etium

911 2631 1091 2670 surrempsz't
1104 2629 1264 2670 usurpavit
1278 2638 1333 2668 pro
1350 2636 1477 2667 puerum
1499 2628 1601 2655 sustu-

912 2682 994 2713 lerit.
1019 2683 1103 2712 Dae.

957 2736 970 2751 a
993 2730 1199 2770 Sur-tempsit]
1235 2729 1348 2760 Verba
1378 2726 1471 2758 Festi
1502 2726 1603 2756 intera
