1876 3025
631 145 995 176 FRAGMENTUM.
1425 131 1536 173 1123

91 246 244 287 nomine
265 245 474 287 librorum
491 257 502 283 :
523 250 559 284 et
578 257 664 298 quse
688 242 739 282 ab
757 240 848 281 aliis
862 236 1094 281 aza-toribus
1117 237 1311 279 sublices
1328 244 1539 278 vocantur

89 315 197 371 qaod
214 314 286 355 sub
313 314 366 354 eis
387 327 504 367 aqua
537 313 714 367 liquens
745 310 965 360 laberetur,
986 308 1126 349 clictae:
1156 307 1200 348 in
1221 319 1307 360 qua
1341 306 1540 360 opinione

76 383 173 437 fuit
294 414 303 423 .
423 411 433 422 .
551 411 561 420 .
680 409 689 419 .
809 377 878 433 qai
901 382 946 418 et
965 375 1160 417 meminit
1181 373 1347 416 Subliei
1380 374 1541 428 pontis,-

89 458 126 492 et
145 449 326 500 Naevius,
350 449 426 503 qui
449 448 512 490 ait
528 448 569 488 in
590 447 697 488 belli
722 444 874 486 Punici
896 443 998 484 libro

90 531 220 572 quam
242 517 457 571 liquidum
481 514 662 556 Sublicio
685 520 826 555 tranat
848 518 972 566 ponte
993 524 1177 561 amnem,
1198 514 1240 552 et
1263 510 1321 552 ali
1343 515 1354 533 ¹
1387 508 1542 552 tabulis

89 585 160 640 qai
185 584 317 625 adhuc
338 597 490 625 nomen
512 584 669 624 retinet
785 613 794 622 .
915 609 924 618 .
1041 608 1051 618 .
1176 607 1185 617 .
1303 577 1541 619 Sallustius

87 653 200 693 libro
232 659 385 707 quarto
418 650 696 700 historiarzmz,
731 662 784 690 nc
816 646 1078 689 inrumiendi
1099 644 1234 700 pontis
1259 643 1414 684 Sublici

90 720 333 762 sublicibus
361 724 521 761 cavata

89 793 247 829 essent.

91 856 504 909 Supervacaneum:
550 857 595 894 ut
637 850 812 901 videtur,
862 848 1042 891 secludit
1072 847 1259 890 Verrius
1299 847 1355 888 ab
1398 859 1543 896 vacuo,

87 922 196 978 quod
224 923 346 976 [103]
366 935 541 962 vacuam
563 919 726 975 quidem
743 918 906 958 dicatur
926 917 971 957 id
991 915 1313 964 tantummodo,
1332 912 1438 969 quod
1457 911 1545 967 suf-

76 990 218 1044 ficiat,
248 990 391 1043 satisq.
429 990 489 1031 sit
523 987 723 1030 familiae:
770 984 878 1042 quod
908 991 1042 1025 aulem
1074 982 1260 1037 supersit,
1291 994 1541 1035 supervaca-

90 1071 217 1098 neum
239 1056 284 1098 id
296 1056 464 1098 dicitur.

95 1124 390 1181 Strafertarios
424 1122 688 1179 appellabant
719 1122 886 1176 antiqui
921 1126 967 1161 ut
995 1119 1058 1160 ait
1090 1117 1284 1159 homines
1319 1116 1545 1158 conductos

90 1192 280 1243 mercede,
303 1192 374 1247 qui
395 1192 451 1232 ad
470 1192 644 1232 arbores
666 1189 892 1244 fulguritas
921 1185 1202 1242 piacularium
1223 1186 1546 1226 commissarum

92 1275 229 1311 causa,
260 1259 459 1312 sacrificia
501 1257 684 1314 quaeclam
716 1262 886 1299 struae.2
917 1260 959 1297 et
972 1254 1094 1310 ferto
1124 1253 1381 1294 sollemnibus
1415 1251 1546 1292 verbis

91 1328 268 1370 saciant.
360 1324 629 1367 PRECOR
691 1323 768 1365 TE
820 1321 1021 1364 JUPPJ
1034 1322 1164 1363 TER
1218 1321 1329 1362 UTI
1388 1318 1545 1360 MIHI

100 1394 349 1436 VOLENS
382 1392 741 1435 PROPJTIUS
784 1390 940 1441 SIES,
964 1389 1072 1446 qaod
1090 1395 1135 1431 et
1162 1389 1298 1439 nullo,
1324 1385 1546 1440 ctiamfie==

93 1463 163 1505 bat
185 1463 368 1504 adhibito
390 1462 675 1503 stritfertario.

95 1530 319 1582 Saberies,b
358 1530 514 1571 arboris
543 1543 684 1584 ἔθηκε,
723 1541 780 1569 ex
811 1540 898 1582 qua
927 1531 1105 1569 cortcx2
1137 1522 1365 1566 natatorius
1409 1521 1545 1562 detra-

93 1598 218 1640 hitur.
278 1598 474 1640 Lucilius
603 1627 612 1636 .
751 1627 761 1638 .
898 1626 908 1636 .
1043 1625 1054 1635 .
1191 1595 1225 1634 ti
1260 1589 1545 1634 hibernaculi,=

97 1666 386 1707 Szltcerm‘umc
422 1664 572 1705 dicitur
609 1678 714 1704 caena
732 1662 958 1718 funebris,
978 1675 1111 1716 quam
1141 1661 1224 1701 alio
1253 1659 1411 1700 nomine
1443 1669 1546 1697 exse-

93 1735 233 1790 quium
255 1734 462 1787 scriptores
479 1736 664 1774 vocant:
697 1731 773 1772 sed
894 1762 902 1770 .
1022 1760 1030 1769 .
1277 1758 1287 1769 .
1407 1755 1415 1764 .
1505 1729 1543 1764 et

100 1800 275 1844 Verrius
297 1802 544 1843 existimant
561 1798 807 1840 silicernium
821 1796 901 1838 clici
922 1797 1040 1850 quod
1056 1810 1136 1837 nos
1150 1795 1349 1838 farcimen
1365 1791 1546 1839 dicimus,

93 1885 172 1925 quo
194 1870 376 1911 fletum³
414 1868 581 1909 familia
600 1865 888 1921 purgabatur:
920 1865 1015 1919 quia
1047 1864 1162 1919 cujus
1191 1862 1365 1904 nomine
1386 1872 1440 1901 ea
1476 1871 1547 1898 res

92 1937 401 1987 instituebatur,
415 1936 452 1977 is
467 1936 561 1990 jam
579 1935 797 1976 silentium
821 1940 1011 1974 cerneret.
1048 1931 1246 1983 Cacilius,
1265 1929 1547 1971 Obolostatc,

96 2005 269 2048 Credidi
284 2003 530 2046 silicernium
551 2003 636 2057 ejus
656 2014 797 2042 messe
819 2014 1011 2042 esurum.

100 2072 257 2114 Sndam
284 2072 449 2114 Verrius
480 2071 540 2112 ait
571 2070 819 2124 significare
845 2067 1082 2110 subudum:
1114 2066 1180 2109 secl
1209 2072 1426 2107 auctorum
1459 2077 1547 2104 οτηε-

690 2189 932 2203 eeeeeeeeee

142 2274 157 2302 l
183 2270 206 2303 f.
222 2270 335 2302 ab.—2
358 2269 382 2301 f.
398 2271 559 2301 strum—3
582 2267 607 2300 f.
616 2269 711 2310 fletu.

758 2373 897 2406 NOTAE

141 2454 155 2474 b
178 2452 338 2493 suberies]
363 2450 516 2482 Isidorus
533 2449 590 2481 lib.
608 2457 699 2481 xvn.
717 2459 793 2490 cap.
849 2453 858 2466 ‘
871 2445 1098 2481 Silicernium,
1138 2440 1372 2484 Exsequium.’
1436 2440 1546 2470 Varro

98 2508 129 2536 7.
153 2503 330 2535 ‘Suberies
344 2503 456 2542 arbor,
482 2512 524 2533 ex
540 2511 607 2543 qua
632 2501 794 2532 validissi-
848 2496 1032 2537 Meleagris
1068 2494 1157 2536 apud
1192 2493 1361 2525 Nonium:
1409 2490 1418 2507 ‘
1433 2489 1546 2519 Funus

99 2566 170 2586 mus
209 2560 327 2586 cortex
364 2553 552 2584 natatorius
580 2551 794 2584 extrahitur?
850 2547 1038 2588 exsequi-ati
1059 2547 1150 2577 laute
1176 2545 1216 2575 ad
1233 2542 1447 2583 sepulchrum
1462 2539 1548 2569 anti-

100 2605 188 2637 Vide
205 2605 237 2635 in
254 2610 262 2622 ‘
277 2602 411 2635 Suber-²
849 2610 915 2642 quo
931 2608 1023 2631 more
1040 2597 1245 2629 silicernium
1263 2589 1492 2625 confecimus)

143 2660 155 2676 ⁰
180 2654 393 2694 Silicernium]
420 2652 577 2686 Placidus
595 2652 627 2684 in
645 2652 792 2684 Glossis:
