1876 3025
305 199 366 229 DE
400 194 672 227 VERBORUM
706 187 1111 222 SIGNIFICATIONE
1145 186 1240 216 LlB.
1273 184 1401 214 XV11.

1490 171 1575 215 939

181 293 306 348 fieret
334 304 501 333 vervece
521 289 713 338 bidente,
738 293 782 327 ut
800 300 842 326 eo
862 282 1055 335 sacrificio
1076 293 1201 336 poena
1231 279 1390 320 solutis
1414 276 1578 325 civibus,

191 367 312 415 capnt
342 360 472 414 ipsam
493 356 694 406 damnati,
725 352 1101 409 patrimoniumque
1129 348 1192 389 cni
1222 345 1445 386 delibatum
1467 350 1579 394 essct,

194 428 238 468 id
263 428 381 468 fieret
402 439 566 467 sacrum.
586 422 693 473 Deo,
714 420 882 476 ‘indeque
898 418 1032 475 sitisse
1066 417 1254 464 solitum,
1281 418 1330 454 ut
1355 412 1453 467 quia
1486 418 1581 451 tunc

193 495 235 535 in
260 493 412 534 Forum
430 491 695 546 supplicandi
725 502 864 531 causa
889 485 1076 541 prodiret
1108 482 1200 523 Rex
1220 494 1443 529 sacrorum,
1475 483 1520 520 ut
1537 477 1582 518 id

193 568 416 604 vocaretur
437 558 692 614 supplicium,
714 556 784 598 hoc
817 568 914 596 vero
944 565 1118 606 semper
1155 551 1337 592 relatam
1369 562 1394 587 a
1430 545 1582 593 multis,

193 644 271 685 quo
292 629 474 682 exemplo
495 628 622 668 docet
658 623 866 679 supplicia
887 622 966 663 dici
984 619 1299 675 supplicamenta
1317 631 1328 655 .·
1358 628 1472 656 nunc
1495 613 1581 654 fere

195 696 413 751 supplicia
429 711 507 750 pro
523 694 654 749 poem's
676 693 880 733 dicuntur.

144 763 423 818 Suppliciumt
442 777 467 804 a
488 760 708 816 suppliciis
742 757 893 812 differt,
930 763 975 797 ut
994 770 1087 796 usus
1119 753 1278 806 arguit,
1302 750 1417 805 quod
1449 748 1492 788 in
1513 761 1586 787 usu

197 831 263 882 sit,
283 838 328 872 ut
347 829 512 872 dicimus
535 830 630 871 haec
652 829 865 875 Deorum,
898 823 1003 865 illud
1022 821 1250 864 hominum:
1283 832 1369 860 cum
1398 818 1588 857 sumatur

793 914 935 948 NOTAE

140 985 183 1016 ab
209 983 375 1016 incendiis
404 982 628 1025 parceretur-⁹
672 982 758 1014 Quae
789 990 840 1011 se-

142 1039 289 1076 qunntur
306 1044 409 1076 usqne
427 1034 468 1065 ad
494 1044 552 1074 quo
575 1033 711 1072 exemplo
737 1030 843 1061 verba

145 1091 223 1117 sunt
239 1086 346 1117 Sinnii
363 1085 551 1125 Capitonis,
567 1082 749 1114 referentis
764 1090 842 1121 sup-

143 1137 285 1178 plicium
300 1136 378 1168 inde
395 1136 474 1171 dici,
488 1135 578 1177 quod
596 1144 671 1165 cum
688 1133 769 1164 civis
786 1141 843 1163 ne·

146 1191 283 1218 caretur
314 1195 372 1216 rex
398 1194 572 1216 sacrorum
593 1184 626 1214 in
643 1183 751 1214 forum
769 1191 844 1223 pro-

145 1235 254 1274 dibat,
279 1241 316 1267 ut
333 1235 500 1266 Semoniae
516 1236 600 1266 Deae
616 1233 707 1275 (quae
725 1232 844 1264 eadem

147 1292 183 1317 et
201 1285 340 1326 Naenia)
366 1295 434 1316 rem
461 1294 592 1316 sacram
621 1283 764 1323 faceret,
781 1292 845 1324 qua

145 1336 237 1367 cives
251 1345 349 1376 poena
365 1336 587 1370 solverentur,
604 1339 638 1366 et
651 1344 692 1364 ex
704 1342 787 1364 nece
799 1333 845 1364 ci-

145 1388 195 1417 vis
222 1388 450 1422 amolirentur,
479 1386 660 1428 piaculum,
683 1389 719 1416 et
742 1389 847 1424 caput

148 1438 305 1468 Damnati
332 1439 488 1478 bonaque
512 1437 581 1477 ejus
608 1444 847 1467 consecraren-

147 1493 215 1520 tur.
260 1488 346 1519 Inde
375 1488 497 1519 Isidor.
529 1486 588 1519 lib.
620 1495 654 1517 v.
687 1496 763 1527 cap.
792 1488 847 1516 27.

148 1539 157 1555 ‘
173 1539 382 1579 Supplicium
398 1537 534 1579 proprie
551 1537 687 1572 dicitur,
703 1546 767 1568 non
783 1547 849 1578 quo

147 1589 222 1630 quis
249 1589 401 1629 punitur,
425 1587 483 1619 sed
509 1588 566 1628 qui
595 1588 642 1618 ita
657 1588 851 1625 damnatur,

148 1645 187 1669 ut
204 1639 292 1669 bona
309 1639 380 1678 ejus
393 1642 650 1677 consecrentur,
665 1643 698 1669 et
715 1638 747 1668 in
766 1638 851 1679 pub-

146 1689 214 1719 lico
237 1688 443 1727 redigantur.
491 1688 579 1718 Nam
607 1687 777 1728 supplicia
803 1687 853 1717 di-

150 1737 314 1769 cebantur
341 1738 625 1778 supplicamenta,
660 1742 695 1768 et
725 1737 854 1778 snppli-

151 1789 241 1819 cium
272 1788 408 1823 dicitur,
437 1788 479 1819 de
511 1788 607 1828 cujus
635 1787 854 1819 damnatione

152 1838 321 1869 delibatur
349 1838 476 1878 aliquid
504 1836 603 1868 Deo.’
650 1838 692 1868 Et
720 1837 778 1868 lib.
806 1846 855 1868 vr.

153 1899 231 1929 cap.
249 1891 300 1920 18.
328 1898 370 1918 ex
398 1888 515 1919 Servio
542 1888 574 1917 in
605 1887 661 1918 lib.
682 1897 705 1918 ι.
725 1887 856 1918 AEneid.

151 1940 160 1956 ‘
180 1938 280 1969 Unde
309 1937 477 1978 supplicia
505 1936 663 1968 dicuntur
686 1937 856 1977 supplica-

157 1989 280 2026 tionem,
303 1998 378 2028 quae
405 1987 533 2018 fiebant
559 1986 600 2016 de
628 1986 726 2016 bonis
743 1997 858 2026 passo-

155 2047 228 2069 rum
245 2036 411 2077 supplicia
426 2047 434 2073 3
451 2045 556 2066 sacrae
573 2035 661 2066 enim
678 2045 730 2066 res
748 2036 790 2066 de
806 2046 857 2067 re-

157 2087 219 2118 bus
249 2085 518 2117 execrandornm
548 2084 700 2116 fiebant.’
753 2086 857 2118 Nunc

155 2137 238 2168 satis
267 2140 419 2176 apertum
446 2145 507 2166 cur
532 2139 652 2174 postea
674 2136 857 2175 supplicium

157 2187 201 2218 de
218 2196 317 2227 poena
334 2185 470 2225 capitali
487 2185 613 2216 dictum
628 2185 682 2216 sit.
706 2185 805 2218 Idem.

202 2236 375 2277 Supplicia]
401 2236 469 2267 Hic
494 2235 602 2265 multa
628 2235 759 2275 Festus,
783 2245 856 2276 quae

157 2288 379 2327 interpretem
397 2284 601 2318 desiderant,
618 2285 671 2315 vel
688 2285 801 2324 potius
820 2285 857 2315 li-

162 2338 261 2368 brum
278 2335 553 2368 emendatiorem.
577 2334 656 2365 Ant.
674 2335 760 2373 Aug.

205 2385 361 2425 Supplic.]
400 2384 574 2424 Supplicia
603 2389 682 2415 sunt
711 2389 861 2424 sceptra,

162 2443 238 2476 quae
255 2434 498 2465 caduceatores
516 2437 663 2472 portant.
707 2434 790 2464 Sunt
804 2443 861 2464 au-

163 2490 233 2516 tem
264 2483 418 2514 verbenae
446 2482 553 2513 felicis
587 2482 727 2513 arboris.
783 2484 861 2514 Non

163 2535 252 2565 enim
270 2534 333 2564 alia
356 2533 523 2572 supplicia
539 2532 589 2563 fas
603 2538 689 2573 erat,
703 2543 801 2574 quam
819 2543 861 2563 ex

164 2583 335 2620 verbenis,
365 2582 460 2612 sumi.
511 2583 598 2613 Sunt
625 2588 659 2613 et
687 2584 864 2624 supplicia,

164 2644 250 2675 quae,
285 2643 360 2663 cum
393 2632 474 2663 civis
503 2638 696 2668 necaretur,
726 2634 864 2666 fiebant.

166 2684 263 2714 Tunc
294 2683 381 2713 enim
406 2681 572 2712 Semoniae
604 2691 662 2712 rex
693 2693 865 2715 sacrorum

167 2742 304 2764 vervece
323 2731 460 2763 bidente
477 2729 573 2771 facit,
596 2737 632 2763 ut
650 2731 778 2765 civibus
795 2743 863 2775 poe=

890 988 932 1010 na
948 977 1075 1016 solutis,
1090 980 1196 1017 caput
1217 971 1382 1010 damnati,
1395 967 1591 1011 patrimoni-

891 1038 1025 1070 umque,
1042 1027 1138 1067 cnjus
1157 1035 1258 1056 causa
1275 1023 1307 1054 id
1324 1022 1434 1059 fieret,
1458 1029 1591 1050 sacrum

893 1081 987 1113 Divis
1011 1079 1162 1110 manibus
1191 1081 1291 1108 esset.
1334 1074 1420 1105 Inde
1446 1072 1593 1109 solitum,

892 1141 967 1162 cum
985 1129 1098 1171 prodit
1114 1125 1329 1159 sacrificandi
1347 1133 1448 1156 causa
1464 1132 1524 1153 rex
1540 1130 1592 1152 sa-

893 1191 1039 1216 crorum,
1063 1184 1100 1211 ut
1132 1178 1166 1209 id
1197 1181 1338 1208 vocetur
1369 1172 1591 1214 supplicium:

895 1231 989 1272 quasi
1008 1239 1086 1261 vero
1104 1237 1239 1269 semper
1253 1227 1322 1257 ela.
1337 1249 1345 1256 .
1360 1247 1367 1255 .
1382 1247 1389 1255 .
1403 1232 1468 1265 quo
1485 1231 1597 1253 exem-

894 1282 951 1322 plo
977 1280 1080 1311 docet
1111 1277 1277 1319 supplicia
1305 1285 1376 1306 esse
1404 1271 1593 1304 sacrificia:

895 1338 930 1363 at
944 1341 1033 1362 nunc
1057 1330 1128 1361 fere
1155 1328 1320 1369 supplicia
1343 1335 1405 1367 pro
1423 1323 1529 1365 poenis
1546 1322 1596 1352 di-

895 1387 1030 1414 cuntur.
1076 1380 1177 1416 Ham,
1206 1383 1264 1409 ant
1288 1387 1354 1408 non
1384 1375 1524 1406 multum
1548 1372 1597 1403 di-

897 1441 1005 1466 versa,
1023 1429 1197 1469 scripsisse
1210 1428 1347 1458 Festum
1362 1430 1529 1466 putamus.
1552 1423 1599 1453 Et

897 1491 973 1513 cum
998 1488 1129 1510 sacrum
1161 1477 1260 1508 fieret
1284 1485 1343 1516 pro
1361 1484 1413 1509 eo,
1429 1473 1526 1513 cnjus
1544 1482 1599 1503 ca-

899 1536 960 1573 put
974 1531 1133 1560 devotum
1151 1532 1256 1565 esset,
1282 1535 1348 1567 quo
1366 1525 1601 1564 supplicarent

901 1583 986 1620 Diis,
1011 1585 1045 1612 et
1070 1580 1336 1619 deprecarentur
1359 1576 1397 1606 τὸ
1421 1574 1602 1613 νεμεσητὸν,

901 1633 978 1674 quia
1009 1630 1242 1662 interficerent
1273 1628 1393 1665 civem,
1419 1630 1602 1666 propterea

902 1682 1103 1723 supplicium
1133 1679 1199 1710 dici
1228 1683 1377 1717 coeptum
1409 1685 1470 1715 pro
1502 1683 1603 1715 poena

903 1731 1055 1772 capitali.
1111 1730 1199 1761 Sane
1232 1728 1338 1759 ariete
1369 1731 1428 1757 aut
1459 1734 1603 1756 vervece

904 1783 1059 1814 solebant
1079 1779 1209 1811 amoliri
1228 1782 1440 1809 contractum
1459 1785 1500 1805 ex
1520 1785 1604 1806 nece

904 1833 1043 1873 alicujus
1055 1831 1224 1872 piaculum
1240 1839 1247 1859 ε
1265 1827 1354 1868 quod
1367 1836 1468 1866 supra
1483 1826 1516 1856 in
1528 1826 1604 1866 lege

906 1884 1027 1915 Numae
1055 1892 1073 1912 a
1101 1880 1197 1911 nobis
1221 1880 1411 1918 expositum
1434 1881 1498 1906 est.
1545 1877 1605 1906 Se-

906 1934 1025 1965 moniae
1042 1933 1125 1962 Deae
1143 1929 1293 1961 meminit
1305 1938 1346 1958 ex
1363 1929 1516 1958 Varrone
1536 1927 1603 1957 Au-

907 1984 1083 2025 gustinus:
1123 1979 1345 2021 reprehendit
1372 1977 1497 2008 deinde
1521 1977 1606 2007 Ver-

908 2035 993 2065 rium
1011 2041 1104 2063 more
1122 2041 1196 2068 sno,
1216 2030 1272 2071 qui
1293 2030 1325 2060 in
1350 2029 1414 2059 hoc
1431 2028 1534 2058 verbo
1551 2038 1608 2059 ex-

908 2082 1072 2125 plicando
1088 2080 1321 2111 liallucinetur.
1344 2079 1412 2110 Jos.
1428 2077 1511 2109 Scal.

951 2136 960 2155 2
985 2131 1191 2174 Supplicium]
1217 2128 1611 2170 Suppliciumasupplicir's

910 2184 1031 2226 differt.
1075 2183 1115 2213 Id
1134 2180 1223 2222 quod
1246 2179 1454 2211 consuetudo
1476 2178 1609 2218 arguit:

912 2234 1001 2276 qnod
1029 2233 1193 2263 soleamus
1219 2230 1334 2261 dicere
1358 2230 1429 2260 haec
1461 2229 1610 2259 Deorum

913 2284 1088 2325 supplicia.
1135 2283 1262 2313 Contra
1282 2280 1434 2314 dicimus,
1450 2283 1487 2309 ut
1503 2289 1611 2309 suma-

913 2340 967 2366 tur
989 2332 1190 2373 supplicium
1205 2330 1246 2361 de
1264 2329 1395 2370 aliquo:
1420 2328 1453 2359 id
1472 2334 1535 2363 est,
1552 2329 1609 2359 de—

913 2389 1090 2425 portetur:
1116 2379 1350 2420 antjubeatur
1374 2377 1486 2419 flagris
1513 2378 1612 2409 caedi.

918 2435 1016 2464 Idem.

960 2480 1169 2523 Supplicium]
1182 2479 1267 2510 Haec
1278 2478 1508 2518 superioribus
1526 2487 1610 2518 pra*-

916 2534 1004 2564 mitti
1022 2532 1159 2569 debent,
1176 2534 1210 2560 et
1228 2539 1300 2559 cum
1320 2528 1359 2558 iis
1376 2528 1423 2558 ita
1439 2528 1613 2565 conjungi,

916 2588 954 2614 ut
981 2586 1083 2622 caput
1109 2589 1209 2611 unum
1237 2577 1396 2608 efficiant.
1442 2577 1497 2606 Ita
1524 2576 1614 2606 enim

920 2632 1075 2664 Schedae.
1121 2630 1181 2661 Ait
1212 2630 1346 2666 Festus,
1370 2627 1436 2656 sive
1461 2626 1615 2664 Verrius,

919 2682 1068 2722 supplicia
1084 2680 1151 2710 dit-i
1168 2680 1320 2709 Deorum
1339 2676 1616 2716 supplicationes,

919 2731 1100 2773 supplicium
1117 2737 1195 2761 vero
1218 2737 1282 2770 quo
1298 2727 1446 2758 homiues
1463 2726 1616 2767 plectun-
