<?xml version="1.0" encoding="UTF-8"?>
<!DOCTYPE html PUBLIC "-//W3C//DTD XHTML 1.0 Transitional//EN"
    "http://www.w3.org/TR/xhtml1/DTD/xhtml1-transitional.dtd">
<html xmlns="http://www.w3.org/1999/xhtml" xml:lang="en" lang="en">
 <head>
  <title>
</title>
<meta http-equiv="Content-Type" content="text/html;charset=utf-8" />
  <meta name='ocr-system' content='tesseract 3.04.00' />
  <meta name='ocr-capabilities' content='ocr_page ocr_carea ocr_par ocr_line ocrx_word'/>
</head>
<body>
  <div class='ocr_page' id='page_1' title='image "./mverriiflacciqua02verruoft/mverriiflacciqua02verruoft_0353.png"; bbox 0 0 1876 3025; ppageno 0'>
   <div class='ocr_carea' id='block_1_1' title="bbox 300 187 665 217">
    <p class='ocr_par' dir='ltr' id='par_1_1' title="bbox 300 187 665 217">
     <span class='ocr_line' id='line_1_1' title="bbox 300 187 665 217; baseline -0.008 0"><span class='ocrx_word' id='word_1_1' title='bbox 300 188 361 217; x_wconf 87' lang='lat' dir='ltr'><strong>DE</strong></span> <span class='ocrx_word' id='word_1_2' title='bbox 395 187 622 217; x_wconf 79' lang='lat' dir='ltr'>VERBORU</span> <span class='ocrx_word' id='word_1_3' title='bbox 636 187 665 215; x_wconf 90' lang='grc' dir='ltr'><strong>Μ</strong></span> 
     </span>
    </p>
   </div>
   <div class='ocr_carea' id='block_1_2' title="bbox 704 176 1569 217">
    <p class='ocr_par' dir='ltr' id='par_1_2' title="bbox 704 176 1569 217">
     <span class='ocr_line' id='line_1_2' title="bbox 704 176 1569 217; baseline 0.001 -2"><span class='ocrx_word' id='word_1_4' title='bbox 704 185 1119 216; x_wconf 71' lang='lat' dir='ltr'><strong>srchrwATioNE</strong></span> <span class='ocrx_word' id='word_1_5' title='bbox 1154 186 1246 215; x_wconf 72' lang='lat' dir='ltr'><strong>Lm.</strong></span> <span class='ocrx_word' id='word_1_6' title='bbox 1282 186 1430 215; x_wconf 73' lang='lat' dir='ltr'><strong>xvxii.</strong></span> <span class='ocrx_word' id='word_1_7' title='bbox 1488 176 1569 217; x_wconf 57' lang='grc' dir='ltr'><strong>ΒΜ</strong></span> 
     </span>
    </p>
   </div>
   <div class='ocr_carea' id='block_1_3' title="bbox 125 281 1576 405">
    <p class='ocr_par' dir='ltr' id='par_1_3' title="bbox 125 281 1576 405">
     <span class='ocr_line' id='line_1_3' title="bbox 125 281 1575 337; baseline -0.001 -12"><span class='ocrx_word' id='word_1_8' title='bbox 125 285 304 326; x_wconf 77' lang='lat' dir='ltr'><strong>Torrere</strong></span> <span class='ocrx_word' id='word_1_9' title='bbox 332 297 358 324; x_wconf 90' lang='lat' dir='ltr'><strong>a</strong></span> <span class='ocrx_word' id='word_1_10' title='bbox 386 288 528 324; x_wconf 87' lang='lat' dir='ltr'><strong>torreo</strong></span> <span class='ocrx_word' id='word_1_11' title='bbox 544 282 797 325; x_wconf 59' lang='lat' dir='ltr'><strong>„deductum</strong></span> <span class='ocrx_word' id='word_1_12' title='bbox 824 283 998 337; x_wconf 84' lang='lat' dir='ltr'><strong>proprie</strong></span> <span class='ocrx_word' id='word_1_13' title='bbox 1031 282 1249 335; x_wconf 84' lang='lat' dir='ltr'><strong>significat</strong></span> <span class='ocrx_word' id='word_1_14' title='bbox 1279 282 1364 323; x_wconf 86' lang='lat' dir='ltr'><strong>sic·</strong></span> <span class='ocrx_word' id='word_1_15' title='bbox 1395 281 1575 336; x_wconf 77' lang='lat' dir='ltr'>[PAUL.</span> 
     </span>
     <span class='ocr_line' id='line_1_4' title="bbox 184 350 1576 405; baseline -0.002 -13"><span class='ocrx_word' id='word_1_16' title='bbox 184 365 298 400; x_wconf 86' lang='lat' dir='ltr'><strong>care,</strong></span> <span class='ocrx_word' id='word_1_17' title='bbox 330 356 461 405; x_wconf 88' lang='lat' dir='ltr'><strong>atque</strong></span> <span class='ocrx_word' id='word_1_18' title='bbox 490 350 734 392; x_wconf 83' lang='lat' dir='ltr'>arefacere:</span> <span class='ocrx_word' id='word_1_19' title='bbox 767 351 844 392; x_wconf 89' lang='lat' dir='ltr'><strong>sed</strong></span> <span class='ocrx_word' id='word_1_20' title='bbox 881 356 1138 404; x_wconf 83' lang='lat' dir='ltr'><strong>usurpatum</strong></span> <span class='ocrx_word' id='word_1_21' title='bbox 1169 355 1238 390; x_wconf 89' lang='lat' dir='ltr'><strong>est</strong></span> <span class='ocrx_word' id='word_1_22' title='bbox 1266 350 1396 391; x_wconf 84' lang='lat' dir='ltr'><strong>etiam</strong></span> <span class='ocrx_word' id='word_1_23' title='bbox 1421 362 1502 403; x_wconf 90' lang='lat' dir='ltr'><strong>pro</strong></span> <span class='ocrx_word' id='word_1_24' title='bbox 1523 362 1576 389; x_wconf 89' lang='lat' dir='ltr'><strong>eo</strong></span> 
     </span>
    </p>
   </div>
   <div class='ocr_carea' id='block_1_4' title="bbox 185 419 638 474">
    <p class='ocr_par' dir='ltr' id='par_1_4' title="bbox 185 419 638 474">
     <span class='ocr_line' id='line_1_5' title="bbox 185 419 638 474; baseline 0 -14"><span class='ocrx_word' id='word_1_25' title='bbox 185 434 241 474; x_wconf 93' lang='lat' dir='ltr'><strong>qu</strong></span> <span class='ocrx_word' id='word_1_26' title='bbox 248 419 302 460; x_wconf 92' lang='lat' dir='ltr'><strong>od</strong></span> <span class='ocrx_word' id='word_1_27' title='bbox 326 420 381 460; x_wconf 87' lang='lat' dir='ltr'><strong>sit</strong></span> <span class='ocrx_word' id='word_1_28' title='bbox 399 420 638 474; x_wconf 82' lang='lat' dir='ltr'>ignescere.</span> 
     </span>
    </p>
   </div>
   <div class='ocr_carea' id='block_1_5' title="bbox 127 486 1577 540">
    <p class='ocr_par' dir='ltr' id='par_1_5' title="bbox 127 486 1577 540">
     <span class='ocr_line' id='line_1_6' title="bbox 127 486 1577 540; baseline -0.002 -12"><span class='ocrx_word' id='word_1_29' title='bbox 127 488 332 530; x_wconf 88' lang='lat' dir='ltr'><strong>Torvitas</strong></span> <span class='ocrx_word' id='word_1_30' title='bbox 355 502 381 530; x_wconf 92' lang='lat' dir='ltr'><strong>a</strong></span> <span class='ocrx_word' id='word_1_31' title='bbox 401 488 567 530; x_wconf 83' lang='lat' dir='ltr'><strong>ferocia</strong></span> <span class='ocrx_word' id='word_1_32' title='bbox 586 490 821 536; x_wconf 86' lang='lat' dir='ltr'><strong>taurorum,</strong></span> <span class='ocrx_word' id='word_1_33' title='bbox 853 487 982 540; x_wconf 86' lang='lat' dir='ltr'><strong>quasi</strong></span> <span class='ocrx_word' id='word_1_34' title='bbox 1013 486 1126 528; x_wconf 87' lang='lat' dir='ltr'><strong>tauri</strong></span> <span class='ocrx_word' id='word_1_35' title='bbox 1149 486 1381 536; x_wconf 81' lang='lat' dir='ltr'><strong>acerbitaS,</strong></span> <span class='ocrx_word' id='word_1_36' title='bbox 1415 489 1484 526; x_wconf 87' lang='lat' dir='ltr'><strong>est</strong></span> <span class='ocrx_word' id='word_1_37' title='bbox 1504 498 1577 525; x_wconf 93' lang='lat' dir='ltr'><strong>vo-</strong></span> 
     </span>
    </p>
   </div>
   <div class='ocr_carea' id='block_1_6' title="bbox 185 561 300 598">
    <p class='ocr_par' dir='ltr' id='par_1_6' title="bbox 185 561 300 598">
     <span class='ocr_line' id='line_1_7' title="bbox 185 561 300 598; baseline 0 -1"><span class='ocrx_word' id='word_1_38' title='bbox 185 561 300 598; x_wconf 88' lang='lat' dir='ltr'><strong>cata.</strong></span> 
     </span>
    </p>
   </div>
   <div class='ocr_carea' id='block_1_7' title="bbox 126 621 1093 666">
    <p class='ocr_par' dir='ltr' id='par_1_7' title="bbox 126 621 1093 666">
     <span class='ocr_line' id='line_1_8' title="bbox 126 621 1093 666; baseline -0.002 -2"><span class='ocrx_word' id='word_1_39' title='bbox 126 621 360 665; x_wconf 82' lang='lat' dir='ltr'><strong>Torvitasf</strong></span> <span class='ocrx_word' id='word_1_40' title='bbox 388 638 413 664; x_wconf 85' lang='lat' dir='ltr'><strong>a</strong></span> <span class='ocrx_word' id='word_1_41' title='bbox 442 623 608 664; x_wconf 83' lang='lat' dir='ltr'><strong>ferocia</strong></span> <span class='ocrx_word' id='word_1_42' title='bbox 629 625 851 663; x_wconf 87' lang='lat' dir='ltr'><strong>taurorum</strong></span> <span class='ocrx_word' id='word_1_43' title='bbox 873 621 993 666; x_wconf 81' lang='lat' dir='ltr'><strong>dicta</strong></span> <span class='ocrx_word' id='word_1_44' title='bbox 1014 626 1093 664; x_wconf 91' lang='lat' dir='ltr'><strong>est.</strong></span> 
     </span>
    </p>
   </div>
   <div class='ocr_carea' id='block_1_8' title="bbox 1156 621 1578 675">
    <p class='ocr_par' dir='ltr' id='par_1_8' title="bbox 1156 621 1578 675">
     <span class='ocr_line' id='line_1_9' title="bbox 1156 621 1578 675; baseline -0.002 -13"><span class='ocrx_word' id='word_1_45' title='bbox 1156 621 1380 663; x_wconf 87' lang='lat' dir='ltr'><strong>Pacuvius</strong></span> <span class='ocrx_word' id='word_1_46' title='bbox 1411 621 1578 675; x_wconf 79' lang='lat' dir='ltr'><strong>[FEST.</strong></span> 
     </span>
    </p>
   </div>
   <div class='ocr_carea' id='block_1_9' title="bbox 184 690 1582 812">
    <p class='ocr_par' dir='ltr' id='par_1_9' title="bbox 184 690 1582 812">
     <span class='ocr_line' id='line_1_10' title="bbox 184 690 1581 746; baseline -0.001 -15"><span class='ocrx_word' id='word_1_47' title='bbox 184 691 229 732; x_wconf 91' lang='lat' dir='ltr'><strong>in</strong></span> <span class='ocrx_word' id='word_1_48' title='bbox 264 691 495 733; x_wconf 86' lang='lat' dir='ltr'><strong>Armorum</strong></span> <span class='ocrx_word' id='word_1_49' title='bbox 521 692 716 746; x_wconf 86' lang='lat' dir='ltr'><strong>judicio:</strong></span> <span class='ocrx_word' id='word_1_50' title='bbox 752 690 886 731; x_wconf 89' lang='lat' dir='ltr'><strong>feroci</strong></span> <span class='ocrx_word' id='word_1_51' title='bbox 921 690 1096 744; x_wconf 83' lang='lat' dir='ltr'><strong>ingenio</strong></span> <span class='ocrx_word' id='word_1_52' title='bbox 1136 695 1300 740; x_wconf 81' lang='lat' dir='ltr'><strong>torvus,</strong></span> <span class='ocrx_word' id='word_1_53' title='bbox 1335 690 1581 745; x_wconf 74' lang='lat' dir='ltr'><strong>praegrandi</strong></span> 
     </span>
     <span class='ocr_line' id='line_1_11' title="bbox 187 756 1582 812; baseline -0.003 -11"><span class='ocrx_word' id='word_1_54' title='bbox 187 760 347 810; x_wconf 79' lang='lat' dir='ltr'><strong>gradu:</strong></span> <span class='ocrx_word' id='word_1_55' title='bbox 380 766 449 801; x_wconf 90' lang='lat' dir='ltr'><strong>et:</strong></span> <span class='ocrx_word' id='word_1_56' title='bbox 483 773 581 801; x_wconf 88' lang='lat' dir='ltr'><strong>cum</strong></span> <span class='ocrx_word' id='word_1_57' title='bbox 602 758 809 800; x_wconf 86' lang='lat' dir='ltr'><strong>recordor</strong></span> <span class='ocrx_word' id='word_1_58' title='bbox 837 758 932 812; x_wconf 87' lang='lat' dir='ltr'><strong>ejus</strong></span> <span class='ocrx_word' id='word_1_59' title='bbox 963 758 1153 800; x_wconf 86' lang='lat' dir='ltr'><strong>ferocem</strong></span> <span class='ocrx_word' id='word_1_60' title='bbox 1182 763 1224 800; x_wconf 86' lang='lat' dir='ltr'><strong>et</strong></span> <span class='ocrx_word' id='word_1_61' title='bbox 1245 764 1414 799; x_wconf 87' lang='lat' dir='ltr'><strong>torvam</strong></span> <span class='ocrx_word' id='word_1_62' title='bbox 1444 756 1582 798; x_wconf 90' lang='lat' dir='ltr'><strong>confi-</strong></span> 
     </span>
    </p>
   </div>
   <div class='ocr_carea' id='block_1_10' title="bbox 188 827 392 869">
    <p class='ocr_par' dir='ltr' id='par_1_10' title="bbox 188 827 392 869">
     <span class='ocr_line' id='line_1_12' title="bbox 188 827 392 869; baseline -0.005 0"><span class='ocrx_word' id='word_1_63' title='bbox 188 827 392 869; x_wconf 82' lang='lat' dir='ltr'>dentiam.</span> 
     </span>
    </p>
   </div>
   <div class='ocr_carea' id='block_1_11' title="bbox 130 893 1581 949">
    <p class='ocr_par' dir='ltr' id='par_1_11' title="bbox 130 893 1581 949">
     <span class='ocr_line' id='line_1_13' title="bbox 130 893 1581 949; baseline -0.001 -14"><span class='ocrx_word' id='word_1_64' title='bbox 130 894 326 946; x_wconf 77' lang='lat' dir='ltr'><strong>Torum,g</strong></span> <span class='ocrx_word' id='word_1_65' title='bbox 354 903 402 938; x_wconf 89' lang='lat' dir='ltr'><strong>ut</strong></span> <span class='ocrx_word' id='word_1_66' title='bbox 432 896 643 949; x_wconf 83' lang='lat' dir='ltr'><strong>significet</strong></span> <span class='ocrx_word' id='word_1_67' title='bbox 670 894 900 944; x_wconf 88' lang='lat' dir='ltr'><strong>torridum,</strong></span> <span class='ocrx_word' id='word_1_68' title='bbox 933 894 1119 945; x_wconf 82' lang='lat' dir='ltr'><strong>aridum,</strong></span> <span class='ocrx_word' id='word_1_69' title='bbox 1150 908 1382 949; x_wconf 83' lang='lat' dir='ltr'><strong>perunum</strong></span> <span class='ocrx_word' id='word_1_70' title='bbox 1404 893 1581 948; x_wconf 84' lang='lat' dir='ltr'><strong>quidem</strong></span> 
     </span>
    </p>
   </div>
   <div class='ocr_carea' id='block_1_12' title="bbox 189 963 1040 1018">
    <p class='ocr_par' dir='ltr' id='par_1_12' title="bbox 189 963 1040 1018">
     <span class='ocr_line' id='line_1_14' title="bbox 189 963 1040 1018; baseline -0.001 -14"><span class='ocrx_word' id='word_1_71' title='bbox 189 964 233 1004; x_wconf 83' lang='lat' dir='ltr'>R</span> <span class='ocrx_word' id='word_1_72' title='bbox 264 965 443 1018; x_wconf 85' lang='lat' dir='ltr'><strong>antiqua</strong></span> <span class='ocrx_word' id='word_1_73' title='bbox 472 963 789 1005; x_wconf 83' lang='lat' dir='ltr'><strong>consuetudine</strong></span> <span class='ocrx_word' id='word_1_74' title='bbox 821 964 1040 1004; x_wconf 84' lang='lat' dir='ltr'><strong>scribitur.</strong></span> 
     </span>
    </p>
   </div>
   <div class='ocr_carea' id='block_1_13' title="bbox 1101 962 1582 1017">
    <p class='ocr_par' dir='ltr' id='par_1_13' title="bbox 1101 962 1582 1017">
     <span class='ocr_line' id='line_1_15' title="bbox 1101 962 1582 1017; baseline -0.008 -12"><span class='ocrx_word' id='word_1_75' title='bbox 1101 964 1189 1005; x_wconf 86' lang='lat' dir='ltr'><strong>Sed</strong></span> <span class='ocrx_word' id='word_1_76' title='bbox 1219 964 1349 1017; x_wconf 83' lang='lat' dir='ltr'><strong>quasi</strong></span> <span class='ocrx_word' id='word_1_77' title='bbox 1380 975 1460 1016; x_wconf 91' lang='lat' dir='ltr'><strong>per</strong></span> <span class='ocrx_word' id='word_1_78' title='bbox 1496 962 1582 1002; x_wconf 86' lang='lat' dir='ltr'><strong>duo</strong></span> 
     </span>
    </p>
   </div>
   <div class='ocr_carea' id='block_1_14' title="bbox 189 1031 1584 1151">
    <p class='ocr_par' dir='ltr' id='par_1_14' title="bbox 189 1031 1584 1151">
     <span class='ocr_line' id='line_1_16' title="bbox 189 1031 1584 1086; baseline -0.002 -14"><span class='ocrx_word' id='word_1_79' title='bbox 189 1031 232 1073; x_wconf 81' lang='lat' dir='ltr'><strong>R</strong></span> <span class='ocrx_word' id='word_1_80' title='bbox 253 1033 478 1081; x_wconf 80' lang='lat' dir='ltr'><strong>scribatur,</strong></span> <span class='ocrx_word' id='word_1_81' title='bbox 500 1032 770 1086; x_wconf 86' lang='lat' dir='ltr'><strong>pronuntiari</strong></span> <span class='ocrx_word' id='word_1_82' title='bbox 806 1036 995 1085; x_wconf 84' lang='lat' dir='ltr'><strong>oportet,</strong></span> <span class='ocrx_word' id='word_1_83' title='bbox 1016 1045 1115 1073; x_wconf 89' lang='lat' dir='ltr'><strong>nam</strong></span> <span class='ocrx_word' id='word_1_84' title='bbox 1138 1033 1305 1085; x_wconf 85' lang='lat' dir='ltr'><strong>antiqui</strong></span> <span class='ocrx_word' id='word_1_85' title='bbox 1326 1044 1405 1072; x_wconf 86' lang='lat' dir='ltr'><strong>neo</strong></span> <span class='ocrx_word' id='word_1_86' title='bbox 1422 1034 1584 1078; x_wconf 84' lang='lat' dir='ltr'><strong>mutas,</strong></span> 
     </span>
     <span class='ocr_line' id='line_1_17' title="bbox 190 1097 1583 1151; baseline -0.001 -11"><span class='ocrx_word' id='word_1_87' title='bbox 190 1113 266 1140; x_wconf 85' lang='lat' dir='ltr'><strong>nec</strong></span> <span class='ocrx_word' id='word_1_88' title='bbox 289 1101 575 1142; x_wconf 78' lang='lat' dir='ltr'><strong>semivocales</strong></span> <span class='ocrx_word' id='word_1_89' title='bbox 596 1100 746 1140; x_wconf 78' lang='lat' dir='ltr'><strong>literas</strong></span> <span class='ocrx_word' id='word_1_90' title='bbox 769 1099 1062 1151; x_wconf 81' lang='lat' dir='ltr'><strong>geminabant,</strong></span> <span class='ocrx_word' id='word_1_91' title='bbox 1079 1103 1125 1141; x_wconf 90' lang='lat' dir='ltr'><strong>ut</strong></span> <span class='ocrx_word' id='word_1_92' title='bbox 1142 1100 1188 1141; x_wconf 86' lang='lat' dir='ltr'><strong>fit</strong></span> <span class='ocrx_word' id='word_1_93' title='bbox 1205 1100 1248 1140; x_wconf 87' lang='lat' dir='ltr'><strong>in</strong></span> <span class='ocrx_word' id='word_1_94' title='bbox 1265 1099 1425 1150; x_wconf 84' lang='lat' dir='ltr'><strong>Ennio,</strong></span> <span class='ocrx_word' id='word_1_95' title='bbox 1439 1097 1583 1146; x_wconf 83' lang='lat' dir='ltr'><strong>Arrio,</strong></span> 
     </span>
    </p>
   </div>
   <div class='ocr_carea' id='block_1_15' title="bbox 132 1166 762 1285">
    <p class='ocr_par' dir='ltr' id='par_1_15' title="bbox 132 1166 762 1285">
     <span class='ocr_line' id='line_1_18' title="bbox 189 1166 354 1209; baseline 0 -1"><span class='ocrx_word' id='word_1_96' title='bbox 189 1166 354 1209; x_wconf 87' lang='lat' dir='ltr'><strong>Annio.</strong></span> 
     </span>
     <span class='ocr_line' id='line_1_19' title="bbox 132 1234 762 1285; baseline -0.002 -10"><span class='ocrx_word' id='word_1_97' title='bbox 132 1234 311 1283; x_wconf 91' lang='lat' dir='ltr'><strong>Torum,</strong></span> <span class='ocrx_word' id='word_1_98' title='bbox 333 1235 558 1285; x_wconf 88' lang='lat' dir='ltr'><strong>torridum,</strong></span> <span class='ocrx_word' id='word_1_99' title='bbox 575 1234 762 1276; x_wconf 85' lang='lat' dir='ltr'><strong>aridum.</strong></span> 
     </span>
    </p>
   </div>
   <div class='ocr_carea' id='block_1_16' title="bbox 1404 1234 1584 1283">
    <p class='ocr_par' dir='ltr' id='par_1_16' title="bbox 1404 1234 1584 1283">
     <span class='ocr_line' id='line_1_20' title="bbox 1404 1234 1584 1283; baseline -0.017 -8"><span class='ocrx_word' id='word_1_100' title='bbox 1404 1234 1584 1283; x_wconf 80' lang='lat' dir='ltr'><strong>[PAUL.</strong></span> 
     </span>
    </p>
   </div>
   <div class='ocr_carea' id='block_1_17' title="bbox 133 1301 1587 1423">
    <p class='ocr_par' dir='ltr' id='par_1_17' title="bbox 133 1301 1587 1423">
     <span class='ocr_line' id='line_1_21' title="bbox 133 1301 1585 1357; baseline -0.002 -14"><span class='ocrx_word' id='word_1_101' title='bbox 133 1303 356 1343; x_wconf 86' lang='lat' dir='ltr'><strong>Toxicum</strong></span> <span class='ocrx_word' id='word_1_102' title='bbox 372 1302 388 1325; x_wconf 71' lang='lat'><strong>¹¹</strong></span> <span class='ocrx_word' id='word_1_103' title='bbox 414 1304 570 1343; x_wconf 88' lang='lat' dir='ltr'><strong>dicitnr</strong></span> <span class='ocrx_word' id='word_1_104' title='bbox 591 1302 824 1343; x_wconf 78' lang='lat' dir='ltr'><strong>cervarium</strong></span> <span class='ocrx_word' id='word_1_105' title='bbox 845 1315 1053 1352; x_wconf 77' lang='lat' dir='ltr'><strong>venenum,</strong></span> <span class='ocrx_word' id='word_1_106' title='bbox 1078 1317 1156 1357; x_wconf 76' lang='lat' dir='ltr'><strong>quo</strong></span> <span class='ocrx_word' id='word_1_107' title='bbox 1179 1301 1384 1355; x_wconf 71' lang='lat' dir='ltr'><strong>quidemt</strong></span> <span class='ocrx_word' id='word_1_108' title='bbox 1419 1301 1585 1354; x_wconf 71' lang='lat' dir='ltr'><strong>[Fsss&#39;r.</strong></span> 
     </span>
     <span class='ocr_line' id='line_1_22' title="bbox 192 1360 1587 1423; baseline -0.002 -12"><span class='ocrx_word' id='word_1_109' title='bbox 192 1383 455 1423; x_wconf 86' lang='lat' dir='ltr'><strong>perunguere</strong></span> <span class='ocrx_word' id='word_1_110' title='bbox 481 1360 660 1423; x_wconf 78' lang='lat' dir='ltr'><strong>sagittas</strong></span> <span class='ocrx_word' id='word_1_111' title='bbox 690 1368 801 1409; x_wconf 77' lang='lat' dir='ltr'><strong>soliti</strong></span> <span class='ocrx_word' id='word_1_112' title='bbox 832 1375 936 1409; x_wconf 67' lang='lat' dir='ltr'><strong>sunt.</strong></span> <span class='ocrx_word' id='word_1_113' title='bbox 992 1369 1201 1411; x_wconf 81' lang='lat' dir='ltr'><strong>Caecilius</strong></span> <span class='ocrx_word' id='word_1_114' title='bbox 1235 1371 1276 1411; x_wconf 89' lang='lat' dir='ltr'><strong>in</strong></span> <span class='ocrx_word' id='word_1_115' title='bbox 1312 1369 1484 1410; x_wconf 86' lang='lat' dir='ltr'><strong>Gamo:</strong></span> <span class='ocrx_word' id='word_1_116' title='bbox 1525 1368 1587 1410; x_wconf 79' lang='lat' dir='ltr'><strong>Ut</strong></span> 
     </span>
    </p>
   </div>
   <div class='ocr_carea' id='block_1_18' title="bbox 738 1501 855 1513">
    <p class='ocr_par' dir='ltr' id='par_1_18' title="bbox 738 1501 855 1513">
     <span class='ocr_line' id='line_1_23' title="bbox 738 1501 855 1513; baseline 0.009 -1"><span class='ocrx_word' id='word_1_117' title='bbox 738 1501 855 1513; x_wconf 49' lang='grc' dir='ltr'><strong>ἀἀἀἀἀ</strong></span> 
     </span>
    </p>
   </div>
   <div class='ocr_carea' id='block_1_19' title="bbox 179 1591 535 1631">
    <p class='ocr_par' dir='ltr' id='par_1_19' title="bbox 179 1591 535 1631">
     <span class='ocr_line' id='line_1_24' title="bbox 179 1591 535 1631; baseline -0.008 -7"><span class='ocrx_word' id='word_1_118' title='bbox 179 1599 190 1624; x_wconf 72' lang='lat' dir='ltr'><strong>t</strong></span> <span class='ocrx_word' id='word_1_119' title='bbox 217 1591 279 1623; x_wconf 78' lang='lat' dir='ltr'><strong>Ed.</strong></span> <span class='ocrx_word' id='word_1_120' title='bbox 298 1591 383 1622; x_wconf 83' lang='lat' dir='ltr'><strong>Scal.</strong></span> <span class='ocrx_word' id='word_1_121' title='bbox 402 1592 535 1631; x_wconf 79' lang='lat' dir='ltr'><strong>quidam.</strong></span> 
     </span>
    </p>
   </div>
   <div class='ocr_carea' id='block_1_20' title="bbox 859 1501 973 1513">
    <p class='ocr_par' dir='ltr' id='par_1_20' title="bbox 859 1501 973 1513">
     <span class='ocr_line' id='line_1_25' title="bbox 859 1501 973 1513; baseline -0.009 0"><span class='ocrx_word' id='word_1_122' title='bbox 859 1501 973 1513; x_wconf 55' lang='grc' dir='ltr'><strong>οοοοοο</strong></span> 
     </span>
    </p>
   </div>
   <div class='ocr_carea' id='block_1_21' title="bbox 791 1686 937 1718">
    <p class='ocr_par' dir='ltr' id='par_1_21' title="bbox 791 1686 937 1718">
     <span class='ocr_line' id='line_1_26' title="bbox 791 1686 937 1718; baseline -0.007 -1"><span class='ocrx_word' id='word_1_123' title='bbox 791 1686 937 1718; x_wconf 81' lang='lat' dir='ltr'>NOTAE</span> 
     </span>
    </p>
   </div>
   <div class='ocr_carea' id='block_1_22' title="bbox 134 1752 842 2804">
    <p class='ocr_par' dir='ltr' id='par_1_22' title="bbox 136 1752 834 1887">
     <span class='ocr_line' id='line_1_27' title="bbox 181 1752 833 1795; baseline 0 -11"><span class='ocrx_word' id='word_1_124' title='bbox 181 1753 190 1773; x_wconf 81' lang='lat' dir='ltr'>f</span> <span class='ocrx_word' id='word_1_125' title='bbox 211 1754 369 1795; x_wconf 72' lang='lat' dir='ltr'><strong>Territus]</strong></span> <span class='ocrx_word' id='word_1_126' title='bbox 394 1754 480 1784; x_wconf 87' lang='lat' dir='ltr'><strong>Nam</strong></span> <span class='ocrx_word' id='word_1_127' title='bbox 507 1758 601 1783; x_wconf 86' lang='lat' dir='ltr'><strong>torve</strong></span> <span class='ocrx_word' id='word_1_128' title='bbox 625 1752 739 1784; x_wconf 73' lang='lat' dir='ltr'><strong>Graeei</strong></span> <span class='ocrx_word' id='word_1_129' title='bbox 760 1765 833 1784; x_wconf 79' lang='grc' dir='ltr'>ταυ-</span> 
     </span>
     <span class='ocr_line' id='line_1_28' title="bbox 136 1803 834 1845; baseline -0.003 -9"><span class='ocrx_word' id='word_1_130' title='bbox 136 1805 237 1845; x_wconf 84' lang='grc' dir='ltr'><em>ρηδόν.</em></span> <span class='ocrx_word' id='word_1_131' title='bbox 260 1805 413 1844; x_wconf 82' lang='grc' dir='ltr'>Ταυρηδὺν</span> <span class='ocrx_word' id='word_1_132' title='bbox 429 1803 619 1844; x_wconf 81' lang='grc' dir='ltr'>ἐπιβλέπειν,</span> <span class='ocrx_word' id='word_1_133' title='bbox 634 1805 720 1844; x_wconf 74' lang='grc' dir='ltr'><em>ὂρᾷν,</em></span> <span class='ocrx_word' id='word_1_134' title='bbox 739 1810 834 1835; x_wconf 80' lang='lat' dir='ltr'><strong>torve</strong></span> 
     </span>
     <span class='ocr_line' id='line_1_29' title="bbox 137 1854 398 1887; baseline -0.004 0"><span class='ocrx_word' id='word_1_135' title='bbox 137 1854 273 1887; x_wconf 82' lang='lat' dir='ltr'><strong>intueri.</strong></span> <span class='ocrx_word' id='word_1_136' title='bbox 299 1857 398 1886; x_wconf 79' lang='lat' dir='ltr'><strong>Idem.</strong></span> 
     </span>
    </p>

    <p class='ocr_par' dir='ltr' id='par_1_23' title="bbox 138 1904 835 2098">
     <span class='ocr_line' id='line_1_30' title="bbox 181 1904 835 1946; baseline -0.002 -10"><span class='ocrx_word' id='word_1_137' title='bbox 181 1911 196 1932; x_wconf 71' lang='lat' dir='ltr'>g</span> <span class='ocrx_word' id='word_1_138' title='bbox 224 1907 351 1946; x_wconf 79' lang='lat' dir='ltr'><strong>Turum]</strong></span> <span class='ocrx_word' id='word_1_139' title='bbox 378 1906 445 1936; x_wconf 88' lang='lat' dir='ltr'><strong>Pro</strong></span> <span class='ocrx_word' id='word_1_140' title='bbox 463 1909 589 1936; x_wconf 76' lang='lat' dir='ltr'><strong>terram.</strong></span> <span class='ocrx_word' id='word_1_141' title='bbox 622 1906 671 1936; x_wconf 85' lang='lat' dir='ltr'><strong>Ut</strong></span> <span class='ocrx_word' id='word_1_142' title='bbox 694 1906 771 1936; x_wconf 77' lang='lat' dir='ltr'><strong>toris</strong></span> <span class='ocrx_word' id='word_1_143' title='bbox 788 1904 835 1935; x_wconf 77' lang='lat' dir='ltr'><strong>di-</strong></span> 
     </span>
     <span class='ocr_line' id='line_1_31' title="bbox 139 1955 835 1996; baseline 0.001 -11"><span class='ocrx_word' id='word_1_144' title='bbox 139 1957 261 1987; x_wconf 72' lang='lat' dir='ltr'><strong>cebant</strong></span> <span class='ocrx_word' id='word_1_145' title='bbox 294 1967 354 1996; x_wconf 85' lang='lat' dir='ltr'><strong>pro</strong></span> <span class='ocrx_word' id='word_1_146' title='bbox 392 1957 496 1988; x_wconf 75' lang='lat' dir='ltr'><strong>torris.</strong></span> <span class='ocrx_word' id='word_1_147' title='bbox 541 1956 630 1986; x_wconf 83' lang='lat' dir='ltr'><strong>Vide</strong></span> <span class='ocrx_word' id='word_1_148' title='bbox 667 1957 677 1974; x_wconf 81' lang='lat'><strong><em>⁴</em></strong></span> <span class='ocrx_word' id='word_1_149' title='bbox 698 1955 835 1986; x_wconf 85' lang='lat' dir='ltr'><strong>torreo.’</strong></span> 
     </span>
     <span class='ocr_line' id='line_1_32' title="bbox 138 2008 834 2047; baseline -0.001 -9"><span class='ocrx_word' id='word_1_150' title='bbox 138 2008 193 2038; x_wconf 89' lang='lat' dir='ltr'><strong>De</strong></span> <span class='ocrx_word' id='word_1_151' title='bbox 223 2008 332 2037; x_wconf 86' lang='lat' dir='ltr'><strong>Ennio</strong></span> <span class='ocrx_word' id='word_1_152' title='bbox 364 2008 420 2047; x_wconf 79' lang='lat' dir='ltr'><strong>qui</strong></span> <span class='ocrx_word' id='word_1_153' title='bbox 453 2008 579 2046; x_wconf 85' lang='lat' dir='ltr'><strong>primns</strong></span> <span class='ocrx_word' id='word_1_154' title='bbox 609 2013 834 2038; x_wconf 68' lang='lat' dir='ltr'><strong>consonantes</strong></span> 
     </span>
     <span class='ocr_line' id='line_1_33' title="bbox 139 2058 665 2098; baseline 0.002 -11"><span class='ocrx_word' id='word_1_155' title='bbox 139 2058 323 2098; x_wconf 84' lang='lat' dir='ltr'><strong>geminavit</strong></span> <span class='ocrx_word' id='word_1_156' title='bbox 336 2058 405 2096; x_wconf 87' lang='lat' dir='ltr'><strong>jam</strong></span> <span class='ocrx_word' id='word_1_157' title='bbox 423 2067 537 2097; x_wconf 83' lang='lat' dir='ltr'><strong>snpra.</strong></span> <span class='ocrx_word' id='word_1_158' title='bbox 566 2058 665 2089; x_wconf 80' lang='lat' dir='ltr'><strong>Idem.</strong></span> 
     </span>
    </p>

    <p class='ocr_par' dir='ltr' id='par_1_24' title="bbox 138 2108 835 2350">
     <span class='ocr_line' id='line_1_34' title="bbox 180 2108 835 2148; baseline 0 -10"><span class='ocrx_word' id='word_1_159' title='bbox 180 2108 193 2127; x_wconf 79' lang='lat'><strong>¹¹</strong></span> <span class='ocrx_word' id='word_1_160' title='bbox 220 2108 381 2148; x_wconf 72' lang='lat' dir='ltr'><strong>Toxicum]</strong></span> <span class='ocrx_word' id='word_1_161' title='bbox 419 2109 586 2139; x_wconf 78' lang='lat' dir='ltr'><strong>Toxicnm</strong></span> <span class='ocrx_word' id='word_1_162' title='bbox 612 2108 739 2139; x_wconf 84' lang='lat' dir='ltr'><strong>dicitnr</strong></span> <span class='ocrx_word' id='word_1_163' title='bbox 763 2117 835 2139; x_wconf 88' lang='lat' dir='ltr'><strong>cer-</strong></span> 
     </span>
     <span class='ocr_line' id='line_1_35' title="bbox 138 2160 834 2200; baseline 0 -11"><span class='ocrx_word' id='word_1_164' title='bbox 138 2169 254 2189; x_wconf 79' lang='lat' dir='ltr'><strong>varum</strong></span> <span class='ocrx_word' id='word_1_165' title='bbox 273 2169 450 2198; x_wconf 67' lang='lat' dir='ltr'><strong>venenum,</strong></span> <span class='ocrx_word' id='word_1_166' title='bbox 468 2169 531 2199; x_wconf 89' lang='lat' dir='ltr'><strong>qno</strong></span> <span class='ocrx_word' id='word_1_167' title='bbox 556 2160 691 2200; x_wconf 84' lang='lat' dir='ltr'><strong>qnidam</strong></span> <span class='ocrx_word' id='word_1_168' title='bbox 710 2169 834 2199; x_wconf 86' lang='lat' dir='ltr'><strong>perun-</strong></span> 
     </span>
     <span class='ocr_line' id='line_1_36' title="bbox 141 2210 834 2250; baseline 0 -10"><span class='ocrx_word' id='word_1_169' title='bbox 141 2221 220 2250; x_wconf 80' lang='lat' dir='ltr'><strong>gere</strong></span> <span class='ocrx_word' id='word_1_170' title='bbox 237 2211 377 2250; x_wconf 74' lang='lat' dir='ltr'><strong>sagittas</strong></span> <span class='ocrx_word' id='word_1_171' title='bbox 394 2211 515 2241; x_wconf 80' lang='lat' dir='ltr'><strong>solent.</strong></span> <span class='ocrx_word' id='word_1_172' title='bbox 571 2210 647 2241; x_wconf 87' lang='lat' dir='ltr'><strong>Hoc</strong></span> <span class='ocrx_word' id='word_1_173' title='bbox 670 2211 834 2250; x_wconf 72' lang='lat' dir='ltr'><strong>exemplis</strong></span> 
     </span>
     <span class='ocr_line' id='line_1_37' title="bbox 139 2260 835 2292; baseline 0.001 -1"><span class='ocrx_word' id='word_1_174' title='bbox 139 2261 269 2292; x_wconf 69' lang='lat' dir='ltr'><strong>Caeciiii</strong></span> <span class='ocrx_word' id='word_1_175' title='bbox 298 2267 332 2291; x_wconf 92' lang='lat' dir='ltr'><strong>et</strong></span> <span class='ocrx_word' id='word_1_176' title='bbox 349 2260 480 2291; x_wconf 79' lang='lat' dir='ltr'><strong>Afranii</strong></span> <span class='ocrx_word' id='word_1_177' title='bbox 497 2260 676 2292; x_wconf 81' lang='lat' dir='ltr'><strong>confirmat</strong></span> <span class='ocrx_word' id='word_1_178' title='bbox 701 2261 835 2292; x_wconf 83' lang='lat' dir='ltr'><strong>Festus.</strong></span> 
     </span>
     <span class='ocr_line' id='line_1_38' title="bbox 140 2311 322 2350; baseline 0.005 -8"><span class='ocrx_word' id='word_1_179' title='bbox 140 2311 220 2342; x_wconf 80' lang='lat' dir='ltr'><strong>Ant.</strong></span> <span class='ocrx_word' id='word_1_180' title='bbox 236 2311 322 2350; x_wconf 76' lang='lat' dir='ltr'><strong>Aug.</strong></span> 
     </span>
    </p>

    <p class='ocr_par' dir='ltr' id='par_1_25' title="bbox 134 2361 842 2804">
     <span class='ocr_line' id='line_1_39' title="bbox 187 2361 837 2400; baseline 0.002 -10"><span class='ocrx_word' id='word_1_181' title='bbox 187 2361 348 2400; x_wconf 62' lang='lat' dir='ltr'><strong>Tua—icum]</strong></span> <span class='ocrx_word' id='word_1_182' title='bbox 376 2361 521 2392; x_wconf 73' lang='lat' dir='ltr'><strong>Toxicwn</strong></span> <span class='ocrx_word' id='word_1_183' title='bbox 536 2361 651 2391; x_wconf 78' lang='lat' dir='ltr'><strong>dicitur</strong></span> <span class='ocrx_word' id='word_1_184' title='bbox 665 2362 837 2391; x_wconf 73' lang='lat' dir='ltr'><strong>cen-arium</strong></span> 
     </span>
     <span class='ocr_line' id='line_1_40' title="bbox 141 2411 838 2452; baseline 0.003 -12"><span class='ocrx_word' id='word_1_185' title='bbox 141 2421 299 2451; x_wconf 64' lang='lat' dir='ltr'><strong>venenum,</strong></span> <span class='ocrx_word' id='word_1_186' title='bbox 316 2422 372 2451; x_wconf 82' lang='lat' dir='ltr'><strong>quo</strong></span> <span class='ocrx_word' id='word_1_187' title='bbox 388 2412 512 2451; x_wconf 79' lang='lat' dir='ltr'><strong>quidam</strong></span> <span class='ocrx_word' id='word_1_188' title='bbox 530 2421 722 2452; x_wconf 81' lang='lat' dir='ltr'><strong>perunguere</strong></span> <span class='ocrx_word' id='word_1_189' title='bbox 737 2411 838 2450; x_wconf 80' lang='lat' dir='ltr'><strong>sagit-</strong></span> 
     </span>
     <span class='ocr_line' id='line_1_41' title="bbox 142 2462 838 2493; baseline 0.001 -2"><span class='ocrx_word' id='word_1_190' title='bbox 142 2465 191 2492; x_wconf 77' lang='lat' dir='ltr'><strong>tas</strong></span> <span class='ocrx_word' id='word_1_191' title='bbox 205 2463 311 2492; x_wconf 80' lang='lat' dir='ltr'><strong>solent.</strong></span> <span class='ocrx_word' id='word_1_192' title='bbox 359 2462 504 2493; x_wconf 76' lang='lat' dir='ltr'><strong>Caecilius</strong></span> <span class='ocrx_word' id='word_1_193' title='bbox 522 2463 554 2493; x_wconf 86' lang='lat' dir='ltr'><strong>in</strong></span> <span class='ocrx_word' id='word_1_194' title='bbox 580 2463 699 2493; x_wconf 84' lang='lat' dir='ltr'><strong>Gamo:</strong></span> <span class='ocrx_word' id='word_1_195' title='bbox 731 2465 765 2492; x_wconf 80' lang='lat' dir='ltr'><strong>ut</strong></span> <span class='ocrx_word' id='word_1_196' title='bbox 786 2462 838 2492; x_wconf 84' lang='lat' dir='ltr'><strong>ho-</strong></span> 
     </span>
     <span class='ocr_line' id='line_1_42' title="bbox 141 2512 837 2551; baseline 0 -9"><span class='ocrx_word' id='word_1_197' title='bbox 141 2513 253 2543; x_wconf 83' lang='lat' dir='ltr'><strong>minem</strong></span> <span class='ocrx_word' id='word_1_198' title='bbox 269 2513 414 2542; x_wconf 75' lang='lat' dir='ltr'><strong>miserum</strong></span> <span class='ocrx_word' id='word_1_199' title='bbox 429 2513 533 2543; x_wconf 66' lang='lat' dir='ltr'><strong>toxico</strong></span> <span class='ocrx_word' id='word_1_200' title='bbox 553 2512 755 2551; x_wconf 75' lang='lat' dir='ltr'><strong>transegerit.</strong></span> <span class='ocrx_word' id='word_1_201' title='bbox 793 2512 837 2543; x_wconf 82' lang='lat' dir='ltr'><strong>A·</strong></span> 
     </span>
     <span class='ocr_line' id='line_1_43' title="bbox 134 2562 840 2600; baseline 0.001 -8"><span class='ocrx_word' id='word_1_202' title='bbox 134 2563 282 2600; x_wconf 75' lang='lat' dir='ltr'><strong>sranius:</strong></span> <span class='ocrx_word' id='word_1_203' title='bbox 314 2563 407 2593; x_wconf 65' lang='lat' dir='ltr'><strong>nst-ori</strong></span> <span class='ocrx_word' id='word_1_204' title='bbox 428 2562 490 2593; x_wconf 56' lang='grc' dir='ltr'><strong>τίτί</strong></span> <span class='ocrx_word' id='word_1_205' title='bbox 514 2565 598 2593; x_wconf 78' lang='lat' dir='ltr'><strong>istud</strong></span> <span class='ocrx_word' id='word_1_206' title='bbox 617 2565 751 2593; x_wconf 76' lang='lat' dir='ltr'><strong>toxicum</strong></span> <span class='ocrx_word' id='word_1_207' title='bbox 769 2563 840 2593; x_wconf 78' lang='lat' dir='ltr'><strong>mit-</strong></span> 
     </span>
     <span class='ocr_line' id='line_1_44' title="bbox 144 2612 842 2653; baseline 0 -10"><span class='ocrx_word' id='word_1_208' title='bbox 144 2612 234 2645; x_wconf 69' lang='lat' dir='ltr'><strong>tere?</strong></span> <span class='ocrx_word' id='word_1_209' title='bbox 292 2613 447 2643; x_wconf 72' lang='lat' dir='ltr'><strong>Caeoilins</strong></span> <span class='ocrx_word' id='word_1_210' title='bbox 493 2613 690 2644; x_wconf 71' lang='lat' dir='ltr'><strong>hellenismo</strong></span> <span class='ocrx_word' id='word_1_211' title='bbox 725 2614 842 2653; x_wconf 84' lang='lat' dir='ltr'><strong>utitur,</strong></span> 
     </span>
     <span class='ocr_line' id='line_1_45' title="bbox 143 2664 838 2703; baseline 0 -8"><span class='ocrx_word' id='word_1_212' title='bbox 143 2665 333 2703; x_wconf 82' lang='lat' dir='ltr'><strong>transigere</strong></span> <span class='ocrx_word' id='word_1_213' title='bbox 351 2665 516 2694; x_wconf 84' lang='lat' dir='ltr'><strong>hominem</strong></span> <span class='ocrx_word' id='word_1_214' title='bbox 540 2664 674 2696; x_wconf 86' lang='lat' dir='ltr'><strong>toxico:</strong></span> <span class='ocrx_word' id='word_1_215' title='bbox 707 2664 764 2695; x_wconf 79' lang='grc' dir='ltr'><strong>τὸν</strong></span> <span class='ocrx_word' id='word_1_216' title='bbox 787 2664 838 2695; x_wconf 78' lang='grc' dir='ltr'><strong>ἅν-</strong></span> 
     </span>
     <span class='ocr_line' id='line_1_46' title="bbox 144 2713 840 2755; baseline 0.003 -11"><span class='ocrx_word' id='word_1_217' title='bbox 144 2717 262 2755; x_wconf 86' lang='grc' dir='ltr'><em>θρωπον</em></span> <span class='ocrx_word' id='word_1_218' title='bbox 291 2713 438 2753; x_wconf 82' lang='grc' dir='ltr'>φαρμάκῳ</span> <span class='ocrx_word' id='word_1_219' title='bbox 473 2716 623 2752; x_wconf 83' lang='grc' dir='ltr'>ἐξανύσαι.</span> <span class='ocrx_word' id='word_1_220' title='bbox 680 2716 840 2746; x_wconf 82' lang='lat' dir='ltr'><strong>Fortasse</strong></span> 
     </span>
     <span class='ocr_line' id='line_1_47' title="bbox 146 2764 840 2804; baseline 0.001 -9"><span class='ocrx_word' id='word_1_221' title='bbox 146 2765 247 2796; x_wconf 74' lang='lat' dir='ltr'><strong>etiam</strong></span> <span class='ocrx_word' id='word_1_222' title='bbox 285 2764 481 2804; x_wconf 79' lang='lat' dir='ltr'><strong>legendum:</strong></span> <span class='ocrx_word' id='word_1_223' title='bbox 530 2764 685 2803; x_wconf 75' lang='lat' dir='ltr'><strong>Afranius</strong></span> <span class='ocrx_word' id='word_1_224' title='bbox 726 2765 840 2797; x_wconf 74' lang='lat' dir='ltr'><strong>Uxore.</strong></span> 
     </span>
    </p>
   </div>
   <div class='ocr_carea' id='block_1_23' title="bbox 888 1752 1593 2797">
    <p class='ocr_par' dir='ltr' id='par_1_26' title="bbox 888 1752 1066 1785">
     <span class='ocr_line' id='line_1_48' title="bbox 888 1752 1066 1785; baseline -0.011 0"><span class='ocrx_word' id='word_1_225' title='bbox 888 1753 960 1785; x_wconf 83' lang='lat' dir='ltr'><strong>Jos.</strong></span> <span class='ocrx_word' id='word_1_226' title='bbox 976 1752 1066 1783; x_wconf 75' lang='lat' dir='ltr'><strong>Scat.</strong></span> 
     </span>
    </p>

    <p class='ocr_par' dir='ltr' id='par_1_27' title="bbox 889 1800 1593 2797">
     <span class='ocr_line' id='line_1_49' title="bbox 935 1800 1590 1842; baseline -0.009 -8"><span class='ocrx_word' id='word_1_227' title='bbox 935 1802 1101 1842; x_wconf 76' lang='lat' dir='ltr'><strong>Toxicum]</strong></span> <span class='ocrx_word' id='word_1_228' title='bbox 1126 1800 1233 1833; x_wconf 74' lang='lat' dir='ltr'><strong>Quasi</strong></span> <span class='ocrx_word' id='word_1_229' title='bbox 1255 1800 1393 1831; x_wconf 67' lang='lat' dir='ltr'><strong>tna-icum</strong></span> <span class='ocrx_word' id='word_1_230' title='bbox 1412 1809 1428 1829; x_wconf 83' lang='lat' dir='ltr'><strong>a</strong></span> <span class='ocrx_word' id='word_1_231' title='bbox 1445 1802 1520 1829; x_wconf 65' lang='lat' dir='ltr'><strong>taxo</strong></span> <span class='ocrx_word' id='word_1_232' title='bbox 1537 1809 1590 1829; x_wconf 82' lang='lat' dir='ltr'><strong>ar.</strong></span> 
     </span>
     <span class='ocr_line' id='line_1_50' title="bbox 890 1851 1589 1893; baseline -0.004 -9"><span class='ocrx_word' id='word_1_233' title='bbox 890 1854 971 1885; x_wconf 89' lang='lat' dir='ltr'><strong>bore</strong></span> <span class='ocrx_word' id='word_1_234' title='bbox 988 1853 1055 1884; x_wconf 83' lang='lat' dir='ltr'><strong>dici</strong></span> <span class='ocrx_word' id='word_1_235' title='bbox 1072 1853 1205 1893; x_wconf 77' lang='lat' dir='ltr'><strong>putavit</strong></span> <span class='ocrx_word' id='word_1_236' title='bbox 1227 1851 1316 1882; x_wconf 86' lang='lat' dir='ltr'><strong>Plin.</strong></span> <span class='ocrx_word' id='word_1_237' title='bbox 1341 1851 1398 1881; x_wconf 80' lang='lat' dir='ltr'><strong>lib.</strong></span> <span class='ocrx_word' id='word_1_238' title='bbox 1422 1859 1496 1881; x_wconf 79' lang='lat' dir='ltr'><strong>xvr.</strong></span> <span class='ocrx_word' id='word_1_239' title='bbox 1514 1860 1589 1890; x_wconf 83' lang='lat' dir='ltr'><strong>cap.</strong></span> 
     </span>
     <span class='ocr_line' id='line_1_51' title="bbox 892 1902 1589 1941; baseline -0.006 -6"><span class='ocrx_word' id='word_1_240' title='bbox 892 1907 944 1936; x_wconf 88' lang='lat'><strong>10.</strong></span> <span class='ocrx_word' id='word_1_241' title='bbox 989 1903 1055 1935; x_wconf 86' lang='lat' dir='ltr'><strong>Sed</strong></span> <span class='ocrx_word' id='word_1_242' title='bbox 1073 1904 1209 1934; x_wconf 88' lang='lat' dir='ltr'><strong>omnino</strong></span> <span class='ocrx_word' id='word_1_243' title='bbox 1235 1911 1314 1932; x_wconf 88' lang='lat' dir='ltr'><strong>vera</strong></span> <span class='ocrx_word' id='word_1_244' title='bbox 1332 1902 1427 1932; x_wconf 84' lang='lat' dir='ltr'><strong>Festi</strong></span> <span class='ocrx_word' id='word_1_245' title='bbox 1452 1902 1589 1941; x_wconf 87' lang='lat' dir='ltr'><strong>Etymo-</strong></span> 
     </span>
     <span class='ocr_line' id='line_1_52' title="bbox 891 1950 1590 1996; baseline -0.006 -11"><span class='ocrx_word' id='word_1_246' title='bbox 891 1955 980 1996; x_wconf 78' lang='lat' dir='ltr'><strong>logia</strong></span> <span class='ocrx_word' id='word_1_247' title='bbox 993 1965 1011 1985; x_wconf 89' lang='lat' dir='ltr'><strong>a</strong></span> <span class='ocrx_word' id='word_1_248' title='bbox 1025 1953 1169 1994; x_wconf 78' lang='lat' dir='ltr'><strong>sagittiS,</strong></span> <span class='ocrx_word' id='word_1_249' title='bbox 1181 1963 1256 1993; x_wconf 76' lang='lat' dir='ltr'><strong>quae</strong></span> <span class='ocrx_word' id='word_1_250' title='bbox 1273 1951 1396 1983; x_wconf 70' lang='lat' dir='ltr'><strong>Graece</strong></span> <span class='ocrx_word' id='word_1_251' title='bbox 1413 1950 1497 1990; x_wconf 83' lang='grc' dir='ltr'>τόξα,</span> <span class='ocrx_word' id='word_1_252' title='bbox 1513 1952 1590 1992; x_wconf 86' lang='lat' dir='ltr'><strong>qnia</strong></span> 
     </span>
     <span class='ocr_line' id='line_1_53' title="bbox 891 2003 1589 2044; baseline -0.006 -9"><span class='ocrx_word' id='word_1_253' title='bbox 891 2015 931 2036; x_wconf 84' lang='lat' dir='ltr'><strong>eo</strong></span> <span class='ocrx_word' id='word_1_254' title='bbox 962 2006 1104 2044; x_wconf 83' lang='lat' dir='ltr'><strong>sagittas</strong></span> <span class='ocrx_word' id='word_1_255' title='bbox 1136 2008 1377 2044; x_wconf 78' lang='lat' dir='ltr'><strong>perungerent.</strong></span> <span class='ocrx_word' id='word_1_256' title='bbox 1436 2003 1490 2032; x_wconf 89' lang='lat' dir='ltr'><strong>De</strong></span> <span class='ocrx_word' id='word_1_257' title='bbox 1523 2012 1589 2042; x_wconf 82' lang='lat' dir='ltr'><strong>qno</strong></span> 
     </span>
     <span class='ocr_line' id='line_1_54' title="bbox 890 2053 1590 2094; baseline -0.003 -9"><span class='ocrx_word' id='word_1_258' title='bbox 890 2065 983 2086; x_wconf 85' lang='lat' dir='ltr'><strong>more</strong></span> <span class='ocrx_word' id='word_1_259' title='bbox 1008 2055 1129 2094; x_wconf 84' lang='lat' dir='ltr'><strong>Virgil.</strong></span> <span class='ocrx_word' id='word_1_260' title='bbox 1151 2063 1205 2085; x_wconf 82' lang='lat' dir='ltr'><strong>1x.</strong></span> <span class='ocrx_word' id='word_1_261' title='bbox 1243 2055 1332 2093; x_wconf 82' lang='lat' dir='ltr'><strong>‘quo</strong></span> <span class='ocrx_word' id='word_1_262' title='bbox 1365 2063 1430 2083; x_wconf 85' lang='lat' dir='ltr'><strong>non</strong></span> <span class='ocrx_word' id='word_1_263' title='bbox 1456 2053 1590 2084; x_wconf 70' lang='lat' dir='ltr'><strong>felicior</strong></span> 
     </span>
     <span class='ocr_line' id='line_1_55' title="bbox 891 2103 1590 2145; baseline -0.006 -8"><span class='ocrx_word' id='word_1_264' title='bbox 891 2107 978 2137; x_wconf 83' lang='lat' dir='ltr'><strong>alter</strong></span> <span class='ocrx_word' id='word_1_265' title='bbox 999 2106 1137 2145; x_wconf 81' lang='lat' dir='ltr'><strong>Ungere</strong></span> <span class='ocrx_word' id='word_1_266' title='bbox 1155 2105 1224 2135; x_wconf 82' lang='lat' dir='ltr'><strong>tela</strong></span> <span class='ocrx_word' id='word_1_267' title='bbox 1249 2114 1378 2142; x_wconf 66' lang='lat' dir='ltr'><strong>mamm,</strong></span> <span class='ocrx_word' id='word_1_268' title='bbox 1396 2103 1590 2144; x_wconf 83' lang='lat' dir='ltr'><strong>ferrumque</strong></span> 
     </span>
     <span class='ocr_line' id='line_1_56' title="bbox 890 2155 1591 2194; baseline -0.004 -7"><span class='ocrx_word' id='word_1_269' title='bbox 890 2167 1019 2187; x_wconf 89' lang='lat' dir='ltr'><strong>armare</strong></span> <span class='ocrx_word' id='word_1_270' title='bbox 1037 2155 1189 2186; x_wconf 89' lang='lat' dir='ltr'><strong>veneno.’</strong></span> <span class='ocrx_word' id='word_1_271' title='bbox 1215 2155 1310 2186; x_wconf 83' lang='lat' dir='ltr'><strong>Idem</strong></span> <span class='ocrx_word' id='word_1_272' title='bbox 1327 2155 1473 2194; x_wconf 84' lang='lat' dir='ltr'><strong>Etymon</strong></span> <span class='ocrx_word' id='word_1_273' title='bbox 1492 2155 1591 2184; x_wconf 85' lang='lat' dir='ltr'><strong>Dios·</strong></span> 
     </span>
     <span class='ocr_line' id='line_1_57' title="bbox 891 2204 1591 2246; baseline -0.006 -8"><span class='ocrx_word' id='word_1_274' title='bbox 891 2208 995 2238; x_wconf 82' lang='lat' dir='ltr'><strong>corid.</strong></span> <span class='ocrx_word' id='word_1_275' title='bbox 1020 2207 1079 2238; x_wconf 85' lang='lat' dir='ltr'><strong>lib.</strong></span> <span class='ocrx_word' id='word_1_276' title='bbox 1098 2216 1147 2237; x_wconf 85' lang='lat' dir='ltr'><strong>Vl.</strong></span> <span class='ocrx_word' id='word_1_277' title='bbox 1174 2216 1251 2246; x_wconf 86' lang='lat' dir='ltr'><strong>cap.</strong></span> <span class='ocrx_word' id='word_1_278' title='bbox 1276 2209 1329 2236; x_wconf 78' lang='lat'><strong>20.</strong></span> <span class='ocrx_word' id='word_1_279' title='bbox 1354 2205 1391 2235; x_wconf 78' lang='grc' dir='ltr'><strong>τὸ</strong></span> <span class='ocrx_word' id='word_1_280' title='bbox 1413 2204 1444 2235; x_wconf 88' lang='grc' dir='ltr'><strong>δὲ</strong></span> <span class='ocrx_word' id='word_1_281' title='bbox 1467 2205 1591 2243; x_wconf 77' lang='grc' dir='ltr'>τοξικὸν</span> 
     </span>
     <span class='ocr_line' id='line_1_58' title="bbox 889 2254 1591 2297; baseline -0.006 -8"><span class='ocrx_word' id='word_1_282' title='bbox 889 2260 974 2290; x_wconf 80' lang='grc' dir='ltr'>δοκεῖ</span> <span class='ocrx_word' id='word_1_283' title='bbox 992 2258 1049 2297; x_wconf 84' lang='grc' dir='ltr'><strong>μὲν</strong></span> <span class='ocrx_word' id='word_1_284' title='bbox 1064 2256 1235 2296; x_wconf 82' lang='grc' dir='ltr'>ὠνομάσθαι</span> <span class='ocrx_word' id='word_1_285' title='bbox 1252 2257 1285 2287; x_wconf 84' lang='grc' dir='ltr'><strong>ἐκ</strong></span> <span class='ocrx_word' id='word_1_286' title='bbox 1300 2257 1356 2286; x_wconf 84' lang='grc' dir='ltr'><strong>τοῦ</strong></span> <span class='ocrx_word' id='word_1_287' title='bbox 1377 2256 1418 2286; x_wconf 82' lang='grc' dir='ltr'><strong>τὰ</strong></span> <span class='ocrx_word' id='word_1_288' title='bbox 1433 2254 1509 2295; x_wconf 82' lang='grc' dir='ltr'>τόξα</span> <span class='ocrx_word' id='word_1_289' title='bbox 1530 2258 1591 2286; x_wconf 79' lang='grc' dir='ltr'><strong>τῶν</strong></span> 
     </span>
     <span class='ocr_line' id='line_1_59' title="bbox 890 2306 1591 2350; baseline -0.006 -9"><span class='ocrx_word' id='word_1_290' title='bbox 890 2309 1054 2350; x_wconf 85' lang='grc' dir='ltr'>βαρβάρων</span> <span class='ocrx_word' id='word_1_291' title='bbox 1077 2308 1127 2340; x_wconf 83' lang='grc' dir='ltr'><strong>ὑπ’</strong></span> <span class='ocrx_word' id='word_1_292' title='bbox 1151 2308 1247 2339; x_wconf 77' lang='grc' dir='ltr'>αὐτοῦ</span> <span class='ocrx_word' id='word_1_293' title='bbox 1271 2307 1422 2347; x_wconf 85' lang='grc' dir='ltr'>χριέσθαι.</span> <span class='ocrx_word' id='word_1_294' title='bbox 1470 2306 1508 2337; x_wconf 90' lang='lat' dir='ltr'><strong>Id</strong></span> <span class='ocrx_word' id='word_1_295' title='bbox 1526 2312 1591 2345; x_wconf 79' lang='lat' dir='ltr'><strong>est,</strong></span> 
     </span>
     <span class='ocr_line' id='line_1_60' title="bbox 890 2357 1591 2398; baseline -0.009 -6"><span class='ocrx_word' id='word_1_296' title='bbox 890 2362 899 2378; x_wconf 82' lang='lat'>‘</span> <span class='ocrx_word' id='word_1_297' title='bbox 916 2362 1063 2392; x_wconf 72' lang='lat' dir='ltr'><strong>toxicum</strong></span> <span class='ocrx_word' id='word_1_298' title='bbox 1080 2364 1194 2390; x_wconf 87' lang='lat' dir='ltr'><strong>autem</strong></span> <span class='ocrx_word' id='word_1_299' title='bbox 1213 2359 1348 2389; x_wconf 84' lang='lat' dir='ltr'><strong>videtur</strong></span> <span class='ocrx_word' id='word_1_300' title='bbox 1364 2358 1498 2398; x_wconf 80' lang='lat' dir='ltr'><strong>quidem</strong></span> <span class='ocrx_word' id='word_1_301' title='bbox 1521 2357 1591 2387; x_wconf 87' lang='lat' dir='ltr'><strong>dic-</strong></span> 
     </span>
     <span class='ocr_line' id='line_1_61' title="bbox 893 2409 1591 2452; baseline -0.007 -10"><span class='ocrx_word' id='word_1_302' title='bbox 893 2417 962 2442; x_wconf 87' lang='lat' dir='ltr'><strong>tnrn</strong></span> <span class='ocrx_word' id='word_1_303' title='bbox 981 2411 1069 2452; x_wconf 89' lang='lat' dir='ltr'><strong>qnod</strong></span> <span class='ocrx_word' id='word_1_304' title='bbox 1086 2410 1315 2440; x_wconf 83' lang='lat' dir='ltr'><strong>Barbarorum</strong></span> <span class='ocrx_word' id='word_1_305' title='bbox 1341 2409 1475 2449; x_wconf 66' lang='lat' dir='ltr'><strong>sagitta?</strong></span> <span class='ocrx_word' id='word_1_306' title='bbox 1493 2418 1533 2437; x_wconf 84' lang='lat' dir='ltr'><strong>ex</strong></span> <span class='ocrx_word' id='word_1_307' title='bbox 1552 2417 1591 2438; x_wconf 91' lang='lat' dir='ltr'><strong>eo</strong></span> 
     </span>
     <span class='ocr_line' id='line_1_62' title="bbox 892 2459 1591 2499; baseline -0.006 -6"><span class='ocrx_word' id='word_1_308' title='bbox 892 2460 1128 2494; x_wconf 81' lang='lat' dir='ltr'><strong>illinerentnr.&#39;</strong></span> <span class='ocrx_word' id='word_1_309' title='bbox 1175 2461 1261 2493; x_wconf 80' lang='lat' dir='ltr'><strong>Qnae</strong></span> <span class='ocrx_word' id='word_1_310' title='bbox 1285 2465 1319 2490; x_wconf 89' lang='lat' dir='ltr'><strong>et</strong></span> <span class='ocrx_word' id='word_1_311' title='bbox 1340 2459 1427 2499; x_wconf 80' lang='lat' dir='ltr'><strong>apud</strong></span> <span class='ocrx_word' id='word_1_312' title='bbox 1448 2460 1591 2489; x_wconf 77' lang='lat' dir='ltr'><strong>Panium</strong></span> 
     </span>
     <span class='ocr_line' id='line_1_63' title="bbox 893 2510 1592 2553; baseline -0.006 -9"><span class='ocrx_word' id='word_1_313' title='bbox 893 2514 1085 2553; x_wconf 80' lang='lat' dir='ltr'><strong>AEginetam</strong></span> <span class='ocrx_word' id='word_1_314' title='bbox 1109 2510 1182 2542; x_wconf 82' lang='lat' dir='ltr'><strong>fere</strong></span> <span class='ocrx_word' id='word_1_315' title='bbox 1206 2510 1247 2541; x_wconf 82' lang='lat' dir='ltr'><strong>ad</strong></span> <span class='ocrx_word' id='word_1_316' title='bbox 1273 2510 1413 2541; x_wconf 88' lang='lat' dir='ltr'><strong>verbnm</strong></span> <span class='ocrx_word' id='word_1_317' title='bbox 1438 2510 1494 2539; x_wconf 83' lang='lat' dir='ltr'><strong>lib.</strong></span> <span class='ocrx_word' id='word_1_318' title='bbox 1512 2518 1546 2539; x_wconf 85' lang='lat' dir='ltr'><strong>v.</strong></span> <span class='ocrx_word' id='word_1_319' title='bbox 1563 2519 1592 2540; x_wconf 82' lang='lat' dir='ltr'><strong>e.</strong></span> 
     </span>
     <span class='ocr_line' id='line_1_64' title="bbox 895 2563 1592 2595; baseline -0.011 0"><span class='ocrx_word' id='word_1_320' title='bbox 895 2567 947 2595; x_wconf 81' lang='lat'><strong>53.</strong></span> <span class='ocrx_word' id='word_1_321' title='bbox 997 2563 1181 2594; x_wconf 66' lang='lat' dir='ltr'><strong>Cervarium</strong></span> <span class='ocrx_word' id='word_1_322' title='bbox 1205 2566 1316 2592; x_wconf 84' lang='lat' dir='ltr'><strong>autem</strong></span> <span class='ocrx_word' id='word_1_323' title='bbox 1345 2570 1508 2590; x_wconf 84' lang='lat' dir='ltr'><strong>venenum</strong></span> <span class='ocrx_word' id='word_1_324' title='bbox 1537 2568 1592 2588; x_wconf 90' lang='lat' dir='ltr'><strong>vo-</strong></span> 
     </span>
     <span class='ocr_line' id='line_1_65' title="bbox 895 2609 1593 2653; baseline -0.01 -9"><span class='ocrx_word' id='word_1_325' title='bbox 895 2620 962 2652; x_wconf 86' lang='lat' dir='ltr'><strong>cat,</strong></span> <span class='ocrx_word' id='word_1_326' title='bbox 986 2613 1063 2653; x_wconf 86' lang='lat' dir='ltr'><strong>qnia</strong></span> <span class='ocrx_word' id='word_1_327' title='bbox 1087 2612 1130 2642; x_wconf 88' lang='lat' dir='ltr'><strong>de</strong></span> <span class='ocrx_word' id='word_1_328' title='bbox 1152 2611 1314 2651; x_wconf 83' lang='lat' dir='ltr'><strong>sangnine</strong></span> <span class='ocrx_word' id='word_1_329' title='bbox 1332 2610 1514 2640; x_wconf 82' lang='lat' dir='ltr'><strong>Cervornm</strong></span> <span class='ocrx_word' id='word_1_330' title='bbox 1534 2609 1593 2639; x_wconf 81' lang='lat' dir='ltr'><strong>fie-</strong></span> 
     </span>
     <span class='ocr_line' id='line_1_66' title="bbox 894 2660 1591 2703; baseline -0.006 -8"><span class='ocrx_word' id='word_1_331' title='bbox 894 2670 960 2703; x_wconf 85' lang='lat' dir='ltr'><strong>ret,</strong></span> <span class='ocrx_word' id='word_1_332' title='bbox 976 2664 1029 2694; x_wconf 85' lang='lat' dir='ltr'><strong>vel</strong></span> <span class='ocrx_word' id='word_1_333' title='bbox 1044 2663 1146 2694; x_wconf 83' lang='lat' dir='ltr'><strong>etiarn</strong></span> <span class='ocrx_word' id='word_1_334' title='bbox 1165 2662 1252 2703; x_wconf 84' lang='lat' dir='ltr'><strong>qnod</strong></span> <span class='ocrx_word' id='word_1_335' title='bbox 1271 2661 1348 2691; x_wconf 80' lang='lat' dir='ltr'><strong>olim</strong></span> <span class='ocrx_word' id='word_1_336' title='bbox 1366 2660 1407 2690; x_wconf 90' lang='lat' dir='ltr'><strong>de</strong></span> <span class='ocrx_word' id='word_1_337' title='bbox 1430 2661 1591 2699; x_wconf 70' lang='lat' dir='ltr'><strong>sangnine</strong></span> 
     </span>
     <span class='ocr_line' id='line_1_67' title="bbox 895 2709 1590 2755; baseline -0.007 -10"><span class='ocrx_word' id='word_1_338' title='bbox 895 2714 1026 2755; x_wconf 83' lang='lat' dir='ltr'><strong>hydrae,</strong></span> <span class='ocrx_word' id='word_1_339' title='bbox 1041 2723 1140 2754; x_wconf 87' lang='lat' dir='ltr'><strong>qnam</strong></span> <span class='ocrx_word' id='word_1_340' title='bbox 1158 2712 1326 2743; x_wconf 67' lang='lat' dir='ltr'><strong>Heu-ures</strong></span> <span class='ocrx_word' id='word_1_341' title='bbox 1343 2709 1507 2751; x_wconf 81' lang='lat' dir='ltr'><strong>confodit,</strong></span> <span class='ocrx_word' id='word_1_342' title='bbox 1527 2710 1590 2752; x_wconf 85' lang='lat' dir='ltr'><strong>pri-</strong></span> 
     </span>
     <span class='ocr_line' id='line_1_68' title="bbox 896 2761 1308 2797; baseline -0.012 -1"><span class='ocrx_word' id='word_1_343' title='bbox 896 2774 985 2797; x_wconf 91' lang='lat' dir='ltr'><strong>mum</strong></span> <span class='ocrx_word' id='word_1_344' title='bbox 999 2762 1126 2795; x_wconf 83' lang='lat' dir='ltr'><strong>factum</strong></span> <span class='ocrx_word' id='word_1_345' title='bbox 1142 2766 1203 2793; x_wconf 82' lang='lat' dir='ltr'><strong>est.</strong></span> <span class='ocrx_word' id='word_1_346' title='bbox 1226 2761 1308 2792; x_wconf 86' lang='lat' dir='ltr'><strong>Dac.</strong></span> 
     </span>
    </p>
   </div>
  </div>
 </body>
</html>
