1876 3025
308 194 370 223 DE
404 186 682 220 VERssoRUM
717 179 1135 216 SIGNIFIGATIONE
1170 179 1264 208 [ΑΒ.
1298 176 1424 207 xvu.
1517 164 1601 206 871

204 289 534 339 corbitoresque
555 281 734 337 quidam
757 292 811 321 ea
832 278 1041 319 dixerunt
1061 287 1176 324 esse,
1201 272 1361 326 quibus
1392 274 1600 312 neutrum

203 370 339 413 genus
357 356 586 396 interesset
601 349 804 391 ludorum
822 361 831 389 :
855 359 956 388 nam
970 343 1182 386 indictiva
1200 345 1316 386 sunt,
1339 340 1502 393 quibus
1523 337 1601 378 ad-

202 428 402 468 hibentur
423 435 510 464 non
530 420 623 462 ludi
646 418 794 468 modo,
816 417 893 457 sed
916 415 1051 457 etiam
1073 411 1332 459 desultores,
1366 420 1467 462 quae
1503 408 1602 447 sunt

204 493 494 548 amplissima.

147 561 473 617 Simpludiarea
491 564 520 588 ¹³
552 557 721 605 funera,
745 554 906 609 quibus
927 550 1058 592 ludos
1080 546 1362 589 adhibebant.
1417 542 1601 597 [PAUL-

147 627 415 684 Simpulum¹
447 640 525 669 vas
554 638 736 679 parvum
769 635 856 663 non
885 619 1098 661 dissimile
1125 615 1303 670 cyatho,
1337 625 1426 665 quo
1452 611 1600 652 vinum

204 700 248 739 in
272 696 500 739 sacrificiis
520 695 707 735 libatur:
741 690 853 732 unde
874 692 917 729 et
938 687 1141 728 mulieres
1173 684 1300 724 rebus
1332 680 1492 722 divinis
1525 678 1601 718 de—

205 766 310 807 ditae
332 763 650 817 simpulatrices
673 759 890 799 dicuntur.

148 834 400 880 Simultas‚¹¹¹
430 831 475 871 id
513 833 593 878 est,
625 828 786 876 odium,
815 825 935 865 dicta
956 835 1014 864 ex
1038 820 1273 868 contrario,
1294 817 1398 872 quia
1419 814 1599 856 minime

207 903 293 943 sint
313 900 471 941 simul:
496 901 644 952 potest
665 901 709 936 et
730 909 754 935 a
777 893 1056 934 simulatione
1078 890 1198 931 dicta
1220 884 1479 934 existimari,
1499 882 1603 936 quia

206 968 411 1010 simulate
431 967 668 1019 loquuntur
690 963 745 1003 ad
771 961 976 1002 invicem.

151 1037 410 1087 Sinciniam,
434 1034 685 1076 cantionem
706 1029 984 1072 solitariam.n

756 1138 773 1150 θ
778 1139 813 1150 ee
818 1135 970 1149 ΝΝΟΝ(
974 1135 992 1147 e

193 1203 233 1231 13
256 1200 337 1231 Vet.
358 1199 416 1231 lib.
432 1197 669 1238 Simpludeuria.

804 1310 952 1344 NOTAE

151 1393 233 1425 bitis
250 1392 332 1423 dicti
349 1391 396 1423 illi
415 1389 552 1431 proprie
570 1386 698 1419 fuerint
714 1387 770 1429 qui
789 1396 850 1427 per

150 1443 370 1480 corbitarum‚
391 1442 454 1472 hoc
468 1445 533 1477 est,
557 1438 766 1479 navigiorum
782 1447 849 1467 ina-

149 1495 198 1526 los
217 1493 383 1535 repebant
401 1491 441 1523 ad
468 1492 542 1521 vela
560 1490 714 1530 legenda,
739 1489 790 1519 vel
808 1488 847 1518 ad

150 1544 242 1575 aliud
261 1543 351 1584 quid.
399 1543 455 1573 Ita
472 1546 509 1572 ut
524 1550 563 1570 ea
581 1550 645 1571 vox
663 1544 784 1579 postea
808 1538 848 1568 ad

149 1594 361 1626 funambulos
378 1593 421 1624 sit
436 1593 610 1624 translata.
655 1591 706 1621 De
725 1589 852 1620 cor-bitis

151 1646 228 1677 vide
246 1655 306 1675 suo
322 1645 408 1675 loco.
433 1644 514 1674 Duc.

193 1694 202 1715 ¹
221 1694 409 1734 Simpulum]
438 1693 571 1724 Glossae
591 1702 598 1722 :
625 1697 632 1709 ‘
650 1691 851 1730 Simpulum,

154 1744 288 1776 κύαθος.’
332 1744 545 1783 Simpulones
572 1743 648 1772 hinc
673 1741 728 1781 qui
753 1750 851 1780 spon-

153 1805 225 1827 sum
242 1795 397 1826 convivia
420 1793 667 1824 discurrentem
687 1792 852 1822 comitan-

151 1854 218 1880 tur.
250 1848 389 1878 Suc-cius
406 1846 598 1877 Piscatoria
614 1856 621 1876 :
640 1846 648 1862 ‘
663 1845 853 1876 Summates

151 1899 213 1930 viri
248 1898 332 1930 facti
373 1903 450 1929 sunt
490 1897 696 1937 simpulones
728 1894 852 1936 ganei.’

150 1950 301 1982 Isidorus
315 1950 346 1980 in
360 1949 490 1980 Glossis
505 1959 512 1978 :
529 1951 537 1964 ‘
551 1947 764 1987 simprssator,
775 1955 852 1976 con-

150 2000 250 2030 viva:
274 1999 400 2030 amicus
417 1997 530 2038 sponsi
549 1997 703 2027 assiduus
721 2006 795 2026 cuni
812 2004 852 2025 eo

149 2049 182 2080 in
201 2047 380 2080 convivio.'
403 2049 472 2077 Jos.
486 2046 567 2078 Scul.

194 2099 381 2140 Simpulum]
398 2098 528 2129 Glossae
544 2108 551 2128 ι
569 2101 576 2114 ¹
590 2096 788 2136 Simpulum,
803 2094 854 2125 κύ·

154 2150 247 2182 avos!
261 2151 360 2181 Varr.
379 2149 437 2180 lib.
455 2158 504 2180 iv.
522 2147 563 2178 de
580 2148 617 2178 L.
637 2148 675 2178 L.
692 2157 709 2177 a
722 2156 854 2176 sumen-

151 2203 206 2237 do,
223 2202 285 2232 hoc
303 2205 367 2240 est,
385 2198 531 2230 bibendo
549 2197 742 2236 simpulum.
759 2197 854 2228 ‘Quo

151 2255 263 2284 vinum
280 2250 427 2286 dabant,'
444 2250 565 2290 inquit,
582 2249 590 2264 ‘
608 2252 642 2278 ut
658 2247 848 2278 minutatim

150 2304 345 2343 funderent,
370 2312 389 2331 a
414 2301 519 2340 guttis
545 2303 676 2339 guttum
701 2297 849 2337 appella-

150 2359 240 2385 runt.
285 2354 329 2383 Et
345 2361 410 2392 quo
425 2350 600 2380 sumebant
617 2347 818 2385 minutatim,
832 2357 850 2377 a

152 2403 314 2434 sumendo
340 2401 518 2442 simpulum
538 2400 762 2430 nominavere.
809 2399 849 2429 In

149 2455 287 2495 hujusce
304 2454 412 2483 locum
437 2451 468 2481 in
494 2450 656 2481 conviviis
679 2460 697 2480 e
715 2449 852 2480 Graecia

152 2503 317 2535 successit
346 2502 524 2541 Epicliysis
550 2506 586 2531 et
615 2501 767 2540 cyathus.
811 2499 851 2529 In

150 2554 326 2586 sacrificiis
350 2552 512 2583 remansit
535 2556 650 2592 guttus
677 2558 709 2581 et
727 2552 851 2590 simpu-

149 2604 241 2636 lum!
285 2603 438 2642 Scaliger
456 2612 474 2632 a
486 2603 624 2642 Syriaco
637 2601 758 2641 Sephel,
774 2611 853 2631 sem-

149 2657 212 2696 pel,
224 2654 387 2694 simpulum
404 2651 530 2683 factum
546 2652 640 2683 dicit.
667 2653 726 2682 Vel
743 2652 854 2692 potius

152 2717 171 2737 a
202 2705 325 2736 Graeco
356 2702 454 2742 σίφων
482 2712 501 2732 a
531 2711 595 2742 quo
625 2703 733 2740 simpo,
762 2701 853 2732 unde

156 2755 390 2786 diminutivum
404 2754 576 2793 simpulum.
625 2754 711 2784 Nam
726 2758 854 2784 utrum-

905 1395 969 1427 que
1001 1382 1172 1425 significat
1203 1381 1374 1412 vasculum
1407 1389 1481 1410 cum
1511 1377 1606 1409 tenui

905 1437 1017 1468 fistula
1044 1435 1099 1465 vel
1119 1437 1264 1473 angusto
1286 1431 1372 1462 collo
1389 1430 1430 1461 ad
1449 1430 1606 1470 pitissan-

906 1487 984 1518 dum
1016 1487 1140 1516 vinnm.
1196 1483 1251 1514 Ita
1282 1487 1394 1512 tamen
1425 1486 1462 1510 ut
1496 1478 1606 1510 Latini

906 1548 965 1569 suo
980 1536 1122 1577 simpulo
1149 1534 1188 1565 ad
1213 1543 1306 1564 sacra
1324 1537 1454 1563 tantum
1471 1535 1606 1561 uteren-

906 1593 972 1623 tur,
988 1587 1100 1618 Graeci
1118 1595 1196 1616 vero
1212 1585 1256 1623 τῷ
1272 1583 1382 1623 σίφωνι
1406 1583 1446 1612 ad
1472 1584 1608 1621 gustan-

906 1639 985 1669 dum
1016 1638 1049 1667 in
1080 1645 1231 1676 caupona
1260 1635 1382 1665 vinum.
1430 1633 1545 1664 Quare
1572 1635 1608 1660 et

905 1688 1038 1720 inermia
1055 1692 1089 1717 et
1101 1685 1312 1724 gustatorium
1323 1683 1509 1714 dicebatur.
1527 1681 1608 1711 Duc.

948 1744 971 1759 ¹¹¹
995 1737 1161 1776 simultas]
1188 1735 1306 1765 Potius
1326 1744 1345 1764 a
1367 1734 1471 1771 simul,
1492 1731 1608 1762 simul-

908 1795 971 1829 tas,
987 1795 1021 1820 nt
1041 1788 1158 1826 afucul
1173 1786 1329 1817 facultas.
1376 1784 1478 1815 Simul
1494 1787 1606 1813 antem

907 1850 967 1881 pro
993 1839 1105 1876 simite,
1133 1840 1171 1868 nt
1188 1836 1279 1873 facul
1305 1844 1365 1875 pro
1384 1833 1495 1871 facile.
1543 1831 1607 1861 Vel

907 1892 1048 1922 simultas
1064 1898 1124 1929 pro
1137 1887 1295 1918 similitas.
1340 1883 1439 1917 Quod
1458 1893 1477 1914 a
1493 1882 1608 1913 simili-

909 1943 1027 1973 tudine
1058 1939 1245 1970 studiorum
1280 1936 1432 1967 simultas
1465 1934 1606 1964 oriatur.

910 1994 1008 2023 Voss.
1036 1992 1129 2022 Idem.

951 2049 965 2063 n
1000 2041 1186 2078 Simmiam,
1221 2038 1394 2069 cantionem
1419 2032 1606 2072 solitariam]

911 2095 1014 2133 Lego,
1042 2090 1206 2128 Sicinium,
1228 2088 1398 2119 cantionem
1422 2085 1607 2116 solitariam.

910 2144 1025 2175 Gloss.
1041 2143 1050 2159 ⁴
1066 2142 1227 2172 Sicinium
1244 2139 1379 2178 dicitur,
1392 2137 1485 2177 quasi
1497 2136 1608 2174 singu-

910 2195 987 2225 laris
1005 2192 1185 2223 cantilenae
1205 2200 1288 2220 vox:
1307 2188 1339 2218 id
1359 2194 1421 2222 est,
1434 2197 1509 2217 cum
1522 2195 1607 2216 unus

907 2245 1010 2279 canit,
1030 2242 1115 2283 quod
1137 2242 1270 2273 Graecis
1295 2238 1453 2270 monodia
1471 2237 1609 2268 dicitur.

908 2296 991 2326 Cum
1010 2303 1089 2323 vero
1105 2292 1183 2330 (luo,
1196 2291 1369 2322 bicinium.
1395 2289 1480 2319 Cum
1498 2287 1606 2322 multi,

906 2344 1061 2376 Chorus?
1107 2343 1183 2373 Fuit
1215 2341 1293 2371 olim
1326 2349 1399 2370 cum
1427 2338 1606 2378 legendum

906 2404 1062 2436 putarem
1078 2404 1086 2423 ε
1118 2392 1304 2425 Sicinnium,
1326 2391 1501 2421 cantionem
1515 2389 1608 2419 salm-

907 2448 1030 2478 toriam.
1076 2447 1126 2476 Ex
1144 2444 1294 2484 Hesycli.
1311 2448 1346 2473 et
1363 2442 1541 2479 Atlienaeo,
1553 2440 1609 2480 qui

907 2498 1090 2529 Sicinnium
1109 2497 1375 2535 interpretantur
1391 2494 1609 2523 saltationem

909 2548 1113 2589 Satyricam.
1160 2545 1260 2576 Unde
1275 2545 1366 2575 Gell.
1383 2543 1440 2574 lib.
1458 2551 1517 2572 xx.
1535 2550 1611 2579 cap.

909 2601 940 2628 3.
965 2600 974 2615 ‘
989 2598 1082 2629 Quos
1105 2596 1271 2626 sicinistas
1295 2594 1414 2633 vulgus
1441 2591 1537 2628 (licit,
1553 2589 1609 2630 qui

910 2648 1037 2679 rectius
1063 2647 1166 2677 locuti
1195 2648 1273 2675 sunt
1293 2643 1493 2675 Sicinnistas
1511 2641 1610 2671 litera

909 2710 929 2730 u
951 2698 1085 2739 gemina
1109 2697 1289 2727 dixerunt:
1310 2692 1494 2724 Sicinnium
1519 2690 1609 2721 enini

910 2759 1014 2791 genus
1033 2748 1157 2780 veteris
1173 2745 1361 2777 saltationis
1380 2742 1457 2774 fuit.
1503 2742 1607 2773 Salta-
