1876 3025
652 175 1013 206 FRAGMENTUM.
1447 165 1559 209 1137

111 269 185 319 ris,
207 272 434 324 struppum
467 269 628 310 vocari.
689 269 941 310 Strutheum
972 270 1017 311 in
1047 268 1192 310 mimis
1223 270 1450 324 praecipue
1482 284 1559 312 vo·
1622 266 1625 267 ⁷

112 341 214 377 cant
251 337 489 378 obscenam
529 343 696 391 partem
734 338 898 379 virilem
943 351 980 387 s,
1021 351 1048 379 a
1083 337 1316 379 salacitate
1356 337 1561 380 videlicet

110 405 316 457 passeris,
348 405 423 458 qui
458 404 617 446 Graece
648 406 844 446 struthos
881 406 1054 447 dicitur.
1114 406 1316 446 Strenam
1336 418 1562 458 vocamus,

111 485 208 525 quae
238 472 365 513 datur
395 473 466 513 die
492 473 709 526 religioso,
737 473 896 514 ominis
926 474 1032 514 boni
1052 473 1193 527 gratia
1213 487 1239 515 a
1259 486 1452 525 numero,
1473 486 1563 527 quo

110 539 378 591 significatur
398 540 595 591 alterum,
626 541 877 594 initiumq.¹³
902 546 1132 582 venturum
1160 541 1318 582 similis
1341 541 1564 582 commodi

109 607 246 648 veluti
277 612 462 658 trenam,
497 609 740 662 praeposita
771 622 792 649 s
821 609 966 659 litera,
992 613 1040 650 ut
1066 610 1111 650 in
1134 609 1247 658 loco,
1271 613 1316 650 et
1345 609 1423 650 lite
1446 609 1565 649 sole-

108 674 214 715 bant
234 676 418 729 antiqui.
477 676 683 717 Strebula
710 675 923 718 Umbrico
945 677 1123 717 nomine
1148 676 1338 718 Plautus
1369 676 1565 730 appellat

107 743 380 784 coxendices
401 743 522 797 [122]
553 744 816 794 hostiarum,
846 757 960 797 quas
999 743 1137 785 Graeci
1168 743 1282 799 μηρία
1302 743 1457 794 dicunt,
1476 757 1564 798 quae

108 810 151 850 in
172 811 331 852 altaria
355 810 513 864 imponi
529 810 728 862 solebant,
749 818 795 852 ut
818 810 1010 853 Plautus
1029 812 1093 853 ait
1114 813 1158 853 in
1183 810 1424 853 Frivolaria
1448 809 1559 851 Stre-

109 868 204 916 billa
225 878 381 930 agnina
403 883 502 919 tene
591 909 601 918 .
720 907 730 919 .
851 909 859 918 .
980 910 990 919 .
1080 878 1214 919 bulis.
1274 878 1417 919 Stlata
1435 891 1562 932 genus

108 950 197 984 erat
216 945 388 999 navigii,
410 946 546 987 latum
565 944 714 997 magis,
735 958 856 1000 quam
879 944 1025 995 altum,
1042 944 1097 985 sic
1119 945 1397 999 appellatum
1421 959 1447 984 α
1469 943 1564 984 lati-

107 1010 262 1062 tudine,
283 1012 352 1053 sed
369 1027 415 1053 ea
437 1012 762 1063 consuetudine,
784 1026 865 1067 qua
887 1011 1053 1052 stlocum
1079 1026 1158 1066 pro
1181 1011 1323 1062 locum,
1346 1019 1383 1052 et
1403 1011 1563 1052 stlitem

107 1080 276 1133 antiqui
305 1095 386 1134 pro
422 1080 531 1121 litem
567 1079 767 1120 dicebant.
830 1078 1048 1130 stlembus,
1080 1080 1243 1133 gravis,
1271 1077 1426 1129 tardus,
1461 1078 1564 1119 sicut

110 1144 297 1186 Lucilius
414 1179 424 1187 .
543 1177 552 1186 .
673 1146 885 1200 Apulidae
899 1145 1072 1201 pedibus
1094 1145 1306 1186 stlembum
1327 1144 1445 1194 dixit,
1463 1157 1564 1185 cum

107 1213 236 1254 refert
269 1228 415 1269 equum
444 1215 615 1269 pigrum
648 1222 685 1254 et
720 1214 897 1255 tardum.
955 1214 1200 1255 Stelionem
1218 1217 1252 1243 ¹4
1292 1226 1414 1265 genus
1446 1211 1564 1251 aiunt

109 1278 282 1332 lacertae,
303 1282 413 1337 quod
431 1282 614 1323 Verrius
638 1282 798 1322 dictum
819 1283 894 1331 αττ,
919 1280 1016 1335 quia
1048 1280 1162 1319 virus
1193 1280 1328 1320 stillet
1349 1281 1466 1329 cibo,
1488 1292 1564 1331 po—

108 1346 204 1398 tius,
226 1363 350 1403 quam
370 1348 479 1404 quod
496 1348 600 1389 alibi
618 1353 649 1378 ¹⁵
671 1362 697 1389 a
718 1348 947 1389 stellarum
970 1346 1251 1396 similitudine,
1274 1346 1371 1401 quia
1391 1347 1564 1388 varium

108 1419 191 1456 est.
253 1415 436 1470 Stipemc
471 1415 657 1456 dicebant
685 1416 913 1470 pecuniam
937 1415 1162 1467 signatam,
1184 1412 1294 1468 quod
1312 1414 1534 1467 stiparetur
1551 1427 1563 1451 .·

107 1482 206 1523 ideo
228 1484 433 1538 stipulari
453 1483 605 1524 dicitur
637 1483 686 1534 is,
722 1482 794 1538 qui
826 1482 1126 1533 interrogatus,
1159 1480 1323 1533 spondet
1344 1480 1499 1533 stipem,
1520 1477 1566 1518 id

108 1556 178 1601 est,
201 1564 279 1592 aes.
340 1552 551 1606 Stirpemd
568 1551 610 1591 in
631 1550 849 1590 masculino
868 1562 1015 1604 genere
1029 1548 1198 1601 antiqui
1217 1553 1469 1600 usurparunt
1482 1560 1563 1599 pro

107 1631 151 1657 eo
173 1617 284 1672 quod
302 1625 373 1668 est,
387 1619 559 1668 semina,
581 1616 863 1671 metaphorice
892 1615 1078 1665 dicentes,
1106 1613 1235 1669 poe'tce
1261 1628 1362 1669 quae
1383 1627 1498 1654 nunc
1518 1614 1562 1654 in

93 1683 292 1737 foemineo
307 1684 528 1740 proferunt
543 1699 704 1740 genere.
764 1685 942 1725 Livius:
960 1681 1154 1724 Tradunt
1161 1682 1357 1737 familias
1379 1694 1562 1736 quorun-

108 1752 210 1793 dam
232 1752 520 1794 Romanorum
548 1752 725 1807 Trojano
746 1751 869 1805 stirpe
886 1757 979 1791 ante
1001 1750 1225 1792 conditam
1250 1750 1438 1790 Romam
1462 1763 1561 1803 pro-

109 1826 276 1861 creatas.
338 1820 452 1861 Idem
475 1820 659 1862 Livius:
697 1819 935 1873 Ostrymon
956 1817 1159 1873 quendam
1179 1824 1402 1857 memorant
1425 1817 1561 1858 Graio

109 1887 246 1941 stirpe
275 1888 474 1929 extitisse.
537 1887 696 1928 Ennius
727 1886 882 1928 Annal.
914 1887 1088 1928 nomine
1121 1885 1307 1939 Pyrrhus
1334 1884 1397 1924 uti
1417 1897 1563 1924 memo-

109 1961 206 1994 rant
227 1968 254 1996 a
275 1957 409 2009 stirpe
427 1968 634 2009 supremo
763 1984 774 1994 .
894 1984 902 1993 .
1022 1984 1032 1993 .
1152 1982 1162 1993 .
1292 1958 1377 2002 est,
1400 1964 1561 1992 revoca

109 2021 282 2063 fratrem
300 2023 434 2063 eodem
453 2022 576 2076 stirpe
593 2027 858 2076 prognatum,
880 2020 1101 2074 plaudite:
1137 2033 1266 2075 quam
1300 2019 1454 2061 Gallus
1486 2018 1563 2059 AE-

111 2087 191 2129 lius
281 2090 446 2132 definit:
470 2091 660 2144 Stirpest
675 2088 707 2114 ¹⁶
729 2088 866 2142 gentis
878 2088 1142 2143 propagatio,
1164 2095 1207 2128 ut
1229 2089 1305 2142 qui
1323 2093 1354 2118 ¹⁷
1378 2100 1404 2128 a
1428 2099 1563 2141 quoq.

716 2207 957 2220 eeeeeeeeeeee

156 2287 194 2316 13
217 2284 240 2316 f.
257 2287 449 2326 tertiumq,—
459 2289 497 2317 14
521 2286 545 2317 f.
561 2286 836 2318 stellionem—15
862 2286 886 2317 f.
901 2287 1056 2317 atii—16
1079 2284 1102 2316 f.
1125 2285 1221 2324 stirps
1236 2286 1377 2315 est.—17
1400 2282 1424 2313 f.
1441 2282 1521 2321 quis.

768 2404 909 2435 NOTAE

155 2467 312 2507 cStz'pem]
327 2467 473 2507 Antiqua
485 2466 702 2508 inscriptioin
716 2468 809 2498 sche-
862 2472 945 2506 -cet‚
963 2475 1060 2507 quam
1076 2465 1283 2498 Glossarium
1307 2464 1565 2505 interpretatur,

116 2519 168 2549 dis
185 2518 275 2559 apud
291 2528 343 2549 me
367 2519 414 2549 sic
438 2518 557 2549 habet:
583 2527 664 2550 lMP.
688 2526 810 2550 CAESAR
861 2515 1087 2555 ἐλεημοσύνην.

115 2577 209 2600 nxvr.
233 2578 263 2599 F.
286 2577 479 2599 Avcvsrvs.
507 2577 701 2600 PoNTmEx.
718 2577 812 2600 ΜΛΧ-
908 2568 922 2589 1¹
945 2566 1096 2607 Stirpem]
1127 2566 1215 2597 Vide
1245 2566 1278 2596 in
1311 2571 1318 2583 ‘
1338 2562 1566 2596 Nautiorum!

115 2627 213 2650 nuvs.
254 2627 312 2649 fix.
350 2627 460 2649 sT1PE.
491 2627 611 2652 QVAM.
653 2628 815 2650 Popvm's
869 2618 1040 2649 Charisius
1062 2617 1119 2648 lib.
1134 2627 1157 2648 ι.
1173 2616 1270 2647 addit
1285 2615 1476 2654 exemplum
1500 2615 1567 2644 Pa-

115 2677 300 2699 ROMANVS.
350 2677 461 2699 ANNO.
515 2677 623 2700 Novo.
661 2678 816 2701 APSEN'H
870 2669 982 2699 cuvii:
1007 2670 1014 2685 ‘
1032 2668 1100 2699 Qui
1115 2668 1255 2708 stirpem
1274 2665 1399 2697 occidit
1415 2663 1551 2695 meum!

117 2726 310 2749 coxwrvmr.
339 2727 521 2749 VOLKANO.
576 2719 695 2760 Stipem
726 2720 816 2750 scili·

202 2772 316 2811 Delph.
333 2775 362 2802 et
381 2772 457 2803 Var.
472 2772 557 2802 Clas.
723 2772 834 2811 Pomp.
850 2770 937 2801 Fesc„
1409 2770 1427 2796 ⁴1
1454 2767 1480 2796 (Σ
