1876 3025
338 173 401 202 DE
434 171 707 202 VERBORUM
741 171 1151 205 SIGNIFICATIONE
1187 176 1279 205 LIB.
1315 177 1422 206 XIV.

1521 169 1605 210 677

160 310 167 324 x
214 278 456 319 cognomen
484 270 575 308 erat
608 271 785 321 propter
809 267 1061 318 candorem,
1083 269 1203 322 quod
1236 269 1331 323 ejus
1367 271 1487 312 natis
1521 273 1604 313 ful-

212 334 328 373 mine
349 334 439 375 icta
460 338 567 375 erat.
617 333 802 388 Antiqui
824 340 967 377 autem
988 349 1187 389 puerum,
1210 351 1338 391 quem
1356 339 1459 391 quis
1481 351 1600 381 ama-

213 400 304 449 bat,
324 400 494 453 pullum
517 400 613 455 ejus
635 401 854 443 dicebant.

155 465 287 516 Puer,
326 468 403 520 qui
434 468 644 509 obscoene
676 469 732 509 ab
765 470 915 524 aliquo
947 472 1190 521 amabatur,
1214 471 1324 525 ejus,
1362 485 1388 512 a
1423 472 1603 525 [PAUL.

210 546 299 586 quo
333 538 503 576 amatus
533 540 664 586 esset,
695 537 843 590 pullus
880 539 1139 588 vocabatur,
1176 539 1292 579 unde
1324 538 1382 589 Q.
1415 540 1601 589 Fabius,

209 601 282 641 cui
305 601 484 643 Eburno
506 616 742 656 cognomen
771 608 861 645 erat
882 608 1061 658 propter
1095 605 1342 656 candorem,
1365 607 1485 660 quod
1507 608 1602 661 ejus

206 669 323 709 natis
344 669 526 710 fulmine
549 669 668 711 icta⁶
688 676 808 711 esset
828 672 975 725 pullus
996 672 1126 713 Jovis
1148 673 1400 726 appellatus
1419 679 1500 715 est.

152 734 260 775 Puls
280 737 561 789 potissimum
582 736 773 778 dabatur
790 735 804 758 f
830 738 970 791 pullis
1005 739 1048 779 in
1082 741 1312 794 auspiciis,
1335 743 1437 795 quia
1467 756 1524 783 ex
1547 757 1600 784 ea

203 815 383 844 necesse
403 808 496 844 erat
515 804 683 858 aliquid
706 804 924 856 decidere,
946 806 1065 859 quod
1087 807 1325 861 tripudium
1347 809 1529 859 faceret,
1550 811 1598 851 id

204 874 287 918 est,
307 870 612 923 terripavium:
644 871 826 924 pavire7
862 873 976 913 enim
1012 873 1138 914 ferire
1168 879 1258 917 est:
1289 877 1448 917 bonum
1480 878 1597 918 enim

203 938 430 990 augurium
452 951 552 979 esse
574 939 806 991 putabant,
841 940 879 980 si
900 941 1025 994 pulli,
1057 955 1135 996 per
1155 955 1268 995 quos
1296 945 1597 997 auspicaban—

203 1008 285 1054 tur,
308 1004 624 1055 comedissent,
656 1007 900 1059 praesertim
924 1009 963 1049 si
996 1009 1061 1049 eis
1091 1009 1326 1051 edentibus
1348 1012 1515 1066 aliquid
1537 1014 1593 1054 ab

201 1085 273 1112 ore
300 1072 559 1115 decidisset:
592 1074 658 1113 sin
682 1078 830 1115 autem
853 1076 1031 1117 omnino
1057 1089 1144 1117 non
1166 1077 1373 1129 edissent,
1410 1080 1594 1121 arbitra·

198 1141 358 1180 bantur
378 1140 622 1193 periculum
644 1141 885 1183 imminere.

141 1207 254 1248 Puls
285 1209 561 1261 potissimum
584 1208 714 1250 datur
734 1210 869 1262 pullis
890 1211 935 1251 in
958 1212 1192 1266 auspiciis,
1224 1213 1330 1267 quia
1350 1226 1408 1254 ex
1428 1213 1591 1263 [FEST.

196 1289 247 1316 ea
270 1289 438 1317 necesse
459 1275 637 1317 decidere
658 1277 701 1316 in
720 1283 872 1318 terram
893 1278 1068 1334 aliquid,
1101 1279 1211 1335 quod
1230 1280 1458 1335 tripudium
1470 1281 1592 1337 face-

192 1349 266 1393 ret,
286 1343 330 1384 id
343 1347 426 1392 est,
440 1344 723 1397 terripavium,
738 1346 900 1399 (pavire
914 1347 1018 1387 enim
1026 1346 1165 1402 ferire
1179 1355 1251 1398 est,
1257 1352 1279 1398 )
1297 1362 1343 1388 er
1361 1363 1440 1403 quo
1454 1349 1585 1389 notio-

194 1425 282 1451 nem
299 1417 485 1465 caperent
489 1410 653 1467 futuri,
664 1427 759 1452 nam
774 1413 809 1453 .ςί
813 1413 925 1467 pulli
938 1429 1016 1468 per
1036 1429 1133 1469 quos
1153 1415 1475 1470 auspicabantur
1496 1429 1587 1457 non

191 1477 375 1528 edissent,
408 1479 638 1533 periculum
671 1480 877 1521 imminere
911 1482 1251 1523 arbitrabantur:
1282 1489 1326 1523 at
1345 1484 1422 1537 qui
1453 1483 1590 1537 pavis·

190 1552 290 1595 sent,
315 1545 460 1586 bonum
479 1547 702 1602 angariam
723 1562 801 1589 esse
816 1549 1039 1603 putabant,
1056 1551 1091 1590 se?
1111 1556 1201 1592 tum
1225 1564 1282 1592 ex
1305 1564 1372 1591 ore
1392 1551 1446 1591 eis
1468 1550 1586 1593 eden-

191 1612 299 1653 tibus
319 1613 481 1668 aliquid
499 1614 722 1656 decidisset.

133 1679 526 1723 punctatoriolasg
555 1682 669 1723 levis
704 1697 878 1736 pugnas
914 1686 1108 1740 appellat
1140 1685 1251 1727 Cato
1285 1687 1329 1727 in
1360 1698 1428 1736 ea,
1450 1699 1583 1739 quam

190 1746 304 1788 dixit
326 1748 379 1788 de
399 1762 444 1789 re
469 1749 657 1791 Histriae
679 1751 873 1791 militari.

737 1891 851 1903 eeeeee

857 1892 973 1903 eeeee

170 1991 189 2019 6
212 1989 290 2021 Vet.
309 1990 367 2022 lib.
383 1993 545 2022 tacta.-—7
569 1991 650 2022 Vet.
670 1990 729 2022 lib.
745 1992 894 2031 pavium:
913 1991 1034 2031 pavire.

783 2129 924 2162 NOTAE

121 2217 277 2257 puerulus,
305 2218 418 2256 pullus.
464 2217 539 2248 Nisi
577 2217 674 2248 maiis
708 2217 822 2257 pullus,

124 2275 195 2297 esse
218 2277 237 2297 a
252 2269 370 2308 πῶλος,
394 2267 482 2307 quod
499 2268 578 2298 mihi
594 2268 699 2299 etiam
717 2267 822 2307 magis

123 2317 248 2356 placet,
264 2328 340 2349 nam
360 2320 465 2350 πῶλος
480 2319 609 2350 Graecis
627 2318 821 2357 catamitus,

123 2371 159 2397 et
181 2368 354 2399 meretrix.
398 2369 548 2410 Hesych.
570 2370 674 2400 πῶλος
702 2369 820 2408 ἑταῖροι,

121 2415 244 2448 πώλους
257 2418 318 2458 γὰρ
333 2419 427 2450 αὐτὰς
450 2418 572 2458 ἔλεγον.
603 2418 668 2450 οἷον
681 2417 820 2459 Ἀφροδί-

123 2477 178 2502 της
193 2467 326 2509 πώλους,
343 2468 362 2505 ἢ
378 2469 450 2501 τοὺς
473 2469 571 2508 νέους,
593 2469 644 2500 καὶ
667 2469 723 2500 τὰς
739 2468 821 2509 νέας,

124 2516 173 2548 καὶ
188 2517 362 2558 παρθένους.
410 2520 449 2551 Id
473 2525 546 2551 est:
573 2520 725 2560 ‘Pullum
741 2520 820 2550 ami-

120 2578 181 2599 ca:
208 2578 282 2599 nam
310 2570 418 2610 pullos
441 2581 498 2601 eas
524 2570 711 2602 vocabant:
737 2580 816 2611 quo-

120 2619 233 2660 modo,
258 2620 403 2651 Veneris
421 2622 551 2662 pullos:
576 2622 628 2652 vei
646 2631 766 2662 pueros
783 2626 818 2652 et

119 2670 250 2709 puellas
268 2675 302 2701 et
321 2671 488 2710 virgines!
513 2672 609 2703 Idem.

161 2718 171 2737 s
195 2721 271 2751 Pztls
295 2721 489 2761 potissimum
515 2721 662 2762 dabatur]
688 2722 816 2753 Tullius

878 2215 911 2245 in
930 2214 1082 2246 Divinat.
1109 2219 1118 2233 ‘
1132 2213 1233 2253 Quia,
1246 2223 1321 2245 cum
1341 2213 1582 2254 [)ι111ἰρε15(·ιιῐι«7

879 2271 944 2305 tur,
960 2273 1101 2296 necesse
1118 2270 1171 2295 est
1188 2263 1316 2305 aliquid
1341 2273 1383 2294 ex
1404 2273 1463 2294 ore
1480 2263 1582 2294 cade-

877 2325 913 2346 re
944 2319 978 2346 et
1009 2319 1135 2345 terram
1174 2313 1317 2354 pavire:
1358 2312 1581 2353 terripavium

876 2367 997 2407 primo,
1013 2370 1090 2406 post
1114 2364 1338 2405 terripudium
1357 2363 1486 2395 dictum
1503 2368 1579 2395 est:

874 2418 938 2448 hoc
964 2416 1098 2458 quidem
1121 2415 1194 2455 jam
1221 2415 1405 2456 tripudium
1429 2414 1581 2445 dicitur:

874 2478 950 2500 cum
982 2466 1050 2499 offa
1074 2466 1202 2497 cecidit
1229 2475 1270 2497 ex
1300 2475 1357 2496 ore
1381 2465 1482 2506 pulli;
1508 2470 1578 2496 tum

874 2517 1066 2559 auspicanti
1086 2516 1269 2557 tripudium
1284 2516 1483 2547 solistimum
1496 2524 1579 2545 nun-

873 2569 985 2601 tiant?
1033 2566 1120 2598 Vide
1144 2565 1391 2597 ‘solistimum'
1416 2566 1513 2596 Idem.

915 2626 931 2647 g
954 2618 1225 2658 Punctatoriolas]
1250 2617 1375 2648 Melius
1395 2616 1483 2646 utin
1509 2615 1575 2647 Ms.

875 2670 1102 2702 Punctam'olas.
1148 2667 1179 2699 A
1199 2678 1315 2708 punga,
1339 2667 1507 2705 Punctum,
1524 2667 1575 2705 &a

875 2721 983 2752 Idem.
