<?xml version="1.0" encoding="UTF-8"?>
<!DOCTYPE html PUBLIC "-//W3C//DTD XHTML 1.0 Transitional//EN"
    "http://www.w3.org/TR/xhtml1/DTD/xhtml1-transitional.dtd">
<html xmlns="http://www.w3.org/1999/xhtml" xml:lang="en" lang="en">
 <head>
  <title>
</title>
<meta http-equiv="Content-Type" content="text/html;charset=utf-8" />
  <meta name='ocr-system' content='tesseract 3.04.00' />
  <meta name='ocr-capabilities' content='ocr_page ocr_carea ocr_par ocr_line ocrx_word'/>
</head>
<body>
  <div class='ocr_page' id='page_1' title='image "./mverriiflacciqua02verruoft/mverriiflacciqua02verruoft_0426.png"; bbox 0 0 1876 3025; ppageno 0'>
   <div class='ocr_carea' id='block_1_1' title="bbox 289 148 399 188">
    <p class='ocr_par' dir='ltr' id='par_1_1' title="bbox 289 148 399 188">
     <span class='ocr_line' id='line_1_1' title="bbox 289 148 399 188; baseline -0.009 0"><span class='ocrx_word' id='word_1_1' title='bbox 289 148 399 188; x_wconf 68' lang='lat'>1054</span> 
     </span>
    </p>
   </div>
   <div class='ocr_carea' id='block_1_2' title="bbox 282 243 1742 1032">
    <p class='ocr_par' dir='ltr' id='par_1_2' title="bbox 282 243 1742 1032">
     <span class='ocr_line' id='line_1_2' title="bbox 289 243 1734 300; baseline -0.007 -7"><span class='ocrx_word' id='word_1_2' title='bbox 289 252 448 293; x_wconf 85' lang='lat' dir='ltr'><em>Delos.</em></span> <span class='ocrx_word' id='word_1_3' title='bbox 513 249 663 290; x_wconf 80' lang='lat' dir='ltr'><em>Orbius</em></span> <span class='ocrx_word' id='word_1_4' title='bbox 703 248 826 289; x_wconf 78' lang='lat' dir='ltr'><em>clivus</em></span> <span class='ocrx_word' id='word_1_5' title='bbox 840 255 853 271; x_wconf 76' lang='lat'><strong>⁰</strong></span> <span class='ocrx_word' id='word_1_6' title='bbox 888 246 1046 288; x_wconf 75' lang='lat' dir='ltr'><em>videtur</em></span> <span class='ocrx_word' id='word_1_7' title='bbox 1087 245 1319 300; x_wconf 78' lang='lat' dir='ltr'><em>appellatus</em></span> <span class='ocrx_word' id='word_1_8' title='bbox 1360 256 1458 284; x_wconf 83' lang='lat' dir='ltr'><em>esse</em></span> <span class='ocrx_word' id='word_1_9' title='bbox 1502 244 1558 284; x_wconf 84' lang='lat' dir='ltr'><em>ab</em></span> <span class='ocrx_word' id='word_1_10' title='bbox 1594 243 1734 284; x_wconf 81' lang='lat' dir='ltr'>orbib.</span> 
     </span>
     <span class='ocr_line' id='line_1_3' title="bbox 282 310 1737 374; baseline -0.007 -14"><span class='ocrx_word' id='word_1_11' title='bbox 282 334 359 373; x_wconf 76' lang='lat' dir='ltr'><em>per</em></span> <span class='ocrx_word' id='word_1_12' title='bbox 377 319 486 374; x_wconf 66' lang='lat' dir='ltr'><em>cnjus</em></span> <span class='ocrx_word' id='word_1_13' title='bbox 506 319 710 373; x_wconf 79' lang='lat' dir='ltr'><em>flexuosos</em></span> <span class='ocrx_word' id='word_1_14' title='bbox 746 315 858 356; x_wconf 87' lang='lat' dir='ltr'><em>orbes</em></span> <span class='ocrx_word' id='word_1_15' title='bbox 896 314 1031 355; x_wconf 75' lang='lat' dir='ltr'><em>Tullia</em></span> <span class='ocrx_word' id='word_1_16' title='bbox 1068 315 1159 355; x_wconf 86' lang='lat' dir='ltr'><em>filia</em></span> <span class='ocrx_word' id='word_1_17' title='bbox 1186 314 1283 355; x_wconf 84' lang='lat' dir='ltr'><em>Ser.</em></span> <span class='ocrx_word' id='word_1_18' title='bbox 1318 310 1442 352; x_wconf 82' lang='lat' dir='ltr'><em>Tullii</em></span> <span class='ocrx_word' id='word_1_19' title='bbox 1463 311 1581 366; x_wconf 83' lang='lat' dir='ltr'><em>regis,</em></span> <span class='ocrx_word' id='word_1_20' title='bbox 1623 318 1660 351; x_wconf 74' lang='lat' dir='ltr'><em>et</em></span> <span class='ocrx_word' id='word_1_21' title='bbox 1684 310 1737 351; x_wconf 90' lang='lat' dir='ltr'><em>L.</em></span> 
     </span>
     <span class='ocr_line' id='line_1_4' title="bbox 295 381 1739 441; baseline -0.005 -14"><span class='ocrx_word' id='word_1_22' title='bbox 295 386 550 441; x_wconf 79' lang='lat' dir='ltr'><em>Tarquinius</em></span> <span class='ocrx_word' id='word_1_23' title='bbox 579 386 809 438; x_wconf 80' lang='lat' dir='ltr'>Superbus</span> <span class='ocrx_word' id='word_1_24' title='bbox 846 397 984 436; x_wconf 76' lang='lat' dir='ltr'><em>gener,</em></span> <span class='ocrx_word' id='word_1_25' title='bbox 1020 381 1232 437; x_wconf 67' lang='lat' dir='ltr'><em>interjecto</em></span> <span class='ocrx_word' id='word_1_26' title='bbox 1269 394 1376 435; x_wconf 76' lang='lat' dir='ltr'><em>rege,</em></span> <span class='ocrx_word' id='word_1_27' title='bbox 1406 383 1707 433; x_wconf 82' lang='lat' dir='ltr'><em>properaverat</em></span> <span class='ocrx_word' id='word_1_28' title='bbox 1722 385 1739 411; x_wconf 88' lang='lat'>9</span> 
     </span>
     <span class='ocr_line' id='line_1_5' title="bbox 289 445 1741 506; baseline -0.006 -12"><span class='ocrx_word' id='word_1_29' title='bbox 289 454 503 495; x_wconf 80' lang='lat' dir='ltr'><em>tendentes</em></span> <span class='ocrx_word' id='word_1_30' title='bbox 523 467 604 492; x_wconf 41' lang='lat' dir='ltr'><em>&#39;meu</em></span> <span class='ocrx_word' id='word_1_31' title='bbox 627 453 668 492; x_wconf 86' lang='lat' dir='ltr'><em>in</em></span> <span class='ocrx_word' id='word_1_32' title='bbox 700 452 819 506; x_wconf 80' lang='lat' dir='ltr'><em>regiae</em></span> <span class='ocrx_word' id='word_1_33' title='bbox 845 445 984 491; x_wconf 80' lang='lat' dir='ltr'><em>domus</em></span> <span class='ocrx_word' id='word_1_34' title='bbox 1009 449 1355 505; x_wconf 80' lang='lat' dir='ltr'><em>possessionem:</em></span> <span class='ocrx_word' id='word_1_35' title='bbox 1393 454 1558 500; x_wconf 82' lang='lat' dir='ltr'><em>coeptus</em></span> <span class='ocrx_word' id='word_1_36' title='bbox 1588 453 1643 486; x_wconf 81' lang='lat' dir='ltr'><em>est</em></span> <span class='ocrx_word' id='word_1_37' title='bbox 1665 461 1741 486; x_wconf 78' lang='lat' dir='ltr'><em>au-</em></span> 
     </span>
     <span class='ocr_line' id='line_1_6' title="bbox 292 513 1734 572; baseline -0.005 -12"><span class='ocrx_word' id='word_1_38' title='bbox 292 527 368 560; x_wconf 82' lang='lat' dir='ltr'><em>tem</em></span> <span class='ocrx_word' id='word_1_39' title='bbox 389 520 422 560; x_wconf 87' lang='lat' dir='ltr'><em>is</em></span> <span class='ocrx_word' id='word_1_40' title='bbox 441 519 565 560; x_wconf 81' lang='lat' dir='ltr'><em>clivus</em></span> <span class='ocrx_word' id='word_1_41' title='bbox 586 517 789 572; x_wconf 79' lang='lat' dir='ltr'><em>appellari</em></span> <span class='ocrx_word' id='word_1_42' title='bbox 813 516 982 567; x_wconf 80' lang='lat' dir='ltr'><em>Orbius,</em></span> <span class='ocrx_word' id='word_1_43' title='bbox 1005 518 1121 571; x_wconf 88' lang='lat' dir='ltr'><em>quod</em></span> <span class='ocrx_word' id='word_1_44' title='bbox 1138 529 1291 570; x_wconf 82' lang='lat' dir='ltr'><em>pronus</em></span> <span class='ocrx_word' id='word_1_45' title='bbox 1312 529 1399 555; x_wconf 88' lang='lat' dir='ltr'><em>cum</em></span> <span class='ocrx_word' id='word_1_46' title='bbox 1415 521 1509 555; x_wconf 72' lang='lat' dir='ltr'><em>esset</em></span> <span class='ocrx_word' id='word_1_47' title='bbox 1525 528 1604 568; x_wconf 87' lang='lat' dir='ltr'><em>per</em></span> <span class='ocrx_word' id='word_1_48' title='bbox 1621 513 1734 554; x_wconf 88' lang='lat' dir='ltr'><em>orbes</em></span> 
     </span>
     <span class='ocr_line' id='line_1_7' title="bbox 291 581 1738 641; baseline -0.003 -15"><span class='ocrx_word' id='word_1_49' title='bbox 291 588 332 627; x_wconf 81' lang='lat' dir='ltr'><em>in</em></span> <span class='ocrx_word' id='word_1_50' title='bbox 351 585 622 641; x_wconf 79' lang='lat' dir='ltr'><em>exquiliarum</em></span> <span class='ocrx_word' id='word_1_51' title='bbox 644 584 786 626; x_wconf 86' lang='lat' dir='ltr'><em>collem</em></span> <span class='ocrx_word' id='word_1_52' title='bbox 809 585 1020 633; x_wconf 82' lang='lat' dir='ltr'><em>ducere,¹0</em></span> <span class='ocrx_word' id='word_1_53' title='bbox 1040 584 1154 625; x_wconf 88' lang='lat' dir='ltr'><em>unde</em></span> <span class='ocrx_word' id='word_1_54' title='bbox 1176 582 1327 623; x_wconf 82' lang='lat' dir='ltr'><em>Orbius</em></span> <span class='ocrx_word' id='word_1_55' title='bbox 1349 582 1401 622; x_wconf 82' lang='lat' dir='ltr'><em>ab</em></span> <span class='ocrx_word' id='word_1_56' title='bbox 1420 581 1517 636; x_wconf 74' lang='lat' dir='ltr'><em>ipsis</em></span> <span class='ocrx_word' id='word_1_57' title='bbox 1538 581 1664 623; x_wconf 80' lang='lat' dir='ltr'><em>orbib.</em></span> <span class='ocrx_word' id='word_1_58' title='bbox 1682 582 1738 622; x_wconf 83' lang='lat' dir='ltr'><em>sic</em></span> 
     </span>
     <span class='ocr_line' id='line_1_8' title="bbox 291 649 1739 707; baseline -0.004 -12"><span class='ocrx_word' id='word_1_59' title='bbox 291 654 543 707; x_wconf 79' lang='lat' dir='ltr'><em>appellatus</em></span> <span class='ocrx_word' id='word_1_60' title='bbox 573 657 652 694; x_wconf 86' lang='lat' dir='ltr'><em>est.</em></span> <span class='ocrx_word' id='word_1_61' title='bbox 716 650 939 692; x_wconf 67' lang='grc' dir='ltr'><em>Οναῖονεε(1</em></span> <span class='ocrx_word' id='word_1_62' title='bbox 962 665 1008 690; x_wconf 73' lang='lat' dir='ltr'><em>ex</em></span> <span class='ocrx_word' id='word_1_63' title='bbox 1033 649 1177 691; x_wconf 67' lang='lat' dir='ltr'><em>Graeco</em></span> <span class='ocrx_word' id='word_1_64' title='bbox 1197 652 1392 705; x_wconf 69' lang='grc' dir='ltr'><em>ἀρητῆς-ες</em></span> <span class='ocrx_word' id='word_1_65' title='bbox 1421 650 1566 690; x_wconf 85' lang='lat' dir='ltr'><em>dictos</em></span> <span class='ocrx_word' id='word_1_66' title='bbox 1592 649 1739 690; x_wconf 83' lang='lat' dir='ltr'><em>existi-</em></span> 
     </span>
     <span class='ocr_line' id='line_1_9' title="bbox 292 715 1737 776; baseline -0.003 -16"><span class='ocrx_word' id='word_1_67' title='bbox 292 728 420 770; x_wconf 72' lang='lat' dir='ltr'><em>ment,</em></span> <span class='ocrx_word' id='word_1_68' title='bbox 449 720 559 775; x_wconf 84' lang='lat' dir='ltr'><em>quod</em></span> <span class='ocrx_word' id='word_1_69' title='bbox 587 720 643 761; x_wconf 79' lang='lat' dir='ltr'><em>ad</em></span> <span class='ocrx_word' id='word_1_70' title='bbox 672 734 781 776; x_wconf 84' lang='lat' dir='ltr'><em>reges</em></span> <span class='ocrx_word' id='word_1_71' title='bbox 802 726 839 760; x_wconf 81' lang='lat' dir='ltr'><em>et</em></span> <span class='ocrx_word' id='word_1_72' title='bbox 862 724 1026 773; x_wconf 79' lang='lat' dir='ltr'><strong>gentes,</strong></span> <span class='ocrx_word' id='word_1_73' title='bbox 1049 719 1125 772; x_wconf 91' lang='lat' dir='ltr'><em>qui</em></span> <span class='ocrx_word' id='word_1_74' title='bbox 1146 719 1272 759; x_wconf 85' lang='lat' dir='ltr'><em>missi</em></span> <span class='ocrx_word' id='word_1_75' title='bbox 1301 724 1418 758; x_wconf 80' lang='lat' dir='ltr'><em>eraut</em></span> <span class='ocrx_word' id='word_1_76' title='bbox 1432 731 1511 771; x_wconf 81' lang='lat' dir='ltr'><em>pro</em></span> <span class='ocrx_word' id='word_1_77' title='bbox 1530 715 1737 770; x_wconf 80' lang='lat' dir='ltr'><em>republica</em></span> 
     </span>
     <span class='ocr_line' id='line_1_10' title="bbox 291 783 1742 842; baseline -0.003 -14"><span class='ocrx_word' id='word_1_78' title='bbox 291 795 437 829; x_wconf 71' lang='lat' dir='ltr'><em>vostra</em></span> <span class='ocrx_word' id='word_1_79' title='bbox 460 802 486 829; x_wconf 86' lang='lat' dir='ltr'><em>a</em></span> <span class='ocrx_word' id='word_1_80' title='bbox 505 789 671 842; x_wconf 86' lang='lat' dir='ltr'><em>populo</em></span> <span class='ocrx_word' id='word_1_81' title='bbox 694 788 752 830; x_wconf 85' lang='lat' dir='ltr'><em>R.</em></span> <span class='ocrx_word' id='word_1_82' title='bbox 772 788 804 828; x_wconf 85' lang='lat' dir='ltr'><em>ii</em></span> <span class='ocrx_word' id='word_1_83' title='bbox 826 789 1019 842; x_wconf 80' lang='lat' dir='ltr'><em>conceptis</em></span> <span class='ocrx_word' id='word_1_84' title='bbox 1039 785 1167 826; x_wconf 80' lang='lat' dir='ltr'><em>verbis</em></span> <span class='ocrx_word' id='word_1_85' title='bbox 1188 785 1359 826; x_wconf 80' lang='lat' dir='ltr'><em>solerent</em></span> <span class='ocrx_word' id='word_1_86' title='bbox 1386 783 1491 824; x_wconf 75' lang='lat' dir='ltr'><em>Deos</em></span> <span class='ocrx_word' id='word_1_87' title='bbox 1511 784 1673 839; x_wconf 75' lang='grc' dir='ltr'><em>ἀρᾶσθαι</em></span> <span class='ocrx_word' id='word_1_88' title='bbox 1699 783 1742 823; x_wconf 81' lang='lat' dir='ltr'><em>id</em></span> 
     </span>
     <span class='ocr_line' id='line_1_11' title="bbox 292 852 1741 907; baseline -0.003 -12"><span class='ocrx_word' id='word_1_89' title='bbox 292 863 346 896; x_wconf 77' lang='lat' dir='ltr'><em>esc</em></span> <span class='ocrx_word' id='word_1_90' title='bbox 371 856 512 896; x_wconf 80' lang='lat' dir='ltr'><em>testari</em></span> <span class='ocrx_word' id='word_1_91' title='bbox 1092 854 1167 907; x_wconf 89' lang='lat' dir='ltr'><em>qui</em></span> <span class='ocrx_word' id='word_1_92' title='bbox 1342 853 1403 893; x_wconf 84' lang='lat' dir='ltr'><em>cit</em></span> <span class='ocrx_word' id='word_1_93' title='bbox 1426 852 1514 904; x_wconf 73' lang='lat'>[132]</span> <span class='ocrx_word' id='word_1_94' title='bbox 1537 864 1618 892; x_wconf 87' lang='lat' dir='ltr'><em>eos</em></span> <span class='ocrx_word' id='word_1_95' title='bbox 1640 865 1741 892; x_wconf 86' lang='lat' dir='ltr'><em>nos—</em></span> 
     </span>
     <span class='ocr_line' id='line_1_12' title="bbox 293 919 1740 976; baseline -0.003 -13"><span class='ocrx_word' id='word_1_96' title='bbox 293 924 345 963; x_wconf 86' lang='lat' dir='ltr'><em>tri</em></span> <span class='ocrx_word' id='word_1_97' title='bbox 367 923 442 963; x_wconf 88' lang='lat' dir='ltr'><em>alii</em></span> <span class='ocrx_word' id='word_1_98' title='bbox 458 928 486 946; x_wconf 83' lang='lat'><em>¹¹</em></span> <span class='ocrx_word' id='word_1_99' title='bbox 522 936 604 976; x_wconf 87' lang='lat' dir='ltr'><em>pro</em></span> <span class='ocrx_word' id='word_1_100' title='bbox 625 923 784 975; x_wconf 78' lang='lat' dir='ltr'><em>legatis</em></span> <span class='ocrx_word' id='word_1_101' title='bbox 805 922 1044 976; x_wconf 81' lang='lat' dir='ltr'><em>appellant,</em></span> <span class='ocrx_word' id='word_1_102' title='bbox 1069 927 1116 962; x_wconf 86' lang='lat' dir='ltr'><em>ut</em></span> <span class='ocrx_word' id='word_1_103' title='bbox 1138 921 1254 961; x_wconf 80' lang='lat' dir='ltr'><em>Cato</em></span> <span class='ocrx_word' id='word_1_104' title='bbox 1278 921 1320 961; x_wconf 89' lang='lat' dir='ltr'><em>in</em></span> <span class='ocrx_word' id='word_1_105' title='bbox 1342 933 1394 960; x_wconf 85' lang='lat' dir='ltr'><em>ea</em></span> <span class='ocrx_word' id='word_1_106' title='bbox 1416 933 1544 973; x_wconf 83' lang='lat' dir='ltr'><em>quam</em></span> <span class='ocrx_word' id='word_1_107' title='bbox 1568 919 1740 972; x_wconf 83' lang='lat' dir='ltr'><em>scripsit</em></span> 
     </span>
     <span class='ocr_line' id='line_1_13' title="bbox 293 985 1741 1032; baseline -0.003 -2"><span class='ocrx_word' id='word_1_108' title='bbox 293 990 348 1030; x_wconf 88' lang='lat' dir='ltr'><em>de</em></span> <span class='ocrx_word' id='word_1_109' title='bbox 370 991 464 1031; x_wconf 84' lang='lat' dir='ltr'><em>suis</em></span> <span class='ocrx_word' id='word_1_110' title='bbox 486 990 722 1032; x_wconf 84' lang='lat' dir='ltr'><em>virtutibus</em></span> <span class='ocrx_word' id='word_1_111' title='bbox 743 995 896 1031; x_wconf 81' lang='lat' dir='ltr'><em>eontra</em></span> <span class='ocrx_word' id='word_1_112' title='bbox 916 990 1148 1031; x_wconf 84' lang='lat' dir='ltr'><em>Thermum</em></span> <span class='ocrx_word' id='word_1_113' title='bbox 1171 1002 1181 1030; x_wconf 73' lang='grc' dir='ltr'>ε</span> <span class='ocrx_word' id='word_1_114' title='bbox 1216 988 1280 1028; x_wconf 88' lang='grc' dir='ltr'><em>Μ.</em></span> <span class='ocrx_word' id='word_1_115' title='bbox 1306 988 1466 1030; x_wconf 88' lang='lat' dir='ltr'><em>Fulvio</em></span> <span class='ocrx_word' id='word_1_116' title='bbox 1488 986 1658 1028; x_wconf 84' lang='lat' dir='ltr'><em>consuli</em></span> <span class='ocrx_word' id='word_1_117' title='bbox 1679 985 1741 1026; x_wconf 45' lang='lat' dir='ltr'><em>le*-</em></span> 
     </span>
    </p>
   </div>
   <div class='ocr_carea' id='block_1_3' title="bbox 734 150 1289 184">
    <p class='ocr_par' dir='ltr' id='par_1_3' title="bbox 734 150 1289 184">
     <span class='ocr_line' id='line_1_14' title="bbox 734 150 1289 184; baseline -0.009 0"><span class='ocrx_word' id='word_1_118' title='bbox 734 153 881 184; x_wconf 75' lang='lat' dir='ltr'><em>SEXTi</em></span> <span class='ocrx_word' id='word_1_119' title='bbox 916 150 1116 181; x_wconf 73' lang='lat' dir='ltr'><strong>POMPEII</strong></span> <span class='ocrx_word' id='word_1_120' title='bbox 1153 150 1289 180; x_wconf 73' lang='lat' dir='ltr'>FESTI</span> 
     </span>
    </p>
   </div>
   <div class='ocr_carea' id='block_1_4' title="bbox 899 1119 1134 1132">
    <p class='ocr_par' dir='ltr' id='par_1_4' title="bbox 899 1119 1134 1132">
     <span class='ocr_line' id='line_1_15' title="bbox 899 1119 1134 1132; baseline 0 -1"><span class='ocrx_word' id='word_1_121' title='bbox 899 1119 1134 1132; x_wconf 68' lang='lat' dir='ltr'><em>eeeeeeeeeeee</em></span> 
     </span>
    </p>
   </div>
   <div class='ocr_carea' id='block_1_5' title="bbox 339 1194 1209 1238">
    <p class='ocr_par' dir='ltr' id='par_1_5' title="bbox 339 1194 1209 1238">
     <span class='ocr_line' id='line_1_16' title="bbox 339 1194 1209 1238; baseline -0.005 -9"><span class='ocrx_word' id='word_1_122' title='bbox 339 1202 359 1229; x_wconf 84' lang='lat'><strong>9</strong></span> <span class='ocrx_word' id='word_1_123' title='bbox 384 1197 406 1228; x_wconf 90' lang='lat' dir='ltr'><em>f.</em></span> <span class='ocrx_word' id='word_1_124' title='bbox 422 1200 762 1238; x_wconf 79' lang='lat' dir='ltr'><em>properaverant.—10</em></span> <span class='ocrx_word' id='word_1_125' title='bbox 786 1196 810 1228; x_wconf 82' lang='lat' dir='ltr'><em>f.</em></span> <span class='ocrx_word' id='word_1_126' title='bbox 826 1198 1050 1228; x_wconf 82' lang='lat' dir='ltr'><em>duceret.-—11</em></span> <span class='ocrx_word' id='word_1_127' title='bbox 1077 1194 1101 1225; x_wconf 91' lang='lat' dir='ltr'><em>f.</em></span> <span class='ocrx_word' id='word_1_128' title='bbox 1120 1196 1209 1227; x_wconf 69' lang='lat' dir='ltr'><em>alias„</em></span> 
     </span>
    </p>
   </div>
   <div class='ocr_carea' id='block_1_6' title="bbox 947 1309 1090 1340">
    <p class='ocr_par' dir='ltr' id='par_1_6' title="bbox 947 1309 1090 1340">
     <span class='ocr_line' id='line_1_17' title="bbox 947 1309 1090 1340; baseline -0.007 0"><span class='ocrx_word' id='word_1_129' title='bbox 947 1309 975 1340; x_wconf 81' lang='lat' dir='ltr'>N</span> <span class='ocrx_word' id='word_1_130' title='bbox 984 1309 1090 1340; x_wconf 69' lang='lat' dir='ltr'>0¹1*AE</span> 
     </span>
    </p>
   </div>
   <div class='ocr_carea' id='block_1_7' title="bbox 296 1382 999 2724">
    <p class='ocr_par' dir='ltr' id='par_1_7' title="bbox 296 1382 999 2724">
     <span class='ocr_line' id='line_1_18' title="bbox 338 1382 994 1424; baseline -0.003 -9"><span class='ocrx_word' id='word_1_131' title='bbox 338 1392 351 1407; x_wconf 73' lang='lat'><strong>⁰</strong></span> <span class='ocrx_word' id='word_1_132' title='bbox 379 1385 493 1416; x_wconf 81' lang='lat' dir='ltr'><em>Orbius</em></span> <span class='ocrx_word' id='word_1_133' title='bbox 508 1384 618 1424; x_wconf 78' lang='lat' dir='ltr'><em>clivus]</em></span> <span class='ocrx_word' id='word_1_134' title='bbox 644 1384 760 1415; x_wconf 87' lang='lat' dir='ltr'><em>Livius</em></span> <span class='ocrx_word' id='word_1_135' title='bbox 777 1384 836 1414; x_wconf 86' lang='lat' dir='ltr'><em>lib.</em></span> <span class='ocrx_word' id='word_1_136' title='bbox 850 1393 875 1415; x_wconf 78' lang='grc' dir='ltr'><em>ι.</em></span> <span class='ocrx_word' id='word_1_137' title='bbox 893 1382 994 1413; x_wconf 80' lang='lat' dir='ltr'><em>habet</em></span> 
     </span>
     <span class='ocr_line' id='line_1_19' title="bbox 301 1435 996 1474; baseline -0.006 -8"><span class='ocrx_word' id='word_1_138' title='bbox 301 1436 447 1474; x_wconf 78' lang='lat' dir='ltr'><em>Urbicus,</em></span> <span class='ocrx_word' id='word_1_139' title='bbox 471 1440 506 1466; x_wconf 88' lang='lat' dir='ltr'><em>et</em></span> <span class='ocrx_word' id='word_1_140' title='bbox 529 1436 576 1465; x_wconf 85' lang='lat' dir='ltr'><em>ita</em></span> <span class='ocrx_word' id='word_1_141' title='bbox 597 1435 699 1465; x_wconf 83' lang='lat' dir='ltr'><em>etiam</em></span> <span class='ocrx_word' id='word_1_142' title='bbox 724 1435 857 1465; x_wconf 85' lang='lat' dir='ltr'><em>Solinus</em></span> <span class='ocrx_word' id='word_1_143' title='bbox 872 1444 948 1474; x_wconf 86' lang='lat' dir='ltr'><em>cap.</em></span> <span class='ocrx_word' id='word_1_144' title='bbox 968 1437 996 1464; x_wconf 84' lang='lat' dir='ltr'><em>l.</em></span> 
     </span>
     <span class='ocr_line' id='line_1_20' title="bbox 296 1485 994 1525; baseline -0.003 -10"><span class='ocrx_word' id='word_1_145' title='bbox 296 1486 329 1515; x_wconf 89' lang='lat' dir='ltr'><em>in</em></span> <span class='ocrx_word' id='word_1_146' title='bbox 361 1486 536 1516; x_wconf 71' lang='lat' dir='ltr'><em>editionib.</em></span> <span class='ocrx_word' id='word_1_147' title='bbox 570 1486 728 1525; x_wconf 79' lang='lat' dir='ltr'><em>vulgatis,</em></span> <span class='ocrx_word' id='word_1_148' title='bbox 746 1485 994 1524; x_wconf 80' lang='lat' dir='ltr'><em>manuscripti:</em></span> 
     </span>
     <span class='ocr_line' id='line_1_21' title="bbox 303 1535 996 1576; baseline -0.003 -10"><span class='ocrx_word' id='word_1_149' title='bbox 303 1537 438 1572; x_wconf 83' lang='lat' dir='ltr'><em>Urbius‚·</em></span> <span class='ocrx_word' id='word_1_150' title='bbox 457 1541 582 1576; x_wconf 84' lang='lat' dir='ltr'><em>praeter</em></span> <span class='ocrx_word' id='word_1_151' title='bbox 596 1545 696 1565; x_wconf 88' lang='lat' dir='ltr'><em>uuum</em></span> <span class='ocrx_word' id='word_1_152' title='bbox 713 1535 803 1574; x_wconf 87' lang='lat' dir='ltr'><em>apud</em></span> <span class='ocrx_word' id='word_1_153' title='bbox 819 1545 870 1565; x_wconf 85' lang='lat' dir='ltr'><em>me</em></span> <span class='ocrx_word' id='word_1_154' title='bbox 885 1540 996 1565; x_wconf 84' lang='lat' dir='ltr'><em>vetus-</em></span> 
     </span>
     <span class='ocr_line' id='line_1_22' title="bbox 299 1587 997 1627; baseline 0 -11"><span class='ocrx_word' id='word_1_155' title='bbox 299 1587 475 1624; x_wconf 84' lang='lat' dir='ltr'><em>tissimum,</em></span> <span class='ocrx_word' id='word_1_156' title='bbox 488 1588 520 1617; x_wconf 89' lang='lat' dir='ltr'><em>in</em></span> <span class='ocrx_word' id='word_1_157' title='bbox 540 1597 604 1627; x_wconf 86' lang='lat' dir='ltr'><em>quo</em></span> <span class='ocrx_word' id='word_1_158' title='bbox 616 1592 667 1617; x_wconf 86' lang='lat' dir='ltr'><em>est</em></span> <span class='ocrx_word' id='word_1_159' title='bbox 680 1587 816 1618; x_wconf 79' lang='lat' dir='ltr'><em>Orbius:</em></span> <span class='ocrx_word' id='word_1_160' title='bbox 834 1597 908 1627; x_wconf 81' lang='lat' dir='ltr'><em>quae</em></span> <span class='ocrx_word' id='word_1_161' title='bbox 924 1587 997 1627; x_wconf 86' lang='lat' dir='ltr'><em>qui—</em></span> 
     </span>
     <span class='ocr_line' id='line_1_23' title="bbox 298 1636 996 1676; baseline 0.001 -10"><span class='ocrx_word' id='word_1_162' title='bbox 298 1636 373 1666; x_wconf 89' lang='lat' dir='ltr'><em>dem</em></span> <span class='ocrx_word' id='word_1_163' title='bbox 391 1637 560 1676; x_wconf 82' lang='lat' dir='ltr'><em>scriptura</em></span> <span class='ocrx_word' id='word_1_164' title='bbox 578 1646 657 1666; x_wconf 82' lang='lat' dir='ltr'><em>vera</em></span> <span class='ocrx_word' id='word_1_165' title='bbox 676 1642 738 1675; x_wconf 80' lang='lat' dir='ltr'><em>est,</em></span> <span class='ocrx_word' id='word_1_166' title='bbox 759 1647 846 1675; x_wconf 89' lang='lat' dir='ltr'><em>nam,</em></span> <span class='ocrx_word' id='word_1_167' title='bbox 863 1642 900 1667; x_wconf 87' lang='lat' dir='ltr'><em>ut</em></span> <span class='ocrx_word' id='word_1_168' title='bbox 919 1637 996 1667; x_wconf 80' lang='lat' dir='ltr'><em>Fes-</em></span> 
     </span>
     <span class='ocr_line' id='line_1_24' title="bbox 298 1685 997 1727; baseline 0 -11"><span class='ocrx_word' id='word_1_169' title='bbox 298 1692 351 1716; x_wconf 82' lang='lat' dir='ltr'><em>tus</em></span> <span class='ocrx_word' id='word_1_170' title='bbox 369 1685 456 1716; x_wconf 85' lang='lat' dir='ltr'><em>infra</em></span> <span class='ocrx_word' id='word_1_171' title='bbox 473 1687 505 1716; x_wconf 92' lang='lat' dir='ltr'><em>in</em></span> <span class='ocrx_word' id='word_1_172' title='bbox 528 1689 536 1704; x_wconf 89' lang='lat'>‘</span> <span class='ocrx_word' id='word_1_173' title='bbox 555 1688 667 1717; x_wconf 87' lang='lat' dir='ltr'><em>Orcus</em></span> <span class='ocrx_word' id='word_1_174' title='bbox 685 1686 692 1698; x_wconf 88' lang='lat'><em>’</em></span> <span class='ocrx_word' id='word_1_175' title='bbox 719 1687 838 1727; x_wconf 86' lang='lat' dir='ltr'><em>inquit,</em></span> <span class='ocrx_word' id='word_1_176' title='bbox 867 1687 997 1727; x_wconf 78' lang='lat' dir='ltr'>antiqui</span> 
     </span>
     <span class='ocr_line' id='line_1_25' title="bbox 296 1736 998 1776; baseline 0 -10"><span class='ocrx_word' id='word_1_177' title='bbox 296 1746 317 1766; x_wconf 85' lang='lat' dir='ltr'><em>u</em></span> <span class='ocrx_word' id='word_1_178' title='bbox 340 1737 448 1767; x_wconf 84' lang='lat' dir='ltr'><em>literae</em></span> <span class='ocrx_word' id='word_1_179' title='bbox 472 1746 589 1767; x_wconf 88' lang='lat' dir='ltr'><em>sonum</em></span> <span class='ocrx_word' id='word_1_180' title='bbox 615 1747 675 1776; x_wconf 84' lang='lat' dir='ltr'><em>per</em></span> <span class='ocrx_word' id='word_1_181' title='bbox 698 1748 714 1766; x_wconf 91' lang='grc' dir='ltr'><strong><em>ο</em></strong></span> <span class='ocrx_word' id='word_1_182' title='bbox 739 1736 942 1773; x_wconf 80' lang='lat' dir='ltr'><em>efferebant,</em></span> <span class='ocrx_word' id='word_1_183' title='bbox 962 1742 998 1767; x_wconf 89' lang='lat' dir='ltr'><em>nt</em></span> 
     </span>
     <span class='ocr_line' id='line_1_26' title="bbox 297 1788 996 1826; baseline 0.001 -10"><span class='ocrx_word' id='word_1_184' title='bbox 297 1791 433 1825; x_wconf 82' lang='lat' dir='ltr'><em>contra,</em></span> <span class='ocrx_word' id='word_1_185' title='bbox 460 1798 477 1817; x_wconf 89' lang='grc' dir='ltr'><em>ο</em></span> <span class='ocrx_word' id='word_1_186' title='bbox 503 1797 564 1826; x_wconf 89' lang='lat' dir='ltr'><em>per</em></span> <span class='ocrx_word' id='word_1_187' title='bbox 588 1797 618 1818; x_wconf 83' lang='lat' dir='ltr'><em>u.</em></span> <span class='ocrx_word' id='word_1_188' title='bbox 674 1788 886 1818; x_wconf 75' lang='lat' dir='ltr'><em>&#39;l‘esiimonio</em></span> <span class='ocrx_word' id='word_1_189' title='bbox 919 1791 996 1817; x_wconf 59' lang='lat' dir='ltr'><em>sunt</em></span> 
     </span>
     <span class='ocr_line' id='line_1_27' title="bbox 298 1835 995 1877; baseline 0.004 -12"><span class='ocrx_word' id='word_1_190' title='bbox 298 1845 349 1870; x_wconf 86' lang='lat' dir='ltr'><em>ea,</em></span> <span class='ocrx_word' id='word_1_191' title='bbox 369 1845 442 1875; x_wconf 73' lang='lat' dir='ltr'><em>quae</em></span> <span class='ocrx_word' id='word_1_192' title='bbox 460 1836 491 1866; x_wconf 92' lang='lat' dir='ltr'><em>in</em></span> <span class='ocrx_word' id='word_1_193' title='bbox 511 1836 573 1867; x_wconf 83' lang='lat' dir='ltr'><em>boc</em></span> <span class='ocrx_word' id='word_1_194' title='bbox 599 1835 790 1877; x_wconf 83' lang='lat' dir='ltr'><em>fragmento</em></span> <span class='ocrx_word' id='word_1_195' title='bbox 808 1838 995 1868; x_wconf 81' lang='lat' dir='ltr'><em>habentur:</em></span> 
     </span>
     <span class='ocr_line' id='line_1_28' title="bbox 297 1884 997 1926; baseline 0.006 -12"><span class='ocrx_word' id='word_1_196' title='bbox 297 1884 306 1900; x_wconf 90' lang='lat'>‘</span> <span class='ocrx_word' id='word_1_197' title='bbox 318 1884 489 1916; x_wconf 80' lang='lat' dir='ltr'><em>Putilius&#39;</em></span> <span class='ocrx_word' id='word_1_198' title='bbox 508 1896 568 1926; x_wconf 83' lang='lat' dir='ltr'><em>pio</em></span> <span class='ocrx_word' id='word_1_199' title='bbox 597 1887 606 1903; x_wconf 88' lang='lat'>‘</span> <span class='ocrx_word' id='word_1_200' title='bbox 623 1887 794 1922; x_wconf 80' lang='lat' dir='ltr'><em>Potitius,&#39;</em></span> <span class='ocrx_word' id='word_1_201' title='bbox 816 1890 825 1906; x_wconf 85' lang='lat'>‘</span> <span class='ocrx_word' id='word_1_202' title='bbox 839 1898 974 1918; x_wconf 83' lang='lat' dir='ltr'><em>sumnus</em></span> <span class='ocrx_word' id='word_1_203' title='bbox 989 1888 997 1900; x_wconf 85' lang='lat'>’</span> 
     </span>
     <span class='ocr_line' id='line_1_29' title="bbox 304 1935 997 1978; baseline 0.003 -13"><span class='ocrx_word' id='word_1_204' title='bbox 304 1945 366 1975; x_wconf 91' lang='lat' dir='ltr'><em>pro</em></span> <span class='ocrx_word' id='word_1_205' title='bbox 385 1935 395 1951; x_wconf 52' lang='grc' dir='ltr'><strong><em>ζ</em></strong></span> <span class='ocrx_word' id='word_1_206' title='bbox 409 1936 566 1977; x_wconf 61' lang='grc' dir='ltr'>εοηηηιρ,’</span> <span class='ocrx_word' id='word_1_207' title='bbox 593 1937 602 1954; x_wconf 91' lang='lat'>‘</span> <span class='ocrx_word' id='word_1_208' title='bbox 622 1937 789 1967; x_wconf 76' lang='lat' dir='ltr'><em>rutundus</em></span> <span class='ocrx_word' id='word_1_209' title='bbox 802 1937 809 1949; x_wconf 93' lang='lat'>&#39;</span> <span class='ocrx_word' id='word_1_210' title='bbox 831 1947 893 1978; x_wconf 87' lang='lat' dir='ltr'><em>pro</em></span> <span class='ocrx_word' id='word_1_211' title='bbox 917 1938 926 1953; x_wconf 82' lang='lat'><strong><em>⁴</em></strong></span> <span class='ocrx_word' id='word_1_212' title='bbox 945 1947 997 1967; x_wconf 72' lang='lat' dir='ltr'><em>rw</em></span> 
     </span>
     <span class='ocr_line' id='line_1_30' title="bbox 299 1985 997 2018; baseline 0.004 -4"><span class='ocrx_word' id='word_1_213' title='bbox 299 1985 421 2015; x_wconf 83' lang='lat' dir='ltr'><em>tundus</em></span> <span class='ocrx_word' id='word_1_214' title='bbox 434 1985 455 2016; x_wconf 86' lang='lat'><em>:‘</em></span> <span class='ocrx_word' id='word_1_215' title='bbox 477 1991 511 2016; x_wconf 85' lang='lat' dir='ltr'><em>et</em></span> <span class='ocrx_word' id='word_1_216' title='bbox 529 1986 560 2016; x_wconf 88' lang='lat' dir='ltr'><em>in</em></span> <span class='ocrx_word' id='word_1_217' title='bbox 578 1987 734 2018; x_wconf 87' lang='lat' dir='ltr'><em>columna</em></span> <span class='ocrx_word' id='word_1_218' title='bbox 750 1992 896 2018; x_wconf 88' lang='lat' dir='ltr'><em>rostrata</em></span> <span class='ocrx_word' id='word_1_219' title='bbox 915 1988 997 2017; x_wconf 88' lang='lat' dir='ltr'><em>Dui-</em></span> 
     </span>
     <span class='ocr_line' id='line_1_31' title="bbox 299 2035 999 2076; baseline 0.001 -12"><span class='ocrx_word' id='word_1_220' title='bbox 299 2035 334 2065; x_wconf 87' lang='lat' dir='ltr'><em>lii</em></span> <span class='ocrx_word' id='word_1_221' title='bbox 358 2035 367 2050; x_wconf 92' lang='lat'>‘</span> <span class='ocrx_word' id='word_1_222' title='bbox 386 2035 619 2067; x_wconf 86' lang='lat' dir='ltr'><em>macistratos&#39;</em></span> <span class='ocrx_word' id='word_1_223' title='bbox 640 2045 702 2076; x_wconf 86' lang='lat' dir='ltr'><em>pro</em></span> <span class='ocrx_word' id='word_1_224' title='bbox 733 2037 742 2053; x_wconf 92' lang='lat'>‘</span> <span class='ocrx_word' id='word_1_225' title='bbox 759 2035 999 2075; x_wconf 76' lang='lat' dir='ltr'><em>magistratus‚’</em></span> 
     </span>
     <span class='ocr_line' id='line_1_32' title="bbox 301 2085 998 2126; baseline -0.001 -10"><span class='ocrx_word' id='word_1_226' title='bbox 301 2086 309 2101; x_wconf 94' lang='lat'>‘</span> <span class='ocrx_word' id='word_1_227' title='bbox 328 2086 500 2117; x_wconf 87' lang='lat' dir='ltr'><em>navebos’</em></span> <span class='ocrx_word' id='word_1_228' title='bbox 541 2096 602 2126; x_wconf 87' lang='lat' dir='ltr'><em>pro</em></span> <span class='ocrx_word' id='word_1_229' title='bbox 632 2088 640 2103; x_wconf 93' lang='lat'>‘</span> <span class='ocrx_word' id='word_1_230' title='bbox 665 2085 831 2118; x_wconf 64' lang='lat' dir='ltr'><em>navibus!</em></span> <span class='ocrx_word' id='word_1_231' title='bbox 890 2087 998 2116; x_wconf 82' lang='lat' dir='ltr'><em>Varro</em></span> 
     </span>
     <span class='ocr_line' id='line_1_33' title="bbox 300 2135 997 2176; baseline 0 -11"><span class='ocrx_word' id='word_1_232' title='bbox 300 2135 358 2168; x_wconf 88' lang='lat' dir='ltr'><em>lib.</em></span> <span class='ocrx_word' id='word_1_233' title='bbox 377 2145 408 2166; x_wconf 90' lang='lat' dir='ltr'><em>v.</em></span> <span class='ocrx_word' id='word_1_234' title='bbox 435 2136 476 2166; x_wconf 87' lang='lat' dir='ltr'><em>de</em></span> <span class='ocrx_word' id='word_1_235' title='bbox 502 2136 598 2176; x_wconf 67' lang='lat' dir='ltr'><em>Ling-</em></span> <span class='ocrx_word' id='word_1_236' title='bbox 621 2137 696 2167; x_wconf 79' lang='lat' dir='ltr'><em>Lat.</em></span> <span class='ocrx_word' id='word_1_237' title='bbox 723 2146 826 2167; x_wconf 81' lang='lat' dir='ltr'><em>omnes</em></span> <span class='ocrx_word' id='word_1_238' title='bbox 845 2136 997 2175; x_wconf 80' lang='lat' dir='ltr'><em>Quirites,</em></span> 
     </span>
     <span class='ocr_line' id='line_1_34' title="bbox 300 2185 997 2226; baseline -0.003 -10"><span class='ocrx_word' id='word_1_239' title='bbox 300 2187 429 2225; x_wconf 77' lang='lat' dir='ltr'><em>equites,</em></span> <span class='ocrx_word' id='word_1_240' title='bbox 443 2187 590 2226; x_wconf 80' lang='lat' dir='ltr'><em>peditesq.</em></span> <span class='ocrx_word' id='word_1_241' title='bbox 602 2187 713 2225; x_wconf 79' lang='lat' dir='ltr'><em>magist</em></span> <span class='ocrx_word' id='word_1_242' title='bbox 718 2189 812 2220; x_wconf 76' lang='lat' dir='ltr'><em>ratos,</em></span> <span class='ocrx_word' id='word_1_243' title='bbox 827 2185 997 2225; x_wconf 73' lang='lat' dir='ltr'><em>privatosq.</em></span> 
     </span>
     <span class='ocr_line' id='line_1_35' title="bbox 301 2235 996 2274; baseline -0.003 -8"><span class='ocrx_word' id='word_1_244' title='bbox 301 2237 354 2274; x_wconf 59' lang='lat' dir='ltr'><em>byc-</em></span> <span class='ocrx_word' id='word_1_245' title='bbox 378 2236 426 2266; x_wconf 84' lang='lat' dir='ltr'><em>ita</em></span> <span class='ocrx_word' id='word_1_246' title='bbox 442 2236 530 2266; x_wconf 88' lang='lat' dir='ltr'><em>enim</em></span> <span class='ocrx_word' id='word_1_247' title='bbox 546 2235 688 2274; x_wconf 65' lang='lat' dir='ltr'><em>legenda</em></span> <span class='ocrx_word' id='word_1_248' title='bbox 705 2240 783 2265; x_wconf 88' lang='lat' dir='ltr'><em>sunt</em></span> <span class='ocrx_word' id='word_1_249' title='bbox 801 2235 901 2265; x_wconf 86' lang='lat' dir='ltr'><em>verba</em></span> <span class='ocrx_word' id='word_1_250' title='bbox 915 2235 996 2264; x_wconf 87' lang='lat' dir='ltr'><em>Var-</em></span> 
     </span>
     <span class='ocr_line' id='line_1_36' title="bbox 302 2286 999 2326; baseline 0.001 -11"><span class='ocrx_word' id='word_1_251' title='bbox 302 2286 401 2323; x_wconf 80' lang='lat' dir='ltr'><em>ronis,</em></span> <span class='ocrx_word' id='word_1_252' title='bbox 418 2295 484 2316; x_wconf 87' lang='lat' dir='ltr'><em>non</em></span> <span class='ocrx_word' id='word_1_253' title='bbox 502 2291 539 2316; x_wconf 91' lang='lat' dir='ltr'><em>ut</em></span> <span class='ocrx_word' id='word_1_254' title='bbox 557 2287 654 2325; x_wconf 85' lang='lat' dir='ltr'><em>vulgo</em></span> <span class='ocrx_word' id='word_1_255' title='bbox 677 2286 834 2326; x_wconf 81' lang='lat' dir='ltr'><em>leguntur</em></span> <span class='ocrx_word' id='word_1_256' title='bbox 850 2295 857 2315; x_wconf 92' lang='grc'>;</span> <span class='ocrx_word' id='word_1_257' title='bbox 884 2286 999 2316; x_wconf 81' lang='lat' dir='ltr'><em>Omnes</em></span> 
     </span>
     <span class='ocr_line' id='line_1_37' title="bbox 303 2335 997 2375; baseline 0.001 -11"><span class='ocrx_word' id='word_1_258' title='bbox 303 2335 456 2375; x_wconf 81' lang='lat' dir='ltr'><em>Quirites,</em></span> <span class='ocrx_word' id='word_1_259' title='bbox 488 2336 618 2374; x_wconf 79' lang='lat' dir='ltr'><em>pedites,</em></span> <span class='ocrx_word' id='word_1_260' title='bbox 651 2339 798 2370; x_wconf 78' lang='lat' dir='ltr'><em>armatos,</em></span> <span class='ocrx_word' id='word_1_261' title='bbox 825 2335 997 2374; x_wconf 72' lang='lat' dir='ltr'><em>privatosq.</em></span> 
     </span>
     <span class='ocr_line' id='line_1_38' title="bbox 300 2385 998 2423; baseline 0.001 -9"><span class='ocrx_word' id='word_1_262' title='bbox 300 2386 353 2423; x_wconf 63' lang='grc' dir='ltr'><em>ᾅέ.</em></span> <span class='ocrx_word' id='word_1_263' title='bbox 378 2385 579 2423; x_wconf 77' lang='lat' dir='ltr'><em>magistratos</em></span> <span class='ocrx_word' id='word_1_264' title='bbox 601 2386 688 2415; x_wconf 89' lang='lat' dir='ltr'><em>enim</em></span> <span class='ocrx_word' id='word_1_265' title='bbox 716 2385 868 2415; x_wconf 78' lang='lat' dir='ltr'><em>librarius</em></span> <span class='ocrx_word' id='word_1_266' title='bbox 891 2390 998 2415; x_wconf 88' lang='lat' dir='ltr'><em>muta-</em></span> 
     </span>
     <span class='ocr_line' id='line_1_39' title="bbox 302 2435 995 2474; baseline 0 -10"><span class='ocrx_word' id='word_1_267' title='bbox 302 2435 349 2465; x_wconf 91' lang='lat' dir='ltr'><em>vit</em></span> <span class='ocrx_word' id='word_1_268' title='bbox 378 2435 409 2465; x_wconf 85' lang='lat' dir='ltr'><em>iu</em></span> <span class='ocrx_word' id='word_1_269' title='bbox 439 2438 586 2474; x_wconf 83' lang='lat' dir='ltr'><em>armatos,</em></span> <span class='ocrx_word' id='word_1_270' title='bbox 611 2435 735 2465; x_wconf 86' lang='lat' dir='ltr'><em>omissa</em></span> <span class='ocrx_word' id='word_1_271' title='bbox 762 2444 844 2465; x_wconf 87' lang='lat' dir='ltr'><em>voce</em></span> <span class='ocrx_word' id='word_1_272' title='bbox 867 2437 995 2474; x_wconf 78' lang='lat' dir='ltr'><em>equites,</em></span> 
     </span>
     <span class='ocr_line' id='line_1_40' title="bbox 303 2484 998 2525; baseline 0.001 -11"><span class='ocrx_word' id='word_1_273' title='bbox 303 2494 401 2525; x_wconf 86' lang='lat' dir='ltr'><em>quam</em></span> <span class='ocrx_word' id='word_1_274' title='bbox 429 2484 529 2515; x_wconf 84' lang='lat' dir='ltr'><em>habet</em></span> <span class='ocrx_word' id='word_1_275' title='bbox 553 2485 667 2515; x_wconf 86' lang='lat' dir='ltr'><em>Livius</em></span> <span class='ocrx_word' id='word_1_276' title='bbox 694 2485 750 2516; x_wconf 85' lang='lat' dir='ltr'><em>lib.</em></span> <span class='ocrx_word' id='word_1_277' title='bbox 767 2494 790 2514; x_wconf 89' lang='lat'><em>1.</em></span> <span class='ocrx_word' id='word_1_278' title='bbox 814 2486 846 2514; x_wconf 89' lang='lat' dir='ltr'><em>iu</em></span> <span class='ocrx_word' id='word_1_279' title='bbox 870 2494 935 2525; x_wconf 89' lang='lat' dir='ltr'><em>quo</em></span> <span class='ocrx_word' id='word_1_280' title='bbox 952 2484 998 2515; x_wconf 86' lang='lat' dir='ltr'><em>ita</em></span> 
     </span>
     <span class='ocr_line' id='line_1_41' title="bbox 302 2534 998 2572; baseline 0 -8"><span class='ocrx_word' id='word_1_281' title='bbox 302 2534 444 2564; x_wconf 79' lang='lat' dir='ltr'><em>scribit:</em></span> <span class='ocrx_word' id='word_1_282' title='bbox 488 2535 497 2551; x_wconf 88' lang='lat'>‘</span> <span class='ocrx_word' id='word_1_283' title='bbox 524 2534 652 2572; x_wconf 84' lang='lat' dir='ltr'><em>Edixit,</em></span> <span class='ocrx_word' id='word_1_284' title='bbox 696 2540 732 2564; x_wconf 88' lang='lat' dir='ltr'><em>ut</em></span> <span class='ocrx_word' id='word_1_285' title='bbox 762 2543 875 2564; x_wconf 90' lang='lat' dir='ltr'><em>omues</em></span> <span class='ocrx_word' id='word_1_286' title='bbox 907 2534 998 2564; x_wconf 85' lang='lat' dir='ltr'><em>cives</em></span> 
     </span>
     <span class='ocr_line' id='line_1_42' title="bbox 304 2583 997 2624; baseline 0 -10"><span class='ocrx_word' id='word_1_287' title='bbox 304 2584 458 2619; x_wconf 77' lang='lat' dir='ltr'><em>Romani,</em></span> <span class='ocrx_word' id='word_1_288' title='bbox 475 2585 619 2624; x_wconf 83' lang='lat' dir='ltr'><em>equites,</em></span> <span class='ocrx_word' id='word_1_289' title='bbox 637 2583 816 2624; x_wconf 66' lang='lat' dir='ltr'><em>peditesq!</em></span> <span class='ocrx_word' id='word_1_290' title='bbox 832 2586 895 2614; x_wconf 68' lang='grc' dir='ltr'><em>διο.</em></span> <span class='ocrx_word' id='word_1_291' title='bbox 943 2583 997 2614; x_wconf 83' lang='lat' dir='ltr'><em>Ad</em></span> 
     </span>
     <span class='ocr_line' id='line_1_43' title="bbox 303 2633 998 2674; baseline 0 -11"><span class='ocrx_word' id='word_1_292' title='bbox 303 2635 361 2664; x_wconf 86' lang='lat' dir='ltr'><em>lias</em></span> <span class='ocrx_word' id='word_1_293' title='bbox 385 2639 496 2664; x_wconf 85' lang='lat' dir='ltr'><em>autem</em></span> <span class='ocrx_word' id='word_1_294' title='bbox 521 2635 760 2665; x_wconf 79' lang='lat' dir='ltr'><em>intermortuas</em></span> <span class='ocrx_word' id='word_1_295' title='bbox 785 2633 998 2674; x_wconf 69' lang='lat' dir='ltr'><em>antiquitatis</em></span> 
     </span>
     <span class='ocr_line' id='line_1_44' title="bbox 305 2684 996 2724; baseline 0 -11"><span class='ocrx_word' id='word_1_296' title='bbox 305 2684 465 2724; x_wconf 77' lang='lat' dir='ltr'><em>reliquias</em></span> <span class='ocrx_word' id='word_1_297' title='bbox 492 2685 525 2715; x_wconf 90' lang='lat' dir='ltr'><em>in</em></span> <span class='ocrx_word' id='word_1_298' title='bbox 547 2685 656 2715; x_wconf 77' lang='lat' dir='ltr'><em>lucem</em></span> <span class='ocrx_word' id='word_1_299' title='bbox 675 2684 892 2723; x_wconf 82' lang='lat' dir='ltr'><em>revocandas,</em></span> <span class='ocrx_word' id='word_1_300' title='bbox 911 2694 996 2723; x_wconf 62' lang='grc' dir='ltr'><em>[πω-</em></span> 
     </span>
    </p>
   </div>
   <div class='ocr_carea' id='block_1_8' title="bbox 1049 1383 1749 2375">
    <p class='ocr_par' dir='ltr' id='par_1_8' title="bbox 1049 1383 1749 2375">
     <span class='ocr_line' id='line_1_45' title="bbox 1050 1383 1745 1426; baseline 0 -12"><span class='ocrx_word' id='word_1_301' title='bbox 1050 1390 1167 1422; x_wconf 79' lang='lat' dir='ltr'><em>terea,</em></span> <span class='ocrx_word' id='word_1_302' title='bbox 1184 1394 1258 1426; x_wconf 77' lang='lat' dir='ltr'><em>quae</em></span> <span class='ocrx_word' id='word_1_303' title='bbox 1283 1393 1383 1424; x_wconf 78' lang='lat' dir='ltr'><em>supra</em></span> <span class='ocrx_word' id='word_1_304' title='bbox 1411 1383 1642 1423; x_wconf 76' lang='lat' dir='ltr'><em>indicavimus,</em></span> <span class='ocrx_word' id='word_1_305' title='bbox 1662 1383 1745 1414; x_wconf 87' lang='lat' dir='ltr'><em>Livii</em></span> 
     </span>
     <span class='ocr_line' id='line_1_46' title="bbox 1049 1435 1747 1474; baseline 0.003 -10"><span class='ocrx_word' id='word_1_306' title='bbox 1049 1440 1082 1465; x_wconf 84' lang='lat' dir='ltr'><em>et</em></span> <span class='ocrx_word' id='word_1_307' title='bbox 1099 1435 1202 1465; x_wconf 83' lang='lat' dir='ltr'><em>Solini</em></span> <span class='ocrx_word' id='word_1_308' title='bbox 1220 1436 1304 1472; x_wconf 88' lang='lat' dir='ltr'><em>loca,</em></span> <span class='ocrx_word' id='word_1_309' title='bbox 1332 1435 1420 1465; x_wconf 82' lang='lat' dir='ltr'><em>uude</em></span> <span class='ocrx_word' id='word_1_310' title='bbox 1445 1435 1487 1465; x_wconf 80' lang='lat' dir='ltr'><em>de.</em></span> <span class='ocrx_word' id='word_1_311' title='bbox 1512 1435 1618 1466; x_wconf 83' lang='lat' dir='ltr'><em>Urbio</em></span> <span class='ocrx_word' id='word_1_312' title='bbox 1646 1436 1747 1474; x_wconf 80' lang='lat' dir='ltr'><em>clivo,</em></span> 
     </span>
     <span class='ocr_line' id='line_1_47' title="bbox 1050 1485 1745 1526; baseline -0.001 -10"><span class='ocrx_word' id='word_1_313' title='bbox 1050 1487 1102 1516; x_wconf 84' lang='lat' dir='ltr'><em>vel</em></span> <span class='ocrx_word' id='word_1_314' title='bbox 1133 1486 1244 1524; x_wconf 79' lang='lat' dir='ltr'><em>Orbio,</em></span> <span class='ocrx_word' id='word_1_315' title='bbox 1269 1493 1307 1517; x_wconf 88' lang='lat' dir='ltr'><em>ut</em></span> <span class='ocrx_word' id='word_1_316' title='bbox 1336 1486 1543 1526; x_wconf 71' lang='lat' dir='ltr'><em>antiquiores</em></span> <span class='ocrx_word' id='word_1_317' title='bbox 1573 1485 1745 1520; x_wconf 84' lang='lat' dir='ltr'><em>dicebaut,</em></span> 
     </span>
     <span class='ocr_line' id='line_1_48' title="bbox 1049 1534 1745 1576; baseline -0.001 -10"><span class='ocrx_word' id='word_1_318' title='bbox 1049 1537 1244 1576; x_wconf 79' lang='lat' dir='ltr'><em>accepimus</em></span> <span class='ocrx_word' id='word_1_319' title='bbox 1257 1549 1264 1575; x_wconf 87' lang='lat'>;</span> <span class='ocrx_word' id='word_1_320' title='bbox 1282 1537 1477 1576; x_wconf 82' lang='lat' dir='ltr'><em>adjumento</em></span> <span class='ocrx_word' id='word_1_321' title='bbox 1492 1535 1586 1566; x_wconf 85' lang='lat' dir='ltr'><em>nobis</em></span> <span class='ocrx_word' id='word_1_322' title='bbox 1596 1534 1745 1573; x_wconf 85' lang='lat' dir='ltr'><em>fuerunt,</em></span> 
     </span>
     <span class='ocr_line' id='line_1_49' title="bbox 1052 1584 1744 1627; baseline -0.001 -11"><span class='ocrx_word' id='word_1_323' title='bbox 1052 1596 1126 1627; x_wconf 80' lang='lat' dir='ltr'><em>quae</em></span> <span class='ocrx_word' id='word_1_324' title='bbox 1144 1588 1178 1616; x_wconf 91' lang='lat' dir='ltr'><em>in</em></span> <span class='ocrx_word' id='word_1_325' title='bbox 1195 1585 1411 1616; x_wconf 81' lang='lat' dir='ltr'><em>‘Sceleratus</em></span> <span class='ocrx_word' id='word_1_326' title='bbox 1434 1584 1552 1625; x_wconf 78' lang='lat' dir='ltr'><em>vicus,’</em></span> <span class='ocrx_word' id='word_1_327' title='bbox 1576 1584 1665 1615; x_wconf 84' lang='lat' dir='ltr'><em>infra</em></span> <span class='ocrx_word' id='word_1_328' title='bbox 1688 1585 1744 1615; x_wconf 85' lang='lat' dir='ltr'><em>lia-</em></span> 
     </span>
     <span class='ocr_line' id='line_1_50' title="bbox 1051 1636 1746 1676; baseline -0.004 -8"><span class='ocrx_word' id='word_1_329' title='bbox 1051 1638 1184 1668; x_wconf 84' lang='lat' dir='ltr'><em>bentur.</em></span> <span class='ocrx_word' id='word_1_330' title='bbox 1229 1637 1422 1667; x_wconf 79' lang='lat' dir='ltr'><em>Sceleratus</em></span> <span class='ocrx_word' id='word_1_331' title='bbox 1440 1637 1542 1676; x_wconf 67' lang='lat' dir='ltr'><em>vicus,</em></span> <span class='ocrx_word' id='word_1_332' title='bbox 1559 1636 1680 1666; x_wconf 83' lang='lat' dir='ltr'><em>Festus</em></span> <span class='ocrx_word' id='word_1_333' title='bbox 1698 1636 1746 1665; x_wconf 87' lang='lat' dir='ltr'><em>in-</em></span> 
     </span>
     <span class='ocr_line' id='line_1_51' title="bbox 1052 1685 1745 1728; baseline -0.004 -10"><span class='ocrx_word' id='word_1_334' title='bbox 1052 1689 1137 1728; x_wconf 81' lang='lat' dir='ltr'><em>quit,</em></span> <span class='ocrx_word' id='word_1_335' title='bbox 1156 1688 1271 1718; x_wconf 82' lang='lat' dir='ltr'><em>Romae</em></span> <span class='ocrx_word' id='word_1_336' title='bbox 1294 1687 1544 1727; x_wconf 80' lang='lat' dir='ltr'><em>appellabatur,</em></span> <span class='ocrx_word' id='word_1_337' title='bbox 1560 1685 1647 1726; x_wconf 84' lang='lat' dir='ltr'><em>quod</em></span> <span class='ocrx_word' id='word_1_338' title='bbox 1670 1696 1745 1716; x_wconf 83' lang='lat' dir='ltr'><em>cum</em></span> 
     </span>
     <span class='ocr_line' id='line_1_52' title="bbox 1049 1735 1745 1778; baseline -0.004 -10"><span class='ocrx_word' id='word_1_339' title='bbox 1049 1737 1254 1778; x_wconf 81' lang='lat' dir='ltr'><em>Tarquinius</em></span> <span class='ocrx_word' id='word_1_340' title='bbox 1277 1737 1449 1777; x_wconf 81' lang='lat' dir='ltr'><em>Superbus</em></span> <span class='ocrx_word' id='word_1_341' title='bbox 1474 1735 1745 1766; x_wconf 80' lang='lat' dir='ltr'><em>interficiendum</em></span> 
     </span>
     <span class='ocr_line' id='line_1_53' title="bbox 1051 1787 1747 1826; baseline -0.004 -7"><span class='ocrx_word' id='word_1_342' title='bbox 1051 1792 1202 1819; x_wconf 82' lang='lat' dir='ltr'><em>curasset</em></span> <span class='ocrx_word' id='word_1_343' title='bbox 1220 1787 1374 1818; x_wconf 86' lang='lat' dir='ltr'><em>Servium</em></span> <span class='ocrx_word' id='word_1_344' title='bbox 1397 1787 1543 1817; x_wconf 87' lang='lat' dir='ltr'><em>Tullium</em></span> <span class='ocrx_word' id='word_1_345' title='bbox 1565 1795 1678 1826; x_wconf 80' lang='lat' dir='ltr'><em>regem</em></span> <span class='ocrx_word' id='word_1_346' title='bbox 1696 1795 1747 1816; x_wconf 83' lang='lat' dir='ltr'><em>so-</em></span> 
     </span>
     <span class='ocr_line' id='line_1_54' title="bbox 1050 1834 1748 1877; baseline -0.003 -10"><span class='ocrx_word' id='word_1_347' title='bbox 1050 1847 1165 1868; x_wconf 87' lang='lat' dir='ltr'><em>cerum</em></span> <span class='ocrx_word' id='word_1_348' title='bbox 1182 1847 1290 1877; x_wconf 88' lang='lat' dir='ltr'><em>suum,</em></span> <span class='ocrx_word' id='word_1_349' title='bbox 1307 1846 1429 1877; x_wconf 87' lang='lat' dir='ltr'><em>corpus</em></span> <span class='ocrx_word' id='word_1_350' title='bbox 1453 1837 1527 1876; x_wconf 86' lang='lat' dir='ltr'><em>ejus</em></span> <span class='ocrx_word' id='word_1_351' title='bbox 1545 1836 1661 1876; x_wconf 85' lang='lat' dir='ltr'><em>jacens</em></span> <span class='ocrx_word' id='word_1_352' title='bbox 1678 1834 1748 1866; x_wconf 82' lang='lat' dir='ltr'><em>filia</em></span> 
     </span>
     <span class='ocr_line' id='line_1_55' title="bbox 1050 1887 1747 1928; baseline -0.006 -11"><span class='ocrx_word' id='word_1_353' title='bbox 1050 1892 1215 1928; x_wconf 85' lang='lat' dir='ltr'><em>carpento</em></span> <span class='ocrx_word' id='word_1_354' title='bbox 1240 1892 1445 1927; x_wconf 84' lang='lat' dir='ltr'><em>supervecta</em></span> <span class='ocrx_word' id='word_1_355' title='bbox 1475 1887 1530 1924; x_wconf 78' lang='lat' dir='ltr'><em>sit,</em></span> <span class='ocrx_word' id='word_1_356' title='bbox 1560 1894 1747 1925; x_wconf 84' lang='lat' dir='ltr'><em>properans</em></span> 
     </span>
     <span class='ocr_line' id='line_1_56' title="bbox 1050 1935 1747 1978; baseline -0.004 -11"><span class='ocrx_word' id='word_1_357' title='bbox 1050 1938 1083 1968; x_wconf 88' lang='lat' dir='ltr'><em>in</em></span> <span class='ocrx_word' id='word_1_358' title='bbox 1102 1937 1344 1978; x_wconf 78' lang='lat' dir='ltr'><em>possessionem</em></span> <span class='ocrx_word' id='word_1_359' title='bbox 1362 1936 1478 1967; x_wconf 81' lang='lat' dir='ltr'><em>(lomus</em></span> <span class='ocrx_word' id='word_1_360' title='bbox 1497 1941 1658 1976; x_wconf 77' lang='lat' dir='ltr'><em>patei-nae.</em></span> <span class='ocrx_word' id='word_1_361' title='bbox 1692 1935 1747 1965; x_wconf 87' lang='lat' dir='ltr'><em>Li-</em></span> 
     </span>
     <span class='ocr_line' id='line_1_57' title="bbox 1051 1986 1747 2018; baseline -0.003 -2"><span class='ocrx_word' id='word_1_362' title='bbox 1051 1987 1094 2017; x_wconf 86' lang='lat' dir='ltr'><em>vii</em></span> <span class='ocrx_word' id='word_1_363' title='bbox 1124 1987 1225 2017; x_wconf 82' lang='lat' dir='ltr'><em>verba</em></span> <span class='ocrx_word' id='word_1_364' title='bbox 1250 1991 1328 2018; x_wconf 89' lang='lat' dir='ltr'><em>sunt</em></span> <span class='ocrx_word' id='word_1_365' title='bbox 1355 1986 1446 2017; x_wconf 81' lang='lat' dir='ltr'><em>haec:</em></span> <span class='ocrx_word' id='word_1_366' title='bbox 1472 1986 1481 2001; x_wconf 89' lang='lat'>‘</span> <span class='ocrx_word' id='word_1_367' title='bbox 1498 1986 1605 2016; x_wconf 84' lang='lat' dir='ltr'><em>Tullia</em></span> <span class='ocrx_word' id='word_1_368' title='bbox 1619 1994 1694 2015; x_wconf 85' lang='lat' dir='ltr'><em>cum</em></span> <span class='ocrx_word' id='word_1_369' title='bbox 1712 1993 1747 2014; x_wconf 86' lang='lat' dir='ltr'><em>se</em></span> 
     </span>
     <span class='ocr_line' id='line_1_58' title="bbox 1049 2034 1746 2076; baseline -0.003 -10"><span class='ocrx_word' id='word_1_370' title='bbox 1049 2037 1183 2067; x_wconf 85' lang='lat' dir='ltr'><em>domum</em></span> <span class='ocrx_word' id='word_1_371' title='bbox 1210 2037 1390 2076; x_wconf 85' lang='lat' dir='ltr'><em>reciperet,</em></span> <span class='ocrx_word' id='word_1_372' title='bbox 1409 2036 1685 2075; x_wconf 79' lang='lat' dir='ltr'><em>pervenissetque</em></span> <span class='ocrx_word' id='word_1_373' title='bbox 1703 2034 1746 2064; x_wconf 85' lang='lat' dir='ltr'><em>ad</em></span> 
     </span>
     <span class='ocr_line' id='line_1_59' title="bbox 1050 2084 1746 2125; baseline -0.004 -10"><span class='ocrx_word' id='word_1_374' title='bbox 1050 2094 1215 2115; x_wconf 88' lang='lat' dir='ltr'><em>summum</em></span> <span class='ocrx_word' id='word_1_375' title='bbox 1242 2085 1404 2125; x_wconf 85' lang='lat' dir='ltr'><em>Cyprium</em></span> <span class='ocrx_word' id='word_1_376' title='bbox 1435 2085 1557 2124; x_wconf 89' lang='lat' dir='ltr'><em>vicum,</em></span> <span class='ocrx_word' id='word_1_377' title='bbox 1581 2084 1635 2114; x_wconf 88' lang='lat' dir='ltr'><em>ubi</em></span> <span class='ocrx_word' id='word_1_378' title='bbox 1668 2084 1746 2113; x_wconf 84' lang='lat' dir='ltr'><em>Dia-</em></span> 
     </span>
     <span class='ocr_line' id='line_1_60' title="bbox 1050 2133 1747 2174; baseline -0.003 -9"><span class='ocrx_word' id='word_1_379' title='bbox 1050 2135 1142 2165; x_wconf 88' lang='lat' dir='ltr'><em>nium</em></span> <span class='ocrx_word' id='word_1_380' title='bbox 1171 2144 1280 2174; x_wconf 84' lang='lat' dir='ltr'><em>nuper</em></span> <span class='ocrx_word' id='word_1_381' title='bbox 1310 2133 1387 2173; x_wconf 84' lang='lat' dir='ltr'><em>fnit,</em></span> <span class='ocrx_word' id='word_1_382' title='bbox 1417 2133 1578 2164; x_wconf 82' lang='lat' dir='ltr'><em>flectente</em></span> <span class='ocrx_word' id='word_1_383' title='bbox 1606 2143 1747 2173; x_wconf 76' lang='lat' dir='ltr'><em>carpen-</em></span> 
     </span>
     <span class='ocr_line' id='line_1_61' title="bbox 1051 2184 1747 2219; baseline -0.003 -4"><span class='ocrx_word' id='word_1_384' title='bbox 1051 2191 1120 2216; x_wconf 82' lang='lat' dir='ltr'><em>tum</em></span> <span class='ocrx_word' id='word_1_385' title='bbox 1140 2185 1262 2216; x_wconf 85' lang='lat' dir='ltr'><em>dextra</em></span> <span class='ocrx_word' id='word_1_386' title='bbox 1282 2185 1314 2215; x_wconf 88' lang='lat' dir='ltr'><em>in</em></span> <span class='ocrx_word' id='word_1_387' title='bbox 1336 2184 1458 2215; x_wconf 87' lang='lat' dir='ltr'><em>clivum</em></span> <span class='ocrx_word' id='word_1_388' title='bbox 1477 2184 1629 2219; x_wconf 87' lang='lat' dir='ltr'><em>Urbium,</em></span> <span class='ocrx_word' id='word_1_389' title='bbox 1647 2189 1683 2213; x_wconf 92' lang='lat' dir='ltr'><em>ut</em></span> <span class='ocrx_word' id='word_1_390' title='bbox 1714 2184 1747 2213; x_wconf 89' lang='lat' dir='ltr'><em>in</em></span> 
     </span>
     <span class='ocr_line' id='line_1_62' title="bbox 1049 2233 1749 2275; baseline -0.006 -9"><span class='ocrx_word' id='word_1_391' title='bbox 1049 2236 1167 2266; x_wconf 88' lang='lat' dir='ltr'><em>collem</em></span> <span class='ocrx_word' id='word_1_392' title='bbox 1187 2234 1417 2275; x_wconf 83' lang='lat' dir='ltr'><em>Exquiliaruin</em></span> <span class='ocrx_word' id='word_1_393' title='bbox 1441 2233 1643 2264; x_wconf 54' lang='lat' dir='ltr'><em>veheretur)</em></span> <span class='ocrx_word' id='word_1_394' title='bbox 1689 2234 1749 2263; x_wconf 91' lang='lat' dir='ltr'><em>So-</em></span> 
     </span>
     <span class='ocr_line' id='line_1_63' title="bbox 1049 2283 1747 2316; baseline -0.003 -1"><span class='ocrx_word' id='word_1_395' title='bbox 1049 2285 1232 2316; x_wconf 85' lang='lat' dir='ltr'><em>liniautem</em></span> <span class='ocrx_word' id='word_1_396' title='bbox 1248 2286 1318 2315; x_wconf 84' lang='lat' dir='ltr'><em>liaec</em></span> <span class='ocrx_word' id='word_1_397' title='bbox 1335 2296 1341 2313; x_wconf 91' lang='lat'>:</span> <span class='ocrx_word' id='word_1_398' title='bbox 1357 2289 1366 2301; x_wconf 86' lang='lat'>‘</span> <span class='ocrx_word' id='word_1_399' title='bbox 1380 2285 1517 2314; x_wconf 73' lang='lat' dir='ltr'><em>Servius</em></span> <span class='ocrx_word' id='word_1_400' title='bbox 1534 2283 1663 2313; x_wconf 81' lang='lat' dir='ltr'><em>Tullius</em></span> <span class='ocrx_word' id='word_1_401' title='bbox 1681 2284 1747 2314; x_wconf 85' lang='lat' dir='ltr'><em>Ex·</em></span> 
     </span>
     <span class='ocr_line' id='line_1_64' title="bbox 1050 2332 1618 2375; baseline -0.005 -10"><span class='ocrx_word' id='word_1_402' title='bbox 1050 2335 1164 2375; x_wconf 73' lang='lat' dir='ltr'><em>quillis</em></span> <span class='ocrx_word' id='word_1_403' title='bbox 1182 2344 1285 2374; x_wconf 87' lang='lat' dir='ltr'><em>supra</em></span> <span class='ocrx_word' id='word_1_404' title='bbox 1304 2333 1434 2364; x_wconf 75' lang='lat' dir='ltr'><em>clivum</em></span> <span class='ocrx_word' id='word_1_405' title='bbox 1453 2332 1618 2363; x_wconf 61' lang='lat' dir='ltr'><em>Urbium:</em></span> 
     </span>
    </p>
   </div>
   <div class='ocr_carea' id='block_1_9' title="bbox 1041 2383 1748 2426">
    <p class='ocr_par' dir='ltr' id='par_1_9' title="bbox 1041 2383 1748 2426">
     <span class='ocr_line' id='line_1_65' title="bbox 1041 2383 1748 2426; baseline -0.004 -11"><span class='ocrx_word' id='word_1_406' title='bbox 1041 2424 1043 2426; x_wconf 26' lang='grc' dir='ltr'>Ι</span> <span class='ocrx_word' id='word_1_407' title='bbox 1090 2385 1105 2405; x_wconf 72' lang='lat'><em>¹¹</em></span> <span class='ocrx_word' id='word_1_408' title='bbox 1132 2384 1295 2424; x_wconf 79' lang='lat' dir='ltr'><em>Oratores]</em></span> <span class='ocrx_word' id='word_1_409' title='bbox 1318 2385 1430 2415; x_wconf 83' lang='lat' dir='ltr'><em>Multa</em></span> <span class='ocrx_word' id='word_1_410' title='bbox 1457 2384 1510 2414; x_wconf 82' lang='lat' dir='ltr'><em>liic</em></span> <span class='ocrx_word' id='word_1_411' title='bbox 1539 2383 1748 2413; x_wconf 85' lang='lat' dir='ltr'><em>restituimus</em></span> 
     </span>
    </p>
   </div>
   <div class='ocr_carea' id='block_1_10' title="bbox 1049 2429 1748 2672">
    <p class='ocr_par' dir='ltr' id='par_1_10' title="bbox 1049 2429 1748 2672">
     <span class='ocr_line' id='line_1_66' title="bbox 1053 2429 1745 2474; baseline -0.004 -9"><span class='ocrx_word' id='word_1_412' title='bbox 1053 2434 1238 2474; x_wconf 84' lang='lat' dir='ltr'><em>exemplari</em></span> <span class='ocrx_word' id='word_1_413' title='bbox 1264 2429 1458 2474; x_wconf 79' lang='lat' dir='ltr'><em>diligebtius</em></span> <span class='ocrx_word' id='word_1_414' title='bbox 1483 2434 1650 2472; x_wconf 82' lang='lat' dir='ltr'><em>inspecto,</em></span> <span class='ocrx_word' id='word_1_415' title='bbox 1671 2442 1745 2472; x_wconf 81' lang='lat' dir='ltr'><em>quae</em></span> 
     </span>
     <span class='ocr_line' id='line_1_67' title="bbox 1053 2482 1748 2522; baseline -0.004 -8"><span class='ocrx_word' id='word_1_416' title='bbox 1053 2484 1291 2514; x_wconf 78' lang='lat' dir='ltr'><em>desiderantur</em></span> <span class='ocrx_word' id='word_1_417' title='bbox 1316 2484 1346 2514; x_wconf 90' lang='lat' dir='ltr'><em>in</em></span> <span class='ocrx_word' id='word_1_418' title='bbox 1364 2483 1514 2514; x_wconf 85' lang='lat' dir='ltr'><em>editione</em></span> <span class='ocrx_word' id='word_1_419' title='bbox 1530 2482 1748 2522; x_wconf 83' lang='lat' dir='ltr'><em>Augustinia-</em></span> 
     </span>
     <span class='ocr_line' id='line_1_68' title="bbox 1054 2538 1746 2574; baseline -0.004 -10"><span class='ocrx_word' id='word_1_420' title='bbox 1054 2543 1116 2565; x_wconf 83' lang='lat' dir='ltr'><em>na:</em></span> <span class='ocrx_word' id='word_1_421' title='bbox 1156 2538 1335 2574; x_wconf 76' lang='lat' dir='ltr'><em>praeterea,</em></span> <span class='ocrx_word' id='word_1_422' title='bbox 1389 2539 1584 2572; x_wconf 86' lang='lat' dir='ltr'><em>corruptam</em></span> <span class='ocrx_word' id='word_1_423' title='bbox 1631 2541 1746 2561; x_wconf 83' lang='lat' dir='ltr'><em>vocem</em></span> 
     </span>
     <span class='ocr_line' id='line_1_69' title="bbox 1049 2583 1744 2624; baseline -0.004 -10"><span class='ocrx_word' id='word_1_424' title='bbox 1049 2588 1168 2624; x_wconf 79' lang='lat' dir='ltr'><em>propte,</em></span> <span class='ocrx_word' id='word_1_425' title='bbox 1185 2583 1384 2614; x_wconf 86' lang='lat' dir='ltr'><em>mutavimus</em></span> <span class='ocrx_word' id='word_1_426' title='bbox 1402 2583 1434 2613; x_wconf 90' lang='lat' dir='ltr'><em>in</em></span> <span class='ocrx_word' id='word_1_427' title='bbox 1454 2586 1627 2622; x_wconf 81' lang='lat' dir='ltr'><em>propterea,</em></span> <span class='ocrx_word' id='word_1_428' title='bbox 1645 2587 1678 2612; x_wconf 86' lang='lat' dir='ltr'><em>et</em></span> <span class='ocrx_word' id='word_1_429' title='bbox 1695 2583 1744 2611; x_wconf 80' lang='lat' dir='ltr'><em>de-</em></span> 
     </span>
     <span class='ocr_line' id='line_1_70' title="bbox 1051 2632 1478 2672; baseline -0.002 -8"><span class='ocrx_word' id='word_1_430' title='bbox 1051 2633 1195 2664; x_wconf 78' lang='lat' dir='ltr'><em>cretorib.</em></span> <span class='ocrx_word' id='word_1_431' title='bbox 1213 2635 1245 2664; x_wconf 88' lang='lat' dir='ltr'><em>in</em></span> <span class='ocrx_word' id='word_1_432' title='bbox 1261 2632 1478 2672; x_wconf 80' lang='lat' dir='ltr'><em>deprecatorib.</em></span> 
     </span>
    </p>
   </div>
  </div>
 </body>
</html>
