1876 3025
281 188 366 231 962

724 198 873 230 SEXTI
911 198 1113 228 POMPEII
1149 198 1286 229 FESTI

281 297 432 339 Taxat
449 296 461 319 f
489 298 670 339 verbum
702 297 877 351 ponitur
905 296 950 337 in
980 296 1052 346 iis,
1085 309 1186 350 quae
1206 296 1423 346 finiuntur,
1446 296 1590 350 quoad
1611 294 1730 348 tangi

336 365 482 416 liceat,
521 366 565 406 in
601 366 753 406 litibus
795 378 971 418 quoque
1009 364 1272 406 arbitrove¹⁸
1309 377 1408 405 cum
1448 364 1731 417 proscribitur

338 433 486 486 quoad
518 433 560 474 ei
583 432 718 486 jussit
736 436 769 463 ¹9
799 432 1032 472 statuendi.

1110 432 1303 473 Taxatio
1334 431 1512 481 dicitur,
1542 444 1643 485 quae
1682 429 1731 471 fit

338 507 470 542 certae
502 505 743 541 summae:g
773 511 800 540 a
835 499 1050 552 tangendo
1089 505 1232 541 autem
1264 499 1368 548 dici,
1400 499 1534 540 etiam
1566 498 1732 539 scenici

338 568 589 609 testimonio
618 571 736 617 sunt,
765 567 842 621 qui
877 571 1103 608 taxatores
1134 564 1366 618 dicuntur,¹¹
1398 567 1516 621 quod
1541 566 1649 608 alter
1669 565 1732 607 al-

339 640 477 677 terum
500 634 746 675 maledictis
768 634 932 687 tangit:

888 743 1004 755 oooooo

1008 743 1124 754 cccccc

326 823 365 852 18
388 820 440 852 Id.
457 819 539 851 ibid.
555 821 820 852 arbitriove.—19
842 821 904 851 Jus
918 820 974 859 sit,
999 819 1134 852 emend.
1149 819 1239 852 Scat.
1259 819 1344 850 Dae.
1361 823 1396 850 et
1420 817 1469 849 sic
1490 817 1593 849 etiam
1615 816 1731 857 legen-

282 863 360 895 dum
382 868 476 905 putat
494 863 609 896 Gifan.
627 864 703 895 Ind.
721 865 753 895 in
773 864 908 895 Lucret.
924 863 1067 902 v.jussa.

937 961 1078 993 NOTAE

324 1028 339 1045 θ
364 1025 535 1056 Taurorum
557 1026 672 1066 specie]
707 1026 796 1057 Vide
815 1025 982 1056 lElianum

281 1075 317 1106 in
335 1076 428 1106 varia
443 1076 588 1106 historia
606 1076 663 1107 lib.
683 1085 723 1107 11.
739 1086 814 1117 cap.
830 1078 884 1107 33.
904 1086 982 1106 cau-

283 1135 353 1156 sam
372 1125 462 1156 varie
481 1125 586 1157 tradit
602 1126 725 1157 Strabo
742 1126 801 1158 lib.
824 1135 859 1157 x.
897 1125 926 1156 οἱ
948 1124 982 1156 δὲ

282 1175 457 1215 εἰκάζοντες
474 1177 505 1216 ἐξ
525 1177 625 1208 αὐτῶν
648 1176 795 1216 τάληθὲς,
812 1176 914 1219 ταύρῳ
927 1177 984 1216 μὲν

282 1226 404 1258 ἐοικότα
413 1227 561 1266 λέγεσθαι
573 1227 630 1258 τὸν
640 1227 800 1267 Ἀχελῶόν
808 1234 898 1267 φασι,
911 1230 983 1258 καθ-

283 1277 361 1318 άπερ
387 1276 439 1308 καὶ
462 1277 532 1309 τοὺς
552 1278 669 1310 ἄλλους
688 1278 856 1316 ποταμοὺς,
872 1277 934 1309 ἀπό
947 1290 984 1308 τε

281 1331 344 1360 τῶν
358 1329 457 1367 ἤχων,
474 1328 523 1359 καὶ
537 1330 599 1359 τῶν
617 1328 698 1359 κατὰ
712 1328 753 1359 τὰ
775 1328 881 1368 ῥέεθρα
908 1339 984 1366 καμ-

281 1381 358 1419 πῶν,
383 1379 418 1410 ἃς
433 1379 564 1410 καλοῦσι
584 1377 710 1420 κέρατα.
758 1378 798 1409 Id
817 1386 882 1417 est,
903 1379 912 1395 ‘
926 1378 984 1420 qui

283 1436 397 1462 autem
416 1440 434 1460 e
452 1429 576 1460 fabulis
594 1439 671 1460 vera
685 1429 984 1468 colligunt‚Tauro

281 1481 422 1511 similem
446 1479 553 1510 forma
574 1479 758 1510 Acheloum
773 1479 878 1514 aiunt,
896 1484 934 1510 ut
951 1483 986 1509 et

282 1532 365 1562 alios
381 1529 514 1569 fluvios,
530 1530 572 1560 ob
588 1530 753 1570 strepitus
767 1534 801 1560 et
816 1527 922 1559 flexus
939 1529 985 1559 al-

281 1591 421 1613 veorum
444 1581 501 1622 qui
526 1589 655 1611 cornua
671 1579 859 1611 dicuntur?
903 1580 986 1611 Pro-

282 1631 345 1662 bus
362 1631 403 1662 ad
432 1630 514 1662 illud
537 1639 589 1661 tv.
609 1630 741 1670 Georg.
767 1629 775 1645 ‘
791 1630 836 1660 Et
853 1630 985 1670 gemina

282 1685 421 1712 auratus
454 1680 589 1712 taurino
616 1689 746 1711 cornua
773 1677 894 1709 vultu.’
941 1679 986 1710 Et

282 1730 374 1771 ideo,
413 1731 535 1773 inquit,
564 1731 724 1762 ‘taurino
750 1731 857 1766 vultu,
895 1730 984 1772 quod

282 1782 357 1822 ejus
376 1792 474 1813 sonus
497 1787 534 1813 ut
558 1782 647 1814 tauri
673 1782 835 1822 mugitus,
851 1787 886 1812 et
904 1782 986 1821 ripae

281 1832 443 1865 flexuosae
461 1838 538 1865 sunt
554 1839 591 1865 ut
613 1833 742 1865 cornu.'
789 1834 898 1865 Vetus
914 1833 985 1864 Ho-

281 1884 360 1915 ratii
386 1884 556 1925 interpres
586 1884 627 1915 ad
660 1884 730 1915 Od.
765 1886 817 1915 14.
845 1884 906 1915 lib.
936 1893 984 1915 lv.

281 1934 449 1965 ‘omnium
460 1934 663 1966 famosorum
680 1933 855 1965 fluminum
876 1934 987 1964 vultus

283 1995 359 2016 cum
377 1985 536 2016 cornibus
554 1985 731 2025 finguntur
761 1991 902 2025 propter
927 1985 986 2015 im-

282 2039 382 2074 petus
408 2040 443 2065 et
474 2035 622 2074 mugitus
653 2035 840 2075 aquarurn.'
896 2035 986 2065 Vide

284 2084 421 2115 Zetzetn
446 2085 477 2115 in
498 2084 641 2115 Hesiod.
667 2084 792 2116 ἀσπίδα.
839 2085 883 2116 Et
903 2085 985 2115 alios

283 2136 423 2176 passim.
449 2135 662 2174 Addipotest
678 2134 892 2175 forsan,quia
907 2133 986 2174 poe-

284 2192 329 2217 tae
347 2191 469 2217 vocant
483 2185 597 2226 κέρατα
613 2186 723 2217 omnia
736 2184 984 2226 flumina,quod

285 2236 353 2267 sint
371 2236 475 2266 veluti
502 2236 635 2267 Oceani
660 2245 800 2266 cornua.
846 2235 986 2275 Apollo-

283 2287 358 2317 nius
389 2286 432 2317 de
464 2287 575 2317 Istro:
608 2286 700 2317 Ἔστι
720 2285 754 2317 δέ
775 2297 822 2317 τις
847 2284 986 2323 ποταμὸς

284 2336 402 2367 ὕπατον
440 2335 530 2377 κέρας
565 2335 720 2367 ὠκεανοῖο.
757 2337 764 2353 ‘
781 2337 843 2367 Est
872 2341 985 2366 autem

283 2386 419 2427 quidam
436 2385 556 2417 fluvius
572 2387 724 2417 ultimum
741 2395 845 2417 cornu
869 2386 980 2416 Ocea-

284 2436 343 2467 ni.'
367 2437 463 2467 Idem.

327 2485 341 2506 ¹⁸
360 2488 476 2527 Taaeat]
503 2486 719 2517 Alienissima
736 2490 814 2517 sunt
836 2496 910 2525 quae
928 2486 981 2516 hic

284 2537 406 2568 Festus
424 2535 552 2575 tradit;
573 2545 681 2577 neque
699 2537 787 2566 enim
805 2535 857 2565 liic
875 2538 949 2565 taxo
963 2545 983 2566 a

285 2590 394 2625 tango,
422 2585 480 2617 sed
507 2596 525 2617 a
554 2586 678 2617 Graeco
707 2585 829 2624 τάσσω,
853 2585 940 2626 quod
963 2595 983 2616 a

286 2636 418 2667 Graecis
461 2635 686 2676 scriptoribus
716 2641 898 2676 usurpatur
929 2645 982 2666 ea-

285 2685 361 2717 dem
393 2686 530 2717 notione
560 2695 625 2727 qua
656 2690 728 2717 taxo
760 2685 802 2716 ab
841 2685 983 2718 Latinis.

286 2735 492 2768 Aristoteles
509 2736 568 2767 lib.
584 2745 624 2768 11.
647 2736 905 2775 OEeonomicon,
926 2745 982 2767 ca-

1035 1024 1105 1065 pite
1121 1023 1282 1065 secundo,
1301 1024 1310 1041 ‘
1323 1020 1496 1063 Hippias:
1513 1020 1636 1062 inquit,
1664 1026 1672 1038 ‘
1687 1019 1733 1051 Α-

1034 1075 1233 1112 theniensis‚
1273 1082 1444 1104 nummum
1473 1070 1563 1111 apud
1592 1069 1732 1100 Atheni-

1034 1135 1130 1156 enses
1161 1125 1351 1165 legitimum
1386 1133 1449 1153 usu
1479 1121 1665 1157 interdixit,
1697 1126 1734 1152 et

1035 1186 1110 1206 cum
1128 1176 1202 1215 ejus
1219 1175 1365 1215 pretium
1382 1176 1548 1213 taxasset‚
1563 1171 1603 1202 ad
1629 1181 1664 1202 se
1682 1181 1734 1202 re-

1035 1225 1258 1266 ferrijussit.’
1280 1226 1321 1256 In
1337 1224 1461 1256 Graeco
1476 1221 1569 1262 τάξας
1582 1222 1614 1253 δὲ
1629 1221 1734 1261 τιμήν.

1035 1277 1170 1318 L'ayaut
1187 1276 1260 1307 taxe
1276 1277 1294 1306 ὰ
1311 1285 1351 1306 un
1367 1275 1487 1306 certain
1501 1274 1588 1314 prix.
1610 1273 1720 1304 Idem.

1077 1333 1092 1355 g
1117 1328 1250 1358 Taxatio
1266 1326 1398 1365 dicitur,
1413 1334 1480 1365 quae
1489 1325 1534 1365 fit
1546 1327 1640 1355 certoe
1651 1333 1732 1354 sum-

1034 1379 1108 1419 moe]
1126 1378 1220 1409 Idem
1237 1377 1451 1409 Justinianus
1463 1376 1517 1416 qui
1535 1374 1669 1407 Novell.
1682 1377 1736 1406 63.

1035 1436 1068 1461 et
1087 1433 1139 1460 82.
1183 1428 1406 1460 'saxationem
1432 1425 1550 1456 definit
1568 1425 1664 1465 ῥητὴν
1679 1437 1736 1456 πο-

1035 1479 1156 1518 σότητα
1178 1478 1358 1520 ὁριζομένην
1372 1476 1455 1518 παρὰ
1473 1476 1530 1508 τοῦ
1552 1474 1737 1515 δικάζοντος.

1034 1533 1043 1548 ‘
1061 1532 1197 1562 Certant
1224 1530 1452 1571 quantitatem
1481 1538 1499 1558 a
1515 1528 1633 1568 jndice
1650 1537 1735 1568 prae-

1033 1579 1176 1618 finitam,
1190 1577 1364 1610 taxatam.'
1397 1577 1484 1608 Inde
1502 1577 1734 1609 Glossarium:

1035 1635 1044 1648 ‘
1057 1631 1213 1668 Taxatio,
1230 1627 1391 1666 ποσότης.’
1417 1628 1513 1659 Idem.

1079 1680 1094 1701 ¹¹
1119 1681 1182 1716 Qui
1198 1684 1356 1711 taxatores
1369 1677 1528 1718 dicuntur]
1552 1677 1620 1709 Hic
1631 1677 1735 1709 etiam

1036 1730 1166 1762 frustra
1182 1735 1232 1761 est
1256 1730 1378 1761 Festus
1404 1729 1461 1770 qui
1485 1732 1644 1759 taxatores
1666 1737 1738 1759 sce-

1037 1781 1130 1812 nicos
1146 1780 1255 1811 dictos
1274 1784 1382 1820 putat,
1397 1779 1494 1820 quasi
1512 1779 1599 1809 inter
1616 1789 1651 1809 se
1668 1787 1735 1809 ma—

1035 1831 1174 1862 ledicos.
1222 1832 1406 1866 Taxatvres,
1419 1829 1523 1861 verbo
1539 1829 1736 1869 posterioris

1037 1882 1152 1912 saeculi
1170 1891 1209 1912 ac
1226 1890 1344 1921 parum
1369 1880 1504 1917 Latino,
1521 1879 1621 1910 iidem
1639 1879 1736 1911 fuere

1037 1933 1092 1974 qui
1117 1933 1330 1972 designatores
1345 1941 1364 1961 a
1386 1931 1538 1962 comoedo
1558 1941 1597 1962 ac
1615 1936 1736 1972 tragoe·

1037 1983 1081 2014 do
1097 1983 1273 2020 destinati,
1294 1987 1329 2013 et
1353 1981 1494 2012 adhibiti
1519 1981 1560 2011 ad
1587 1981 1736 2012 tribuen-

1036 2034 1096 2064 das
1128 2042 1287 2073 personas
1318 2037 1471 2062 actorum
1497 2031 1651 2070 cuilibet,
1674 2040 1737 2071 pro

1036 2083 1191 2123 magistri
1208 2081 1371 2112 arbitrio:
1408 2086 1443 2111 et
1468 2090 1509 2111 eo
1526 2081 1662 2121 quidem
1680 2081 1738 2112 de-

1037 2135 1141 2171 lectu,
1157 2139 1195 2165 ut
1217 2132 1385 2163 interdum
1410 2131 1591 2163 nobiliores
1618 2138 1737 2173 partes

1037 2183 1183 2224 agendas
1214 2183 1481 2222 committerent,
1508 2192 1574 2213 non
1606 2183 1737 2214 eximiis

1037 2233 1221 2267 actoribus,
1239 2231 1327 2272 quod
1352 2231 1523 2272 dignitate
1540 2237 1599 2263 aut
1616 2243 1736 2273 corpo-

1037 2284 1095 2323 ris,
1119 2289 1176 2314 aut
1201 2285 1243 2314 de
1270 2293 1305 2313 re
1327 2283 1486 2324 quapiam
1512 2283 1738 2324 excellerent,

1037 2343 1106 2374 prae
1138 2333 1347 2374 principibus
1377 2333 1545 2363 actoribus
1563 2345 1571 2365 ς
1613 2333 1736 2374 quibus

1037 2383 1281 2414 lubentissimis
1322 2381 1443 2412 tierent
1489 2383 1561 2413 lraec
1610 2383 1736 2414 omnia.

1037 2435 1147 2466 Quam
1161 2433 1248 2464 enim
1266 2432 1483 2463 concorditer
1496 2439 1635 2473 agerent
1647 2434 1736 2464 inter

1037 2494 1084 2523 se,
1100 2483 1229 2514 indicat
1250 2482 1382 2513 Tullius
1410 2483 1517 2521 prima
1540 2483 1572 2513 in
1590 2484 1734 2515 Verrem

1037 2534 1087 2564 his
1106 2533 1236 2563 verbis:
1259 2536 1267 2549 ⁸
1285 2532 1330 2563 Ut
1356 2533 1388 2562 in
1409 2533 1582 2564 actoribus
1599 2532 1671 2564 fieri
1689 2534 1735 2564 vi-

1038 2583 1275 2623 demus‚saepe
1298 2581 1390 2612 illum
1413 2583 1468 2623 qui
1494 2589 1544 2613 est
1569 2583 1734 2614 secunda-

1038 2643 1110 2665 rum
1127 2638 1185 2664 aut
1199 2633 1374 2663 tertiarum
1393 2633 1640 2673 partium,cun1
1657 2643 1734 2673 pos-

1037 2684 1081 2714 sit
1111 2683 1286 2724 aliquanto
1317 2682 1441 2713 clarius
1479 2683 1603 2722 dicere,
1634 2693 1732 2725 qnam

1037 2735 1110 2775 ipse
1128 2732 1475 2774 primarum,multum
1495 2742 1531 2764 se
1547 2734 1733 2764 summitte-
