1876 3025
278 125 363 168 750

725 135 874 167 SEX'rl
909 135 1111 166 POMPEII
1147 135 1283 166 FESTI

281 229 531 271 Remurinus
552 244 649 284 ager
667 230 828 280 dictus,
860 230 957 284 quia
971 244 1170 284 possessus
1189 236 1245 271 est
1265 244 1290 270 a
1313 228 1441 271 Remo
1473 235 1510 269 et
1559 228 1720 282 [FEST.

287 312 290 313 ⁷
335 297 534 338 habitacio
569 297 705 346 Remi,
739 297 954 338 Remuria
988 297 1083 337 item
1117 297 1161 337 in
1180 296 1383 338 Aventino
1406 296 1528 345 dicta,
1549 310 1721 350 namque

337 365 591 406 Aventinum
624 365 666 405 in
692 379 770 419 quo
798 363 1038 414 habitant,¹0
1056 363 1215 420 elegisse
1239 362 1412 404 Remum
1433 362 1589 413 dicunt,
1619 361 1724 402 ‘ande

337 431 564 473 vocitatam
587 431 704 473 aiunt
727 430 972 472 Remuream
993 429 1123 471 locum
1142 445 1292 471 summo
1317 429 1532 479 Aventino,
1565 428 1635 469 ubi
1669 429 1724 469 de

337 499 441 539 urbe
460 497 664 538 condenda
682 497 835 553 fuerat
854 497 1109 550 auspicatus:
1140 496 1244 538 alias
1268 496 1494 538 Remorum
1516 493 1725 551 quondam

339 580 427 606 eum
450 565 578 606 locum*
600 565 847 620 appellatum
867 563 1006 619 fnisse

602 664 610 672 .
856 659 868 669 .
927 632 1052 672 testis
1074 637 1130 671 est
1462 660 1472 670 .
1590 661 1599 669 .

285 698 662 740 Renanciscitur¹¹
682 696 699 720 ‘¹
746 697 965 750 significat
996 697 1295 751 reprehendit:
1317 701 1350 721 ¹2
1382 697 1496 737 unde
1552 695 1728 749 [PAUL.

340 765 480 806 adhuc
496 779 572 806 nos
592 765 784 806 dicimus
805 765 1070 806 nanciscitur
1091 768 1134 804 et
1153 769 1328 811 nactus,
1353 764 1397 805 id
1422 767 1505 814 est,
1527 762 1730 815 adeptus.

286 831 626 881 Renanciscitur‚
656 830 819 872 Verrius
839 829 999 886 quidem
1034 830 1275 885 significare
1305 832 1364 872 ait
1392 844 1532 885 repre·
1566 829 1730 881 [FES'P.

341 898 494 940 liendic.

343 973 412 1014 est,
433 965 613 1019 adeptas.

560 897 673 940 Unde
693 898 823 940 adhuc
851 913 919 938 nos
941 898 1128 939 dicimus
1149 899 1433 948 nanciscitur,
1456 905 1494 938 et
1513 903 1668 946 mactus,
1688 894 1732 935 id

286 1031 611 1075 Renovativum
627 1040 640 1056 ‘³
669 1034 814 1087 fulgur
834 1038 1032 1083 vocatur,
1054 1047 1153 1075 cum
1175 1047 1228 1074 ex
1249 1034 1398 1086 aliquo
1417 1032 1587 1085 fulgure
1607 1031 1732 1071 func-

343 1100 406 1140 tio
421 1105 450 1129 ¹³
482 1101 576 1141 fieri
610 1101 762 1154 coepit,
798 1102 836 1141 si
863 1101 1026 1142 sactum
1048 1105 1115 1141 est
1138 1101 1279 1141 simile
1301 1100 1454 1152 fulgur,
1478 1099 1595 1152 quod
1616 1098 1733 1139 idem

346 1166 577 1218 significet.

290 1230 434 1282 Reor,f
459 1234 680 1284 existimo,
708 1239 751 1275 et
780 1247 1047 1289 quaecunqae
1083 1234 1135 1275 ab
1173 1248 1215 1274 eo
1252 1232 1522 1282 declinantur,
1550 1244 1732 1286 quorum

346 1301 527 1353 passiva
547 1301 778 1342 auctoritas
799 1308 867 1342 est.

291 1367 429 1417 Reor,
451 1369 672 1418 existimo,
694 1372 736 1409 et
757 1381 1031 1422 quaecunqne
1055 1369 1110 1410 ab
1131 1382 1183 1410 eo
1197 1368 1481 1409 declinantur.

1555 1366 1734 1420 [PAUL.

291 1434 558 1488 Repagulass
589 1440 704 1485 sunt,
735 1440 785 1476 ut
818 1436 999 1477 Verrius
1020 1438 1096 1487 ait,
1119 1450 1219 1490 quae
1236 1435 1533 1490 patefaciundi
1571 1433 1735 1488 [FEST.

884 1563 1124 1577 eeeeeeeeeee

337 1642 376 1670 10
400 1640 464 1671 Ed.
482 1640 569 1671 Scal.
586 1640 835 1671 habitaret.—ll
863 1641 918 1672 Al.
943 1642 1235 1673 Remmcz'tur.—l2
1258 1642 1336 1672 vet.
1365 1639 1421 1671 lib.
1446 1638 1737 1680 depr·ehcndit.--13

294 1681 363 1714 Pro
377 1683 501 1720 functio
517 1684 603 1714 Dae.
620 1683 703 1723 legit
719 1683 920 1724 significatio.
964 1685 1050 1715 Vide
1066 1683 1123 1716 inf.

951 1801 1091 1832 NOTAE

294 1872 404 1902 forsan
421 1873 543 1903 Festus
559 1873 666 1904 locum
689 1874 780 1904 illum
799 1878 876 1914 post
894 1875 990 1905 Remi

294 1927 437 1953 mortem
466 1923 645 1962 aliquando
672 1924 836 1954 Remorum
864 1924 990 1955 dictum

295 1971 412 2010 fuisse,
428 1972 516 2012 quod
535 1972 581 2002 ibi
598 1973 751 2012 auspicia
776 1974 920 2004 Remum
942 1983 992 2004 re-

296 2026 425 2051 morata
442 2020 591 2052 fuerant.
609 2022 704 2052 Idem.

337 2069 353 2090 ¹¹
378 2071 630 2111 Renanciscitur]
666 2072 804 2109 Melius,
839 2072 992 2102 Renunci-

297 2124 360 2155 ίαν,
377 2125 415 2150 ut
438 2121 472 2150 in
489 2121 570 2151 Mss.
614 2120 712 2150 Pauli
739 2121 900 2160 scriptum
925 2125 992 2151 tes-

297 2174 389 2200 tatur
415 2169 513 2200 Voss.
554 2169 745 2200 Renaricilur
776 2180 793 2200 a
823 2170 993 2208 renaucior,

297 2223 335 2250 ut
363 2219 395 2249 in
422 2222 473 2249 12.
501 2219 568 2250 tab.
598 2220 749 2250 nancitor.
799 2220 898 2252 Quod
917 2220 994 2251 vide

299 2279 358 2300 suo
375 2270 460 2300 loco.
478 2269 576 2299 Idem.

341 2323 355 2338 e
379 2318 618 2360 Renovativum]
649 2318 736 2350 Vide
764 2323 773 2336 ‘
791 2318 995 2352 Adtestata)

299 2369 369 2400 Jos.
387 2368 471 2400 Scal.

342 2418 702 2460 Renovativumfulgur]
714 2418 922 2449 Renovativa
932 2417 995 2449 ful-

300 2478 382 2508 gura
398 2468 516 2499 eadem
534 2479 608 2509 quae
628 2470 794 2500 adtestata.
838 2468 905 2499 Sed
929 2478 995 2498 non

300 2520 383 2550 satis
413 2519 565 2558 intelligo
596 2519 677 2558 quid
702 2520 764 2549 ista
791 2518 997 2558 significant,

300 2579 368 2600 cum
383 2578 423 2600 ex
434 2568 883 2609 aliquosulgurefunctiofieri
894 2568 996 2608 coepz't.

301 2619 357 2650 An
371 2619 476 2649 voluit
494 2618 628 2657 Festus,
639 2627 713 2649 cum
729 2617 816 2658 quod
831 2617 921 2657 prius
934 2617 997 2647 ful-

303 2677 365 2707 gur
393 2667 586 2709 admiserat,
609 2667 692 2699 illud
722 2676 824 2708 agere
850 2667 998 2707 incoepe-

1046 1879 1133 1911 rant,
1149 1878 1213 1907 ἃς.
1259 1875 1363 1907 Quasi
1380 1884 1457 1905 voro
1471 1878 1505 1905 ct
1520 1883 1584 1903 nou
1599 1872 1743 1903 3111ῒεί11-

1046 1930 1190 1965 coeptam
1209 1934 1276 1956 rem
1299 1925 1497 1955 renovativa
1521 1923 1580 1953 illa
1596 1923 1743 1953 secunda

1047 1973 1187 2005 fulmina
1219 1974 1425 2004 dicerentur.
1474 1972 1575 2011 Lego,
1608 1981 1677 2001 cum
1704 1981 1742 2001 ex

1046 2024 1146 2063 aliquo
1172 2023 1302 2061 fulgure
1330 2021 1518 2061 significatio
1539 2019 1616 2060 fieri
1640 2020 1745 2060 caepit.

1049 2074 1151 2103 Nunc
1191 2072 1302 2103 omnia
1336 2072 1448 2111 plana.
1496 2070 1743 2100 Renovativum

1048 2121 1170 2162 fulgur,
1187 2121 1369 2152 secuudum
1386 2119 1497 2159 fulgur
1514 2119 1601 2149 idem
1618 2118 1743 2158 signifi-

1049 2181 1127 2202 cans
1144 2171 1232 2212 quod
1250 2171 1341 2211 prius
1358 2168 1617 2209 significaverat.
1641 2169 1747 2199 Nem·

1048 2231 1092 2261 pe
1109 2222 1271 2261 scriptum
1295 2219 1409 2251 fuerat
1427 2229 1485 2258 per
1509 2218 1745 2258 compendium

1040 2271 1166 2308 snsaio:
1191 2276 1225 2302 et
1244 2269 1320 2300 iude
1338 2268 1597 2305 natumsimctio.
1618 2268 1707 2298 Dae.

1092 2319 1105 2338 s
1125 2320 1224 2359 Reor]
1250 2320 1343 2358 Reor,
1360 2319 1471 2359 inquit
1492 2318 1625 2353 Festus,
1647 2316 1747 2356 signi-

1050 2368 1130 2400 ficat
1156 2370 1325 2407 existimo,
1344 2373 1379 2399 et
1402 2367 1511 2398 omnia
1540 2377 1612 2407 quae
1636 2367 1678 2398 ab
1705 2375 1744 2397 eo

1051 2419 1273 2454 declinantur,
1298 2422 1335 2448 ut
1350 2419 1358 2433 ‘
1374 2416 1494 2456 rebar‚'
1512 2422 1519 2434 ¹
1535 2422 1627 2447 ratus
1652 2414 1746 2455 sum‚’

1050 2470 1112 2499 &a
1158 2468 1306 2500 Quorum
1327 2468 1462 2506 passiva
1484 2470 1535 2496 est
1552 2466 1746 2496 auctoritas-

1051 2517 1118 2548 Ubi
1137 2526 1234 2557 quam
1252 2526 1310 2547 nos
1335 2516 1579 2546 terminationem
1602 2515 1744 2545 dicimus

1054 2566 1172 2596 Festus
1186 2566 1404 2596 auctoritatem
1421 2570 1529 2595 vocat.
1556 2565 1651 2594 Idem.

1094 2621 1110 2643 8
1133 2616 1311 2656 Repagula]
1337 2615 1510 2646 Ciceronis
1539 2614 1629 2644 locus
1662 2614 1745 2643 rola-

1052 2669 1105 2698 tus
1119 2671 1169 2697 est
1181 2667 1213 2697 iu
1225 2666 1367 2697 Verrina
1381 2665 1422 2696 de
1435 2664 1549 2706 signis,
1559 2674 1633 2705 quae
1648 2673 1745 2704 quar-
