1876 3025
330 167 393 196 DE
427 163 702 195 VERBORUM
737 158 1146 191 SIGNIFICATIONE
1181 157 1275 187 LIB.
1310 157 1416 186 xlv.

1503 146 1592 187 685

140 262 344 305 Putitium
359 267 373 283 ²
404 261 584 302 Plautus
619 258 725 300 dixit
764 257 960 298 stultum:
1013 254 1175 296 Putitio
1206 250 1375 293 stultior
1424 251 1590 305 [FEST.

197 334 262 372 est
282 331 494 371 barbaro:
526 327 570 367 id
585 334 720 368 autem
741 340 787 367 ex
808 324 880 364 hac
902 337 1022 364 causa
1041 337 1052 361 .·
1087 320 1270 361 Potitius
1300 319 1355 360 ab
1386 319 1584 359 Hercule

195 399 317 439 ritum
337 394 592 450 sacrificandi
619 408 706 434 cum
727 390 987 446 accepisset‚¹⁸
1009 404 1097 430 eum
1118 389 1313 429 millibus
1330 386 1431 427 aeris
1454 385 1588 438 gravis

196 464 495 520 quinquaginta
516 461 712 503 edocuisse
732 460 882 501 dicitur
912 471 1062 500 servos
1093 457 1302 510 publicos
1325 460 1358 486 ¹9
1388 453 1489 495 PR.
1511 466 1589 507 quo

184 531 307 587 facto
327 529 479 571 Potitii
498 529 610 571 intra
647 528 750 570 diem
775 537 910 568 XXX.
931 539 1031 567 cum
1065 524 1159 578 ejus
1190 523 1363 565 familiae
1385 519 1594 560 duodecim

185 598 387 655 fuissent,
409 612 540 638 omnes
561 596 823 637 interierunt.

142 667 317 708 Putus³
338 667 507 720 antiqui
539 666 751 706 dicebant
783 675 866 717 pro
897 674 1035 716 puro:
1066 658 1180 700 unde
1217 661 1385 712 putatae
1416 656 1594 707 [PAUL.

199 736 328 784 vites,
360 740 404 774 et
435 734 643 783 arbores3
676 731 794 786 quod
830 729 993 771 decisis
1030 725 1358 781 impedimentis
1396 735 1594 765 remane-

198 806 291 842 rent
306 814 425 855 purae
444 814 453 842 :
483 812 636 841 aurum
659 810 835 853 quoque
867 800 1071 850 putatum
1093 794 1180 834 dici
1203 793 1329 841 solet,
1351 790 1397 831 id
1417 793 1499 839 est,
1521 801 1598 830 ex-

198 871 442 921 purgatum,
463 871 508 907 et
527 866 641 907 ratio
659 869 829 919 putata,
852 864 898 904 id
920 866 1002 912 est,
1025 874 1133 915 pura
1150 860 1281 901 facta.

144 935 300 975 Potum
320 948 399 988 pro
430 947 538 987 puro
559 932 575 956 ¹²
610 933 817 986 antiquos
844 929 989 970 dixisse
1022 928 1096 978 ait,
1130 925 1222 967 inde
1254 932 1384 980 puta·
1425 923 1595 978 [FEST.

202 1007 264 1041 tas
282 1000 397 1051 vites,
414 1000 559 1055 quibus
581 1000 779 1042 decisum
797 1004 866 1039 est
887 997 944 1047 id,
966 995 1075 1052 quod
1093 994 1374 1049 impedimento
1393 999 1496 1043 erat,
1519 992 1598 1032 diez·

746 1106 882 1119 eeeeeee

889 1106 983 1118 ttttt

190 1189 229 1217 18
254 1185 338 1218 Ead.
355 1185 409 1218 ed.
424 1185 433 1202 ‘
448 1189 482 1216 at
496 1185 644 1217 Hercule
661 1184 757 1216 ritum
769 1183 967 1225 sacrificandi
982 1181 1256 1222 accepisset.'—19
1276 1178 1363 1211 Ead.
1380 1177 1431 1210 ed.
1447 1177 1597 1218 publicus,

794 1269 933 1302 NOTAE

146 1347 260 1369 servos
277 1336 432 1378 publicos
451 1336 567 1377 populi
590 1336 652 1368 Ro.
679 1334 738 1366 sed
754 1335 845 1366 intra

145 1389 217 1419 dies
230 1388 381 1428 triginta,
393 1387 530 1418 familiae
547 1386 724 1417 duodecim
741 1386 844 1417 inter-

145 1439 271 1470 ierunt.
295 1438 383 1468 Vide
398 1439 407 1454 ‘
423 1436 611 1468 Potitium.'
641 1437 741 1467 Idem.

897 1334 1062 1374 putamina
1075 1332 1282 1371 κλαδεύματα.
1308 1331 1385 1362 Dae.

944 1384 1077 1424 Putum]
1118 1384 1371 1423 Incompertnm
1395 1379 1487 1414 mibi,
1519 1378 1600 1420 quid

900 1436 1047 1466 voluerit
1079 1436 1200 1465 Festus
1225 1442 1332 1474 usque
1362 1431 1403 1462 ad
1435 1430 1601 1461 illud....

189 1495 201 1510 Ζ
223 1486 397 1527 Pucinum]
436 1488 492 1519 Ita
507 1497 571 1527 ego
586 1486 664 1517 olim
679 1486 738 1516 has
756 1485 844 1516 lacu-
890 1486 1040 1523 forman:
1064 1485 1140 1516 duae
1164 1485 1275 1523 lineae,
1302 1492 1376 1524 quae
1397 1485 1601 1521 sequuntur,

146 1548 206 1570 nas
230 1538 444 1579 expleveram
469 1547 510 1568 ex
535 1537 574 1567 iis
595 1546 669 1577 quae
687 1536 846 1575 leguntur

147 1598 250 1630 supra
265 1589 297 1619 in
320 1589 328 1605 ‘
342 1586 486 1619 Potitii!
531 1586 632 1618 Nunc
649 1586 697 1616 ita
712 1585 753 1615 ad
770 1594 845 1614 ver-

146 1640 226 1671 bum
250 1639 396 1677 scliedae,
427 1638 491 1668 nisi
517 1637 607 1678 quod
632 1636 665 1667 in
689 1635 727 1666 iis
751 1635 846 1665 ritum

147 1690 344 1732 sacrificandi
365 1689 543 1728 accepisset,
571 1686 747 1727 praeterila
764 1694 846 1715 voce

148 1751 226 1775 cum,
244 1749 318 1780 quae
336 1738 530 1769 necessario
546 1736 748 1777 supplenda.
764 1735 846 1765 Dae.

193 1789 310 1828 Putus]
347 1788 462 1819 Plaut.
490 1787 523 1817 in
554 1785 680 1817 Pseud.
710 1790 718 1802 ‘
737 1785 848 1815 Purus

150 1846 253 1881 putus
282 1839 335 1870 hic
362 1837 571 1878 sycophanta
597 1837 690 1866 estz’
725 1832 848 1865 referri

149 1891 213 1921 hoc
229 1889 361 1920 videtur
378 1898 397 1918 a
414 1888 532 1918 Festo.
556 1886 635 1916 Ant.
650 1885 735 1923 Aug.

192 1939 310 1979 Putus]
342 1939 460 1969 Putmn
476 1937 523 1968 ait
538 1936 664 1967 dixisse
679 1934 848 1975 antiquos,

151 1999 213 2031 pro
228 2000 317 2030 puro.
342 1988 441 2019 Unde
458 1992 465 2005 ‘
479 1991 606 2028 putatae
623 1984 730 2024 vites,’
746 1983 849 2025 quod,

151 2050 226 2071 cum
249 2040 294 2074 id,
311 2038 402 2080 quod
420 2037 664 2078 impedimento
681 2039 768 2074 erat,
789 2034 847 2064 de-

152 2092 256 2122 cisum
267 2095 332 2128 est,
347 2093 545 2120 remaneant
562 2096 669 2128 purae,
683 2090 720 2117 ut
730 2085 849 2116 Corni-

151 2140 247 2172 ficius
279 2141 339 2172 ait.
384 2139 473 2169 Haec
499 2139 646 2175 Festus3
679 2139 714 2166 et
744 2135 785 2165 ad
816 2134 849 2165 id

151 2191 311 2222 utebatur
339 2188 543 2220 auctoritate
566 2187 666 2218 Ennii
690 2187 723 2216 in
745 2185 849 2215 Alex-

152 2241 270 2276 andro,
296 2241 352 2281 qni
378 2239 516 2277 dixerit,
555 2236 716 2267 ‘dimidio
748 2244 850 2275 purus

153 2289 280 2331 putus!
325 2289 415 2320 Item
439 2288 555 2319 Plauti
584 2297 627 2318 ex
654 2285 848 2317 Pseudolo:

152 2342 161 2357 ‘
174 2342 284 2372 Purus
301 2345 402 2380 putus
418 2339 626 2380 sycophanta
637 2335 714 2367 est!
762 2335 851 2365 Reli-

156 2400 222 2431 qua
238 2389 310 2421 fere
325 2390 451 2419 suntin
468 2389 635 2429 Epitome.
659 2387 729 2418 dos.
746 2385 830 2416 8εαί.

199 2439 213 2459 ¹²
236 2440 355 2470 Putum
383 2449 439 2478 pro
462 2437 555 2479 puro]
578 2438 695 2468 Pauca
720 2436 854 2475 desunt,
878 2469 885 2478 1

157 2488 217 2520 sed
236 2498 306 2529 quae
324 2489 379 2519 vix
396 2489 573 2529 quisquam
595 2487 754 2526 supplere
778 2495 853 2526 pos-

158 2539 214 2568 sit.
259 2538 351 2573 Puto,
382 2538 415 2568 id
443 2543 506 2575 est,
525 2547 615 2578 puro,
642 2546 660 2567 a
683 2535 793 2570 πεύθω,
818 2540 855 2566 ut

156 2591 252 2628 putus
267 2597 285 2617 a
300 2587 428 2618 πυστός.
451 2586 551 2617 πεύθω
576 2590 687 2617 autem
716 2585 853 2626 proprie

161 2647 278 2669 aurum
292 2637 361 2667 sive
378 2642 554 2677 argentum
571 2637 724 2677 exploro.
768 2635 855 2665 Inde

158 2691 282 2729 putare,
299 2695 457 2727 purgare,
471 2690 580 2725 putare
591 2687 669 2717 vites
685 2682 856 2723 κλαδεύειν,

899 1536 1077 1576 pertinent
1092 1534 1134 1565 ad
1152 1533 1326 1575 pedestria
1348 1531 1511 1572 auspicia.
1556 1531 1602 1561 Et

900 1586 1085 1626 supinitate
1117 1584 1231 1616 neseio
1258 1593 1324 1624 qua
1347 1583 1410 1612 buc
1435 1580 1602 1611 translata

901 1640 990 1671 sunt,
1008 1645 1082 1666 cnm
1096 1636 1169 1675 jam
1194 1643 1297 1673 supra
1321 1642 1382 1663 suo
1404 1631 1477 1661 loco
1495 1632 1602 1661 relata

901 1686 980 1717 sint.
1025 1685 1113 1715 Vide
1131 1688 1209 1725 post
1230 1680 1453 1714 ‘Pedestria'
1501 1680 1602 1712 Quod

902 1735 1069 1775 sequitur,
1085 1732 1266 1764 manifesto
1290 1733 1339 1762 ita
1362 1730 1452 1761 fuit:
1477 1729 1603 1760 Parilia

902 1784 961 1815 sibi
976 1784 1165 1814 observanda
1186 1782 1331 1819 judicant
1355 1780 1507 1820 privatim
1527 1781 1603 1818 ipsa:

903 1844 1018 1875 quoque
1044 1842 1203 1874 puerperae
1232 1832 1314 1863 domi
1343 1832 1376 1861 in
1407 1830 1530 1868 stratis,
1557 1831 1604 1859 uti

900 1886 1049 1924 pariendo
1063 1883 1266 1914 stabiliantur
1277 1881 1506 1918 Pariliafesta.
1525 1880 1604 1911 Non

903 1934 1022 1969 solum,
1040 1933 1160 1973 inquit,
1186 1941 1263 1962 rure
1288 1931 1519 1961 universorum
1537 1929 1605 1959 Pa-

903 1983 980 2013 rilia
1007 1987 1098 2020 sunt,
1120 1980 1178 2012 sed
1206 1986 1240 2011 et
1267 1981 1477 2021 privatorum
1502 1977 1604 2012 domi,

903 2038 985 2075 puta
1002 2041 1260 2074 puerperarum.
1305 2030 1391 2061 Vide
1418 2031 1427 2046 ‘
1443 2029 1605 2070 supersti-

904 2086 1029 2116 tionem
1046 2084 1072 2113 :'
1088 2083 1143 2124 qui
1160 2082 1322 2114 dicebant
1341 2081 1472 2118 Palilia,
1489 2090 1508 2110 a
1520 2079 1605 2109 Pale

906 2136 985 2166 Dea
1010 2134 1249 2165 deducebant:
1273 2132 1329 2173 qui
1355 2131 1493 2168 Parilia,
1512 2140 1531 2160 a
1547 2139 1607 2170 pa-

905 2185 1035 2216 riendo.
1080 2184 1188 2214 Porro
1212 2184 1243 2213 in
1262 2181 1391 2219 stratis,
1413 2181 1478 2211 hoc
1494 2184 1556 2218 est,
1573 2180 1605 2209 in

903 2236 1015 2271 lectis,
1052 2234 1144 2265 foetae
1175 2232 1347 2264 cubabant
1381 2231 1464 2262 dicis
1492 2239 1606 2262 causa⁰

905 2287 973 2316 Eos
996 2286 1101 2316 lectos
1120 2284 1152 2314 in
1179 2283 1268 2314 atrio
1296 2281 1506 2319 sternebant,
1521 2289 1605 2320 quos

905 2335 1064 2366 adversos
1087 2333 1268 2364 vocabant.
1307 2331 1472 2362 Asconius
1490 2331 1523 2360 in
1540 2330 1607 2360 Mi-

906 2385 1060 2416 loniana:
1085 2383 1242 2415 ‘Deinde
1266 2381 1356 2413 omni
1373 2381 1405 2411 vi
1425 2380 1531 2421 janua
1547 2389 1606 2410 ex-

907 2440 1067 2476 pugnata,
1085 2438 1119 2465 et
1137 2434 1299 2474 imagines
1326 2431 1490 2471 majorum
1515 2429 1608 2469 deje-

907 2490 1041 2525 cerunt,
1064 2488 1098 2515 et
1114 2484 1275 2514 lectulum
1292 2481 1468 2512 adversum
1492 2479 1605 2510 uxoris

908 2535 980 2574 ejus
1004 2534 1186 2568 Corneliae,
1201 2532 1298 2572 cujus
1315 2530 1451 2561 castitas
1470 2539 1530 2569 pro
1547 2537 1605 2558 ex-

908 2584 1020 2624 emplo
1036 2583 1153 2614 habita
1164 2588 1229 2621 est,
1243 2581 1437 2621 fregerunt:
1456 2580 1606 2617 itemque

908 2634 1005 2667 telas,
1032 2643 1108 2674 quae
1132 2642 1173 2662 ex
1199 2638 1315 2662 vetere
1339 2639 1431 2661 more
1456 2629 1488 2658 in
1518 2627 1606 2657 atrio

909 2683 1127 2722 texebantur,
1155 2679 1356 2713 diruerunt.'
1406 2679 1453 2709 Ex
1484 2676 1605 2719 quibus
