1876 3025
286 157 349 186 DE
383 156 656 188 VERBORUM
691 154 1098 188 SIGNIFICA'I'IONE
1132 155 1229 186 LIB.
1262 156 1367 186 XVI.

1486 146 1570 188 7523

76 247 79 251 ’
115 251 341 305 Repotia¹¹
371 252 584 306 postridie
607 251 788 306 nuptias
810 251 929 306 apud
961 264 1124 293 novum
1156 251 1363 292 maritum
1391 257 1572 292 cenatur

171 321 275 374 quia
289 320 418 373 quasi
439 319 632 360 reficitur
649 320 834 372 potatio.
860 320 1086 360 Pacuvius
1104 319 1148 359 in
1170 319 1315 363 Iliona
1333 331 1344 358 z
1365 320 1479 359 abeo
1497 320 1572 360 de-

168 387 346 440 pulsum
358 399 550 428 mamma
571 387 955 441 paedagogandum
975 387 1138 441 accipit
1158 387 1406 440 apportalis
1427 387 1550 428 liber.

114 453 313 508 Repotia
332 455 550 508 postridie
579 456 759 508 nuptias
791 455 911 508 apud
950 467 1116 496 novum
1154 455 1358 496 maritum
1390 455 1568 509 [PAUL.

171 526 363 572 cenatur,
387 524 492 576 quia
511 524 641 577 quasi
662 522 856 564 reficitur
877 524 1066 577 potatio.

114 588 385 643 Repudium,
407 590 526 643 quod
547 590 596 631 fit
617 591 672 630 ob
694 603 788 631 rem
806 590 1072 644 pudendam,
1094 590 1388 645 appellatum.

114 657 374 711 Repudium
389 662 405 679 ⁰
425 657 610 699 Verrius
633 659 695 701 ait
728 657 910 707 dictum,
947 658 1067 712 quod
1101 658 1151 699 fit
1185 660 1243 700 ob
1272 671 1363 699 rem
1397 658 1566 713 [FEST.

169 724 439 778 pudendam.
477 723 652 768 Attius:
684 725 893 780 Repudio
917 726 1059 780 ejecta
1079 727 1133 767 ab
1153 726 1284 780 Argis
1296 727 1569 781 jamdudum

171 793 344 833 exsulo.

115 858 353 913 Repulsior
391 860 585 901 secunda
615 860 866 902 conlatione
901 860 1019 902 dixit
1055 860 1168 903 Cato
1204 862 1248 903 in
1284 873 1352 913 ea,
1384 877 1486 918 quae
1509 867 1577 904 est

172 931 327 968 contra
349 927 597 969 Cornelium
621 927 742 981 apud
770 928 1000 982 populum.

1062 928 1160 970 Nec
1182 930 1283 984 quis
1305 936 1316 960 ³
1344 931 1568 981 incultior,

172 995 432 1049 religiosior,
454 995 682 1047 desertior,
703 996 898 1049 publicis
918 996 1109 1049 negotiis
1132 998 1365 1052 repulsior.

717 1106 840 1118 eeeeee

158 1183 177 1212 3
201 1181 282 1212 Vet.
300 1180 357 1213 lib.
376 1181 456 1217 Haec
472 1183 550 1223 quis.

843 1105 965 1118 mvoo

594 1182 674 1216 Vet.
690 1183 766 1216 cod.
786 1183 913 1224 Ecquis.

763 1281 905 1313 NOTAE

158 1348 172 1363 ¹¹
197 1343 345 1384 Repotia]
368 1343 509 1376 Pacuvii
530 1345 635 1377 verba
657 1345 817 1378 mendosa

118 1398 208 1425 sunt.
231 1394 309 1426 Ant.
326 1394 412 1434 Aug.

159 1443 313 1486 Repotia]
339 1446 483 1477 Pacuvii
502 1455 614 1478 versus
635 1446 815 1479 mendosus

114 1499 178 1527 est.
234 1495 290 1527 Ita
319 1497 476 1537 emenda,
514 1498 553 1529 ab
581 1508 614 1529 eo
645 1499 818 1539 Depulsum

112 1556 245 1578 mamma
257 1549 527 1588 paedagogandum
539 1550 651 1590 accipit
667 1550 817 1590 Reperia-

114 1597 154 1628 lis
166 1597 254 1628 liber.
278 1598 488 1630 Glossarium
503 1610 510 1630 :
528 1604 537 1617 ‘
550 1600 687 1636 Reoria,
701 1600 820 1640 ἡτρίτη

114 1649 178 1678 τῶν
189 1646 320 1686 ἀγάμων
334 1649 568 1689 ποδοστροφῖα.’
599 1650 608 1666 ‘
625 1651 820 1690 Reperidia‚

113 1699 259 1733 επιποδα,
281 1698 301 1735 ἦ
322 1699 403 1737 μετὰ
425 1699 483 1736 τὴν
511 1699 627 1740 ἡμέραν
652 1702 820 1741 ποδοστρο-

116 1746 198 1787 φία.’
236 1752 243 1765 ‘
259 1749 589 1791 Βθρ1·οοᾶ,ἐπῖβδα,ἡ
600 1751 678 1788 μετὰ
688 1750 746 1787 τὴν
759 1752 821 1790 ἑορ·

116 1796 195 1834 τήν]
221 1797 386 1837 Ιη-Πίὺιιε
398 1798 445 1828 his
458 1801 623 1840 exemplis
638 1801 820 1840 legendum

118 1849 275 1888 Repotia:
300 1854 334 1879 et
354 1858 415 1888 pro
438 1851 579 1891 επιποδα,
605 1849 729 1886 ἐπίβδα,
755 1861 821 1891 quo

118 1899 230 1930 utitur
262 1898 445 1931 Pindarus.
504 1900 607 1941 Apud
650 1900 821 1931 Acronem

119 1948 262 1980 Horatii
275 1949 500 1989 interpretem
522 1960 702 1991 perperam
720 1960 823 1981 excu-

117 2007 194 2029 sum
210 2002 262 2028 est
277 1998 503 2039 ποτοστροφία,
523 2009 583 2041 pro
601 2000 821 2041 ποδοστροφία.

120 2047 191 2080 Jos.
207 2048 290 2079 Scal-

163 2097 314 2138 Repotz'a]
339 2098 405 2130 Sed
433 2099 466 2130 in
493 2102 647 2141 reperidia
673 2103 820 2143 Scalige-

117 2158 190 2180 rum
206 2148 277 2180 faui
304 2154 412 2189 puto;
439 2161 549 2192 neque
578 2153 664 2183 enim
696 2163 756 2192 pro
781 2163 821 2184 eo

119 2197 391 2230 substituendum
408 2202 540 2243 repotia,
556 2203 615 2233 sed
634 2204 746 2243 potius
774 2205 822 2234 le·

119 2248 268 2289 gendum
284 2249 455 2289 repedidia,
469 2252 540 2282 sive
557 2253 670 2292 potius
686 2254 821 2292 repulia,

119 2301 214 2340 quasi
227 2301 396 2340 repedatio.
438 2301 601 2342 Explicat
615 2304 701 2334 enim
711 2305 820 2344 potios-

121 2351 273 2390 trophium
286 2351 502 2390 Graecorum,
516 2354 571 2394 qui
586 2353 717 2384 scilicet
734 2365 751 2384 a
763 2364 820 2394 pe-

121 2400 219 2431 dibus
237 2401 407 2442 dixerant,
433 2403 522 2443 quod
551 2404 662 2434 Latini
681 2414 699 2434 a
724 2410 822 2444 pota-

120 2450 214 2481 tione
236 2452 368 2490 repotia.
403 2451 470 2483 Sed
484 2452 559 2483 vide
573 2453 751 2492 Cujacium
763 2453 821 2485 lib.

121 2508 200 2530 xw.
223 2499 397 2532 observat.
421 2511 496 2542 cap.
514 2505 568 2533 39.
615 2503 752 2543 Repetia
768 2504 824 2534 alii

122 2549 323 2589 secundum,
361 2549 416 2581 alii
439 2552 621 2592 septimum
653 2563 672 2584 a
699 2554 825 2594 nuptiis

122 2600 212 2631 diem
223 2599 825 2644 faciunt.Turnebusopinaturetiam

120 2650 237 2681 liberis
254 2650 343 2680 natis
358 2650 527 2682 celebrata
540 2654 670 2693 repotia,
691 2665 765 2696 quae
791 2659 826 2685 et

124 2698 424 2739 ΑοιὌπαιδοτρόφια
433 2700 568 2733 dixerit.
584 2703 649 2735 Sed
659 2714 778 2736 vereor
790 2710 825 2735 ut

209 2753 329 2794 Delplt.
343 2758 373 2786 et
394 2754 468 2787 Var,
484 2755 569 2787 Clas.

748 2759 857 2798 Pomp.
876 2759 962 2789 Fesh

872 1346 950 1378 huie
980 1346 1131 1388 opinioni
1150 1356 1263 1380 ansam
1280 1347 1418 1379 dederit
1435 1346 1575 1379 Ausonii

871 1397 964 1429 locus
981 1398 1067 1431 male
1083 1402 1262 1438 acceptus,
1273 1402 1309 1428 et
1325 1399 1413 1429 alter
1426 1398 1577 1437 Horatii,

872 1453 908 1480 et
928 1449 1009 1480 irem
1027 1449 1093 1480 iste
1109 1449 1265 1480 Pacuvii.
1321 1448 1408 1480 Sane
1432 1449 1577 1480 Pacuvii

870 1499 976 1530 verba
986 1500 1101 1540 jocum
1119 1509 1183 1530 non
1199 1499 1303 1530 cuivis
1320 1499 1456 1530 obvium
1471 1500 1580 1530 couti-

874 1559 955 1580 nere
982 1550 1164 1589 videntum
1195 1549 1236 1580 de
1268 1550 1368 1581 beato
1391 1549 1483 1580 enim
1507 1551 1577 1581 viro

876 1599 1022 1640 quodam
1043 1600 1137 1631 dicta
1153 1605 1243 1637 sunt,
1259 1601 1312 1631 cui
1330 1600 1402 1640 ipso
1419 1601 1577 1640 repotiali

875 1650 931 1681 die
962 1660 1047 1690 puer
1071 1651 1142 1690 jam
1169 1659 1313 1681 mamma
1338 1650 1514 1690 depulsus,
1541 1656 1578 1681 et

871 1701 942 1741 jam
961 1701 1240 1741 paedagogandus
1259 1701 1405 1732 traditus
1421 1701 1478 1732 sit.
1505 1702 1576 1731 No-

877 1757 945 1781 tum
964 1757 1014 1781 est
1033 1752 1137 1782 illud:
1167 1753 1236 1782 Τοῖς
1262 1752 1428 1790 εὐτυχοῦσι
1448 1750 1498 1782 καὶ
1513 1751 1577 1791 τρί-

875 1812 955 1838 μηνα
971 1800 1086 1833 παιδία,
1132 1806 1140 1819 ‘
1159 1801 1325 1832 Felicibus
1344 1801 1447 1832 tertio
1472 1802 1575 1832 etiam

878 1861 992 1881 mense
1010 1861 1132 1891 pueros
1156 1851 1272 1882 nasci!
1317 1852 1446 1882 Merito
1472 1851 1577 1890 igitur

878 1911 914 1931 se
928 1900 1101 1932 feliciores
1119 1902 1303 1942 deputent,
1317 1902 1437 1943 quibus
1457 1902 1578 1942 postri-

878 1951 932 1981 die
949 1952 1087 1991 nuptias
1107 1953 1178 1992 jam
1208 1952 1352 1993 grandes
1379 1953 1475 1993 pueri
1501 1962 1579 1984 con-

877 2002 1029 2041 tingunt,
1044 2003 1136 2043 quasi
1150 2003 1192 2033 de
1211 2003 1296 2033 coelo
1313 2003 1408 2043 lapsi.
1433 2004 1513 2034 Duc.

920 2057 933 2071 ⁰
958 2053 1153 2093 Repudium]
1189 2052 1316 2083 Differt
1354 2063 1373 2083 a
1417 2053 1579 2093 divortio,

876 2102 965 2143 quod
993 2108 1043 2133 est
1067 2103 1244 2134 dissolutio
1269 2103 1486 2134 matrimonii.
1533 2104 1579 2135 Et

876 2152 1036 2191 repudium
1052 2162 1117 2184 non
1135 2152 1233 2183 modo
1246 2152 1438 2192 nuptiarum
1455 2153 1579 2184 direm-

878 2201 1016 2237 tionem,
1046 2203 1104 2232 sed
1124 2207 1158 2233 et
1182 2201 1428 2242 sponsaliorum
1455 2212 1579 2234 renun-

879 2251 1054 2282 tiationem
1084 2251 1266 2292 significat.
1317 2253 1501 2284 Dia-ortium
1528 2254 1579 2285 in-

878 2307 931 2332 ter
948 2303 1054 2333 virum
1072 2308 1106 2333 et
1121 2313 1259 2334 uxorem
1279 2307 1411 2338 tantum
1430 2303 1503 2335 fieri
1530 2305 1579 2336 di-

876 2352 977 2383 citur.
1023 2353 1199 2392 Repudium
1229 2353 1329 2383 etiam
1359 2354 1450 2384 inter
1477 2363 1578 2395 spon-

876 2414 944 2444 505,
969 2408 1005 2434 ut
1032 2410 1151 2435 auctor
1168 2411 1220 2435 est
1245 2405 1473 2446 Modestinus,
1502 2406 1577 2437 Dif-

876 2452 1050 2484 ferentiar.
1073 2457 1124 2485 29.
1162 2454 1229 2485 Sed
1247 2460 1280 2485 et
1298 2459 1306 2472 ‘
1320 2455 1515 2486 Divortium
1529 2455 1578 2486 fa-

878 2514 956 2535 cere
974 2503 983 2517 ’
1016 2505 1158 2536 dicimus
1188 2504 1389 2545 ‘repudium
1419 2505 1578 2540 mittere‚’

879 2553 1120 2590 ‘renuntiare,‘
1143 2554 1195 2585 vel
1218 2559 1226 2571 ‘
1242 2554 1380 2585 dicere!
1426 2555 1513 2585 Cato
1533 2554 1577 2585 de

880 2603 982 2637 dote:
1035 2605 1121 2635 ‘Vir
1151 2614 1227 2636 cum
1258 2604 1442 2636 divortium
1472 2604 1579 2636 fecit.’

879 2655 1021 2686 Terent.
1050 2656 1186 2686 Phor-m.
1210 2654 1304 2685 ‘Illis
1331 2655 1508 2694 repudium
1527 2664 1577 2685 re-

881 2705 1125 2745 nuntiet‚11anc
1139 2705 1265 2737 ducat.¹
1288 2705 1414 2737 Paulus
1429 2704 1469 2736 ad
1486 2705 1578 2737 edic-

1418 2760 1436 2787 3
1462 2758 1489 2788 B
