1876 3025
182 190 243 219 ne
281 188 549 218 vnstssoRUM
586 183 996 217 sicutricA'rroNE
1032 183 1126 212 Lis.
1161 182 1274 213 xm.
1301 182 1392 213 xx.
1451 172 1564 214 1009

164 298 248 325 non
268 285 435 333 habent,
456 288 503 324 ut
525 282 680 331 Marsi,
701 284 776 322 aut
798 280 988 332 Peligni.
1050 279 1140 320 Sed
1164 292 1223 319 ex.
1255 279 1366 319 vicis
1399 280 1564 332 partim

168 352 333 392 habent
354 350 692 403 rempublicam,
715 353 759 389 et
774 348 851 402 jus
873 347 1058 398 dicitur3
1088 346 1247 401 partim
1268 347 1374 387 nihil
1397 360 1564 398 eorum,

165 424 210 460 et
232 424 378 459 tamen
400 419 463 458 ibi
490 418 696 459 nundinae
719 421 909 469 aguntur
929 416 1092 468 negotii
1127 414 1302 467 gerendi
1337 427 1487 465 causa,
1524 420 1567 457 et

165 487 363 538 magistri
386 486 488 536 vici,
511 486 617 527 item
638 485 856 537 magistri,
874 482 1030 538 pauci⁶
1053 482 1277 538 quotannis
1299 482 1444 524 fuerit.
1488 484 1567 524 Al-

165 558 258 595 tero
280 567 379 594 cum
401 554 445 594 id
467 567 601 607 genus
624 553 817 602 aedificii,
840 565 941 607 quae
963 552 1235 593 continentia
1252 555 1366 601 sunt,
1390 551 1462 600 iis,
1485 563 1567 604 op-

167 621 396 676 pidisque,
438 621 683 669 itineribus,
721 620 1057 672 regionibusque
1095 619 1331 659 distributa
1371 619 1481 659 inter
1518 631 1566 658 se

169 689 350 738 distant,
366 688 706 741 nominibusque
722 687 1014 727 dissimilibus
1032 687 1298 727 discriminis
1316 699 1451 727 causa
1468 690 1572 728 sunt

170 757 420 810 dispartita.
479 756 630 796 Tertio
653 768 752 797 cum
783 754 829 795 id
860 767 995 808 genus
1028 754 1321 795 aedificiorum
1354 755 1570 804 definitur,

171 838 269 877 quae
293 825 336 865 in
358 825 527 878 oppido
552 824 676 877 prive
697 823 741 863 in
758 836 837 864 suo
854 823 1042 876 quisque
1063 822 1164 864 loco
1186 823 1363 877 proprie
1377 824 1448 864 ‘ita
1469 823 1573 864 aedi-

168 893 288 944 fleat,
319 897 368 934 ut
401 895 445 934 in
479 907 532 935 eo
567 893 758 934 aedificio
791 892 988 945 pervium
1015 894 1087 942 sit,
1112 906 1201 945 quo
1224 893 1382 933 itinere
1403 892 1568 933 habita-

171 967 292 1002 tores
317 962 372 1002 ad
408 975 531 1002 suam
566 961 751 1015 quisque
782 959 1097 1000 habitationem
1130 960 1290 1000 habeat
1321 973 1571 1008 accessum,

171 1030 247 1082 qui
280 1043 366 1070 non
403 1029 606 1070 dicuntur
640 1028 832 1078 vicarii,7
869 1027 986 1068 sicut
1021 1028 1066 1076 ii,
1105 1028 1179 1080 qui
1211 1032 1287 1069 aut
1321 1029 1365 1068 in
1402 1028 1572 1081 oppido

173 1097 307 1147 vias?
341 1102 419 1137 aut
438 1097 498 1146 hi,
522 1098 597 1150 qui
621 1096 664 1136 in
687 1095 802 1148 agris
825 1098 942 1144 sunt,
965 1095 1149 1135 vicarii9
1171 1096 1459 1148 appellantur.

118 1163 334 1215 Vicinia,‘¹
365 1165 609 1206 vicinorum
639 1163 934 1204 conversatio.
1395 1163 1575 1216 [PAUL.

728 1283 969 1296 eeeeeeeeeeee

160 1375 180 1403 6
202 1372 282 1403 Vet.
308 1371 366 1402 lib.
379 1371 469 1411 pagi.
515 1371 603 1402 Vide
631 1372 741 1402 Notas
765 1370 893 1402 inst—7
918 1370 979 1401 Vir
1003 1371 1096 1403 doct.
1125 1372 1157 1402 in
1185 1380 1289 1412 marg.
1308 1371 1363 1403 ed.
1381 1372 1469 1404 Seal.
1486 1373 1576 1412 conj.

116 1415 295 1447 vicani.—S
319 1415 372 1447 Id.
385 1415 466 1446 ibid.
480 1415 586 1455 oppidi
600 1414 753 1446 civis.—9
776 1414 831 1445 Id.
848 1413 932 1445 ibid.
948 1413 1062 1444 vicani.

777 1522 922 1555 NOTAE

116 1587 308 1627 viis-‘oppidi‚
324 1588 501 1626 itineribus,
525 1591 578 1629 ὅγε,
623 1589 749 1620 Tertio:
773 1589 821 1619 di·

120 1647 217 1668 versa
243 1644 322 1669 sunt
345 1649 364 1668 a
387 1638 621 1679 superioribus
640 1650 647 1669 2
675 1649 750 1669 nani
769 1648 821 1669 su-

121 1687 234 1727 perius
261 1687 407 1718 aedificia
431 1688 656 1726 continentia,
681 1688 735 1718 hie
773 1697 823 1717 se-

120 1742 243 1776 parata
259 1737 434 1777 intelligit.
480 1738 520 1768 In
536 1737 603 1768 tine
620 1738 695 1777 lege
713 1749 719 1766 z
742 1738 824 1767 sicut

120 1787 165 1827 hi,
180 1788 233 1825 qui
248 1791 301 1818 aut
316 1787 350 1818 in
367 1788 471 1828 oppidi
488 1788 556 1826 viis,
567 1789 619 1827 ᾇτ’.
644 1788 717 1819 Jos.
733 1788 825 1818 Scal.

170 1837 240 1868 Vici
255 1838 405 1877 appellari
427 1838 596 1878 incipiunt]
618 1839 726 1877 Lego,
756 1837 827 1868 Vici

117 1888 272 1927 »appellari
300 1888 450 1927 incipiunt
476 1898 515 1918 ex
530 1888 619 1926 agris
641 1888 692 1927 qui
709 1887 753 1917 ibi
768 1888 826 1917 vil·

123 1939 168 1969 las
184 1938 307 1973 hahent,
325 1940 377 1978 &a
424 1940 512 1969 Nam
532 1939 599 1969 vici
617 1943 695 1969 sunt
713 1939 826 1978 plures

125 1990 213 2019 villae
238 1989 442 2028 conjunctae.
488 1990 569 2020 Tria
587 1998 712 2028 genera
740 1989 829 2018 vico-

126 2049 197 2069 rum
218 2039 339 2069 Festus
355 2039 487 2078 statuit,
499 2044 508 2058 ‘
524 2038 736 2074 villaticum:
749 2040 758 2055 ‘
775 2048 828 2068 ur-

126 2088 275 2128 bannm,'
313 2093 348 2119 et
397 2094 405 2106 ‘
421 2088 669 2127 domesticum‚’
714 2089 830 2129 aitque

127 2149 284 2181 agrorum
303 2140 391 2170 vicos
408 2140 488 2170 alios
513 2140 637 2170 habere
664 2149 769 2179 remp.
797 2144 831 2170 et

124 2191 179 2231 jus
196 2191 275 2229 dici,
292 2191 375 2220 alios
392 2201 458 2221 non
477 2190 572 2229 item,
589 2195 622 2220 et
637 2190 762 2220 habere
781 2194 830 2220 ta-

130 2249 207 2271 men
239 2240 419 2280 nundinas,
447 2240 560 2281 ibique
588 2240 652 2270 vici
687 2240 832 2280 pagique

129 2290 309 2330 magistros
339 2292 517 2330 quotannis
555 2290 640 2320 fieri.
695 2290 832 2321 Deinde

130 2339 233 2371 docet
255 2339 390 2370 vicanos
407 2339 475 2370 dici
493 2339 547 2380 qui
575 2339 607 2369 in
626 2339 832 2379 oppidorum

131 2396 166 2422 et
189 2399 346 2431 agrorum
383 2390 465 2420 vicis
490 2389 630 2429 degunt,
659 2399 722 2419 non
750 2399 831 2420 vero

131 2451 188 2471 eos
205 2440 260 2482 qui
278 2440 310 2470 in
328 2440 537 2476 domesticis,
556 2441 612 2481 qui
630 2442 768 2481 proprie
787 2443 832 2472 vi-

132 2489 200 2521 cini
223 2489 393 2520 dicuntur.
443 2490 530 2520 Haec
556 2495 608 2521 est
636 2491 729 2522 Festi
757 2501 832 2522 sen-

135 2540 252 2578 tentia,
278 2539 336 2569 sed
353 2540 430 2579 quia
447 2541 520 2580 ejus
539 2541 644 2572 verba
669 2547 832 2582 corrupta

133 2594 168 2620 et
185 2589 303 2620 mutila
329 2595 419 2628 sunt,
445 2591 611 2630 integrum
637 2592 746 2622 locum
773 2602 833 2632 po-

135 2649 210 2670 nam
239 2644 275 2669 ut
300 2649 374 2669 eum
400 2640 532 2671 schedae
563 2645 830 2681 repraesentant:

138 2691 181 2720 Et
199 2694 297 2721 tamen
316 2690 359 2720 ibi
382 2691 528 2721 nundinoe
555 2695 694 2730 aguntur
716 2692 836 2731 negotii

136 2743 265 2779 gerendi
280 2752 372 2772 causa
388 2747 416 2773 et
430 2743 577 2780 magistri
594 2743 666 2784 vici,
682 2744 756 2774 item
769 2754 836 2773 ma-

225 2795 326 2834 Delpli
336 2819 342 2826 .
356 2799 385 2826 el
400 2796 474 2827 Var.
490 2797 576 2828 Clas.

763 2798 874 2835 Pomp.
890 2797 964 2826 Fest
971 2818 978 2825 .

873 1588 972 1626 gistri
1007 1588 1077 1627 paci
1117 1587 1281 1627 quotannis
1310 1587 1411 1628 fiunt.
1469 1587 1581 1618 Altero

876 1649 944 1668 cum
960 1639 992 1668 id
1003 1647 1102 1676 genus
1119 1637 1325 1677 oetlificiorum
1340 1636 1490 1678 difinitur
1514 1647 1581 1676 quae

877 1689 1068 1719 continentia
1084 1691 1154 1717 sunt
1183 1688 1231 1717 Itis
1247 1687 1368 1727 oppidis
1394 1697 1460 1726 quae
1486 1687 1580 1717 ‘itine-

879 1739 975 1777 ribus,
1006 1738 1241 1776 regionibusque
1269 1737 1438 1767 distributa
1454 1736 1536 1766 inter
1551 1747 1583 1767 se

880 1789 1001 1820 distant
1026 1787 1259 1826 nominibusque
1289 1786 1492 1816 dissimilibus
1521 1786 1584 1816 clis-

879 1840 1019 1869 crimiuis
1038 1848 1131 1868 causa
1152 1840 1223 1867 sunt
1253 1836 1431 1875 dispartita.
1478 1836 1585 1866 Tertio

881 1901 948 1921 cum
964 1890 998 1919 iil
1011 1898 1109 1927 genus
1128 1886 1329 1929 aedificiorum
1353 1886 1501 1927 definitur
1516 1896 1584 1926 quse

882 1942 914 1971 in
931 1941 1041 1980 oppido
1064 1939 1164 1978 privo,
1187 1938 1220 1968 id
1244 1941 1302 1977 est,
1327 1937 1360 1967 in
1383 1946 1436 1967 suo
1459 1937 1585 1976 quisque

883 1992 946 2021 loco
960 1990 1084 2030 proprie
1095 1989 1141 2019 ita
1152 1988 1299 2028 (edificat,
1310 1990 1343 2017 ut
1356 1986 1389 2017 in
1406 1997 1439 2017 eo
1452 1987 1585 2028 oedificio

882 2041 1021 2081 pervium
1044 2041 1087 2069 sit
1113 2049 1170 2078 quo
1197 2039 1310 2068 itinere
1333 2037 1523 2067 habitatores
1547 2038 1586 2067 ad

884 2101 973 2121 suam
998 2090 1123 2130 quisque
1153 2088 1376 2118 habitationem
1401 2088 1511 2118 habeat
1537 2097 1587 2116 ac-

885 2152 1013 2181 cessum⁷
1040 2142 1091 2181 qui
1115 2151 1175 2171 nou
1200 2140 1346 2169 (licuntur
1369 2139 1483 2177 vicani,
1507 2139 1587 2169 sicut

885 2193 923 2229 ii,
940 2193 992 2232 qui
1007 2195 1060 2222 aut
1077 2192 1110 2221 in
1135 2191 1239 2231 oppidi
1254 2190 1343 2224 vicis,
1367 2193 1418 2220 aut
1438 2189 1470 2219 liz*
1487 2190 1539 2229 qui
1555 2190 1588 2219 iu

887 2244 975 2281 agris
990 2245 1074 2279 sunt,
1095 2241 1197 2271 vicani
1225 2241 1433 2279 appellantur.
1480 2240 1519 2270 In
1539 2240 1588 2269 his

885 2293 955 2333 paci
973 2292 1114 2332 antiqua
1143 2290 1315 2320 scribendi
1342 2290 1588 2320 consuetudine

890 2353 951 2382 pro
974 2342 1065 2382 pagi,
1090 2347 1124 2371 ut
1153 2342 1183 2371 iu
1201 2341 1358 2370 columna
1378 2340 1497 2371 Duillii
1522 2349 1588 2370 ΜΑ-

887 2400 1093 2429 οιεΤΒΑΤοε,
1105 2397 1139 2421 et
1157 2399 1338 2421 LEcroNES.
1366 2391 1446 2421 Dac.

931 2448 946 2468 ‘1
975 2442 1114 2481 Vicinia]
1143 2441 1253 2471 Aliter
1280 2441 1456 2471 Cornelius
1485 2441 1589 2471 Fron-

889 2498 946 2523 to:
981 2497 989 2509 ‘
1006 2492 1138 2522 Vicinia
1178 2492 1332 2521 vicorum
1367 2491 1590 2530 conjunctio;

888 2542 1059 2573 Vicinitas
1086 2541 1256 2571 hominum
1276 2539 1488 2570 conversatio
1516 2538 1590 2568 est.'

890 2594 933 2624 Et
958 2592 1048 2632 apud
1065 2592 1205 2621 Terent.
1229 2589 1494 2628 ‘Corniuigruvit
1525 2588 1589 2619 hue

890 2643 1044 2673 viciniae:
1069 2642 1203 2672 Vicinia
1221 2647 1270 2670 est
1290 2641 1380 2669 locus
1404 2639 1456 2668 ubi
1475 2639 1589 2678 plures

888 2693 992 2723 vicini
1017 2692 1183 2723 habitant.
1230 2692 1274 2721 Et
1299 2690 1444 2719 ricimirus
1471 2689 1592 2719 vicino-

892 2753 964 2773 rum
993 2742 1248 2783 propinquitas:
1292 2740 1410 2771 Idem:
1450 2742 1458 2756 ‘
1474 2740 1591 2770 Virtus

1438 2795 1456 2821 3
1480 2792 1501 2822 S
