1876 3025
281 164 392 206 1204
735 173 883 204 snxrr
918 171 1119 202 ΡοΜΡΕιι
1155 171 1289 202 unsri

278 274 384 318 rent,
406 281 458 309 ne
482 268 713 308 vincerent.
775 267 1002 307 Romanos
1034 266 1147 307 enim
1169 278 1325 307 vernas
1347 267 1639 320 appellabant,
1669 268 1714 309 id

278 341 362 385 est,
384 335 544 376 ibidem
566 340 709 383 natos,
731 347 845 387 quos
866 334 1038 375 vincere
1069 334 1362 386 perniciosum
1392 335 1614 375 arbitrium
1635 335 1715 376 Sa-

275 404 406 453 binis,
427 403 503 456 qui
525 402 750 455 conjuncti
772 405 891 442 erant
911 414 1011 442 cum
1029 401 1081 441 P.
1101 401 1159 443 R.
1200 402 1407 455 Vergiliae
1428 401 1574 452 dictae,
1595 401 1714 456 quod

275 483 428 511 eorum
457 474 552 510 ortu
578 481 655 510 ver
684 468 841 519 finitur,
863 478 996 510 aestas
1017 470 1181 523 incipit.
1241 467 1458 510 Vastumh
1487 483 1568 523 pro
1593 482 1714 522 mag-

273 552 374 579 num
393 552 402 579 :
434 537 609 591 ponitur
631 541 776 577 tamen
799 541 844 577 et
863 550 939 590 pro
969 536 1103 577 inani.
1163 537 1355 578 Accius:
1387 535 1488 577 Jam
1510 536 1623 578 hanc
1645 550 1713 577 ur-

271 607 372 647 bem
389 606 499 646 ferro
521 608 687 645 vastam
708 604 841 645 faciet
863 604 1045 644 Peleus:
1076 607 1118 644 et
1141 603 1389 644 Pacuvius:
1432 603 1556 657 [194]
1587 603 1711 654 Qua-

271 674 351 723 les,
374 673 554 714 scabres
575 671 694 725 quod
712 676 746 701 ¹4
773 671 934 712 inculta
953 671 1236 711 vastitudine.
1296 670 1367 711 Ve
1389 671 1534 719 victis,
1552 670 1594 710 in
1610 683 1712 724 pro-

270 741 460 781 verbium
484 740 654 780 venisse
676 739 971 788 existimatur,
993 751 1092 778 cum
1124 738 1269 779 Roma
1290 741 1421 791 capta
1457 750 1484 778 a
1506 737 1711 779 Senonib.

271 807 415 849 Gallis
439 820 594 848 aurum
616 819 674 847 ex
706 806 992 847 conventione
1015 810 1059 846 et
1080 809 1212 859 pacto
1230 804 1562 859 adpenderetur,
1576 810 1625 845 ut
1644 819 1710 846 re-

269 875 487 923 cederent,
511 874 629 927 quod
651 874 814 927 iniquis
836 873 1063 927 ponderib.
1086 873 1204 926 exigi
1227 886 1254 914 a
1278 872 1472 913 barbaris
1505 877 1709 926 querente

267 941 365 982 ΑΡ.
389 941 591 991 Claudio,
614 942 814 982 Brennus
835 939 936 981 rexi
966 940 1195 982 Gallorum
1227 940 1281 981 ad
1315 940 1509 993 pondera
1544 940 1709 993 adjecit

267 1008 475 1061 gladium,
497 1013 540 1050 et
561 1009 685 1059 dixit,
708 1023 761 1050 ve
784 1009 941 1050 victis:
974 1022 1102 1061 quem
1137 1013 1296 1061 postea
1326 1010 1587 1061 persecutus
1619 1007 1706 1048 Fu-

264 1076 355 1116 rius
391 1076 619 1125 Camillus,
651 1090 749 1117 cum
780 1077 952 1117 insidiis
992 1077 1334 1117 circumventum
1371 1074 1633 1124 concideret,
1663 1077 1706 1115 et

264 1148 504 1196 quereretur
532 1147 687 1184 contra
707 1143 853 1184 foedus
874 1144 981 1193 fieri,
1003 1144 1158 1185 eadem
1180 1156 1288 1184 voce
1322 1155 1617 1183 remunerasse
1639 1142 1703 1183 di-

263 1211 388 1251 citur.
448 1210 679 1264 Vegrande
701 1211 946 1263 significare
969 1212 1043 1252 alii
1063 1212 1187 1252 aiunt
1208 1211 1318 1251 male
1341 1209 1529 1263 grande;
1560 1213 1607 1250 ut
1628 1222 1704 1250 ve-

262 1290 373 1326 corS,
406 1291 612 1328 vesanus,
653 1279 756 1319 mali
798 1278 957 1328 cordis,
998 1279 1154 1332 maleq.
1179 1291 1311 1319 sanus
1331 1292 1341 1319 :
1392 1277 1483 1326 alii,
1505 1290 1702 1330 parvum,

260 1345 488 1392 minutum,
511 1350 558 1385 ut
578 1359 711 1398 quom
735 1345 938 1393 dicimus,
961 1345 1179 1397 vegrande
1194 1345 1450 1386 frumentum
1470 1358 1479 1385 ε
1509 1350 1552 1385 et
1569 1344 1702 1385 Plau-

260 1415 328 1451 tus
363 1412 408 1452 in
441 1412 718 1453 Cistellaria:
769 1411 860 1462 Qui
897 1413 983 1452 nisi
1027 1413 1162 1452 itures
1203 1412 1385 1452 nimium
1422 1412 1461 1451 is
1496 1411 1701 1463 vegrandi

257 1479 404 1531 gradu.
465 1478 662 1520 Vecorsk
695 1482 760 1520 est
791 1480 954 1520 turbati
985 1484 1030 1519 et
1059 1479 1162 1520 mali
1183 1479 1339 1521 cordis.
1400 1477 1627 1519 Pacuvius
1657 1480 1700 1519 in

257 1546 425 1587 Iliona:
459 1546 549 1597 Qui
572 1547 712 1588 veloci
736 1547 1044 1599 superstitione
1081 1560 1180 1588 cum
1214 1546 1387 1587 vecordi
1416 1546 1624 1599 conjuge:
1656 1550 1701 1587 et

255 1612 432 1655 Novius
470 1615 513 1653 in
575 1647 584 1655 .
704 1644 712 1651 .
832 1644 841 1654 .
922 1613 1111 1654 Coactus
1134 1613 1438 1655 tristimoniam
1461 1626 1518 1653 ex
1553 1613 1698 1653 animo

255 1680 460 1721 deturbat
476 1686 518 1721 et
541 1681 816 1721 Vecordiam.
879 1680 1058 1733 Vapula
1082 1682 1281 1734 Papiria,
1303 1681 1346 1721 in
1369 1680 1601 1734 proverbio
1618 1679 1700 1720 suit

254 1747 460 1799 antiquiS,
482 1747 534 1787 de
555 1761 643 1800 quo
666 1749 843 1788 Sinnius
867 1746 1025 1801 Capito
1048 1749 1112 1789 sic
1134 1748 1279 1797 refert,
1302 1752 1390 1788 tum
1413 1747 1500 1787 dici
1521 1746 1697 1786 solitum

253 1827 365 1863 esse,
388 1828 486 1855 cuin
510 1816 674 1856 vellent
695 1817 958 1856 minantibus
980 1816 1042 1856 ibi
1059 1820 1088 1840 ¹⁵
1121 1816 1365 1868 significare
1395 1828 1442 1854 se
1466 1827 1542 1854 eos
1562 1813 1697 1865 negli-

250 1894 364 1932 gere,
386 1886 428 1922 et
448 1895 534 1922 non
557 1895 727 1930 curare,
750 1882 886 1922 fretos
912 1882 1012 1935 jure
1045 1883 1277 1923 libertatis.
1337 1881 1523 1922 Plautus
1545 1881 1589 1919 in
1612 1880 1696 1920 Fe—

249 1948 484 1990 neratrice:
517 1950 644 1990 Heus
667 1955 711 1991 tu
733 1951 774 1990 in
796 1951 1001 1990 barbaria
1021 1951 1138 2003 quod
1156 1951 1320 1992 ,fecisse
1341 1948 1693 1989 diciturlibertus

249 2026 342 2054 suae
379 2020 595 2067 patronae,
631 2017 728 2056 ideo
761 2017 863 2057 dico
984 2048 991 2055 .
1113 2049 1122 2058 .
1242 2046 1250 2055 .
1368 2016 1524 2056 liberta
1557 2014 1694 2054 salve.

851 2143 1081 2155 eeeeeeeeeeee

291 2221 329 2249 14
353 2217 376 2248 s.
394 2220 507 2258 squale,
526 2219 832 2260 scc1b⁷·e‹1tque.—15
857 2218 878 2250 f.
897 2220 967 2250 sibi.

902 2331 1038 2363 NOTAE

287 2391 301 2411 '¹
342 2392 485 2432 vastum]
521 2393 696 2425 videndus
737 2395 867 2426 Nonius
905 2396 938 2426 in
994 2394 1078 2435 plari
1108 2393 1246 2433 antiquo
1273 2393 1429 2428 contulit,
1458 2394 1522 2424 dux
1549 2403 1607 2434 pro
1631 2403 1689 2424 rex

243 2442 253 2457 ‘
272 2442 485 2473 Vastitudine
499 2443 518 2474 ι’
535 2445 624 2484 apud
640 2454 736 2485 quem
754 2451 847 2476 extat
867 2455 938 2476 ver·
993 2450 1145 2475 notatum
1168 2448 1238 2475 est:
1269 2448 1303 2474 et
1335 2454 1461 2483 pensum
1491 2453 1551 2483 pro
1575 2445 1687 2483 adpen-

244 2501 299 2521 sus
319 2492 454 2522 Pacuvii
470 2503 511 2523 ex
523 2494 775 2535 Tencr0‚qnem
794 2496 845 2526 hie
860 2496 937 2526 Fes-
991 2497 1125 2525 deretur.

244 2546 297 2571 tus
314 2543 408 2579 citat,
426 2549 462 2573 ut
478 2553 537 2574 nos
554 2545 817 2575 emendavimus.
1034 2546 1046 2566 k
1077 2546 1199 2583 Veczws,
1213 2546 1280 2585 au]
1305 2547 1470 2586 Exempla
1486 2546 1636 2585 Pacuvii,
1651 2550 1686 2577 et

287 2592 292 2611 ἰ
318 2592 357 2622 In
384 2593 515 2624 schedis
541 2599 592 2625 est
616 2595 762 2625 Brennus
786 2605 851 2628 rex,
878 2605 936 2635 pro
992 2595 1355 2637 Noviildesiderantur
1377 2597 1409 2627 iu
1434 2597 1506 2628 aliis
1530 2596 1686 2628 editioni-

243 2652 309 2682 quo
337 2643 367 2672 in
393 2645 542 2683 margine
560 2645 626 2674 alia
644 2654 753 2680 manu,
779 2645 848 2684 ejus
870 2644 934 2674 for·
991 2644 1062 2676 bus.

244 2698 343 2728 tasse,
373 2695 425 2734 qni
452 2695 590 2725 schedas
619 2695 690 2725 illas
718 2704 793 2726 cum
822 2704 932 2726 exeni-
