1876 3025
258 159 343 202 920
694 171 840 202 sssx¹r1
878 170 1080 201 POMPEII
1118 171 1254 201 FESTl

261 265 520 307 Subrumari
541 265 740 307 dicuntur
766 265 898 314 haedi,
930 278 1029 305 cum
1061 265 1118 306 ad
1151 278 1385 307 mammam
1424 265 1500 306 ad·
1530 265 1711 320 [PAUL.

316 338 565 376 moventur:
590 334 695 387 quia
716 347 768 374 ea
789 333 926 373 rumis
951 339 1162 374 vocatur:
1196 333 1265 374 vel
1288 333 1395 387 quia
1427 333 1594 374 rumine
1628 338 1714 376 tra-

317 403 425 443 hunt
445 402 516 442 lac
533 407 550 433 9
574 407 793 454 sugentes.

262 467 545 511 Subscudesi
580 469 857 523 appellantur
893 468 1087 518 tabellae,
1131 469 1292 522 quibus
1326 470 1489 510 tabulae
1523 471 1635 510 inter
1670 483 1717 511 se

321 537 610 590 configuntur,
633 537 740 590 quia
754 550 842 590 quo
866 537 1156 578 immittuntur
1171 537 1430 579 succiditur.
1464 538 1718 581 Pacuvius:

322 606 420 646 Nec
438 605 525 645 ulla
547 605 738 646 subscus
755 605 934 647 cohibet
955 618 1229 659 compagem.

268 671 490 713 subscudes
517 673 793 727 appellantur
815 677 1007 714 cuneatae
1030 670 1205 722 tabellae,
1223 671 1374 727 quibus
1396 673 1521 713 tabu-
1555 673 1719 726 [FEsT.

322 741 378 782 1ae
401 742 510 782 inter
527 754 572 781 se
594 740 880 795 configuntur,
904 740 1001 794 quia
1022 753 1112 794 quo
1146 753 1212 781 eae
1233 741 1531 790 immittantur,
1553 740 1722 781 succidi-

323 815 406 848 tur.
468 807 693 849 Pacuvius
724 806 799 850 ink
832 809 1038 862 Niptris:
1074 807 1170 850 Nec
1198 808 1289 850 ulla
1318 809 1507 849 subscus
1541 808 1720 851 cohibet

325 890 581 931 compagem
603 877 732 918 alvei.
791 877 982 918 Plautus
1003 877 1047 917 in
1069 875 1285 918 Astraba:
1317 876 1585 917 Terebratus
1612 877 1723 917 mul-

327 950 418 985 tum
441 946 513 995 sit,
536 949 579 986 et
594 945 836 986 subscudes
857 945 1025 986 addite.

272 1011 553 1054 Subsidium¹
577 1013 977 1069 dicebalm’quanclo
1000 1014 1161 1054 milites
1184 1010 1463 1054 subsidebant
1487 1011 1527 1051 in
1546 1017 1723 1052 eicerema

314 1236 333 1263 9
357 1232 436 1263 Vet.
453 1231 512 1262 lib.
527 1234 615 1263 lacte.

929 1333 1070 1366 NOTAE

274 1422 363 1447 snut.
411 1415 499 1446 Vide
516 1417 613 1448 Varr.
642 1416 684 1448 de
709 1417 748 1448 R.
775 1417 816 1447 R.
841 1425 918 1456 cap.
942 1418 973 1446 1.

275 1470 310 1497 et
337 1476 414 1506 cap.
441 1470 472 1497 9.
518 1468 610 1509 Lege
637 1468 735 1508 infra,
767 1468 837 1508 qnia
863 1479 898 1498 eu
923 1476 975 1497 ru-

1029 1414 1098 1454 pris
1114 1414 1236 1445 malleo
1255 1413 1434 1454 percussis,
1451 1418 1484 1444 et
1503 1413 1729 1444 immittantur

1028 1466 1098 1496 ictu
1126 1465 1250 1505 mallei,
1275 1474 1339 1495 non
1359 1464 1455 1495 video
1471 1473 1529 1495 cur
1548 1473 1612 1494 non
1630 1463 1731 1494 debe-

1032 1521 1089 1547 ant
1104 1516 1214 1556 potius
1233 1525 1251 1545 a
1266 1516 1467 1553 succudemlo,
1485 1523 1583 1555 quam
1597 1524 1614 1544 a
1631 1514 1730 1544 succi-

1032 1567 1130 1598 dendo
1148 1565 1282 1596 deduci.
1329 1565 1428 1598 Quod
1444 1565 1469 1595 si
1489 1565 1611 1595 Festus
1629 1574 1646 1595 a
1663 1574 1732 1595 suc-

1035 1618 1162 1649 cidendo
1188 1616 1340 1656 scripsit,
1364 1622 1400 1646 ut
1422 1622 1456 1646 et
1473 1614 1616 1646 fortasse
1639 1613 1735 1652 fecit,

1038 1679 1090 1699 nae
1130 1668 1171 1698 ab
1209 1676 1248 1698 eo
1286 1667 1511 1699 libentissime
1547 1665 1734 1697 dissentio.’

1039 1719 1122 1750 Duc.

276 1518 335 1549 mis
357 1518 540 1550 vocabatur.-
565 1525 602 1550 ut
628 1520 688 1550 viri
711 1519 817 1550 docti.
867 1520 978 1551 Gloss.

275 1569 429 1605 ‘Rumis,
472 1570 564 1606 θηλὴ,
605 1570 781 1610 ἀρχαϊκῶς,’
826 1570 980 1609 ‘Rumis,

276 1630 432 1658 mamma,
477 1621 640 1661 antique.'
699 1622 889 1652 Dicebatur
947 1627 982 1651 et

279 1670 381 1701 Rama
409 1675 443 1701 ct
462 1672 595 1703 Rumcn.
641 1671 728 1702 Vide
752 1672 760 1687 ‘
775 1670 984 1703 Ruminalis.²

274 1721 373 1752 Idem.

319 1771 326 1792 ¹
360 1772 548 1813 Subscucles]
587 1772 674 1804 Vide
706 1772 871 1804 ί8811113.1
906 1774 983 1804 Ant.

277 1824 363 1862 Aug.

322 1873 509 1914 Subscucles]
534 1873 648 1905 Infra:
673 1873 846 1906 Subscmles
876 1875 978 1915 appel-

278 1926 385 1956 lantur
410 1928 547 1955 cuneutae
573 1926 703 1960 taleoloe,
733 1926 843 1966 quibus
866 1925 980 1956 tubuloe

279 1975 362 2005 iuter
376 1986 407 2005 se
433 1976 644 2015 configuntur.
669 1975 753 2015 quin,
779 1986 836 2014 quo
860 1986 903 2005 eoe
922 1976 980 2005 im-

280 2026 463 2063 mittuntur,
474 2026 662 2056 succuditur.
681 2026 841 2056 Pacuvius
857 2026 889 2055 iri
903 2025 981 2064 Nip-

282 2076 351 2106 tris.
375 2075 446 2107 Jos.
463 2075 552 2106 8831.

324 2125 512 2166 Subscudes]
535 2124 682 2156 Tabellae
700 2125 821 2165 lignem
848 2125 888 2156 ad
915 2129 982 2156 tra-

284 2177 342 2208 bes
374 2177 485 2208 aliave
526 2176 798 2207 committenda:
838 2175 984 2212 Gallice,

286 2228 409 2264 Queue's
424 2226 575 2258 d’ironde.
634 2226 741 2267 Infra,
764 2237 826 2268 pro
852 2227 984 2258 succidi-

288 2282 340 2309 tur
374 2278 556 2318 legendum
586 2279 776 2317 succuditur,
823 2288 899 2308 nam
938 2278 987 2309 ita

287 2329 387 2369 plane
406 2329 593 2368 scripserat
609 2328 746 2365 Festus,
771 2332 809 2359 ut
832 2328 920 2359 infra
943 2338 985 2359 ex

285 2379 440 2410 Schedis.
487 2379 531 2409 Et
549 2378 676 2418 absque
695 2379 733 2409 iis
749 2379 796 2409 ita
812 2378 888 2409 olim
901 2380 988 2410 Tur-

287 2429 367 2461 neb.
393 2429 450 2460 lib.
480 2437 560 2459 Xiv.
588 2438 665 2468 cap.
696 2432 726 2460 1.
771 2430 780 2446 ‘
798 2428 988 2468 Legendum

289 2479 398 2521 puto‚'
416 2479 540 2520 inquit,
555 2483 563 2496 ¹
575 2480 754 2510 succuditur
767 2491 776 2509 :
801 2489 873 2510 113111
892 2490 910 2510 a
924 2490 990 2510 suc-

286 2531 423 2562 cudendo
452 2529 530 2559 mihi
555 2538 675 2559 nomen
707 2529 840 2560 videtui·
876 2530 988 2569 potius

288 2583 425 2620 habere,
438 2590 535 2621 quam
552 2590 571 2610 a
586 2579 779 2610 succidendo.
815 2581 886 2610 Etsi
900 2581 988 2611 enim

289 2634 397 2668 locus,
409 2630 462 2662 cui
480 2630 686 2668 inseruntur,
699 2635 896 2667 excavatur,
913 2640 986 2660 suc-

291 2682 481 2721 ciditurque
500 2679 578 2710 inde
595 2679 734 2718 aliquid,
751 2685 786 2710 111
803 2680 985 2711 1111111111311-

289 2738 357 2773 tur,
375 2742 451 2764 cum
468 2736 581 2762 tamen
596 2731 629 2763 id
646 2729 705 2761 fiat
719 2730 874 2763 cudendo
902 2734 986 2765 scal-

1081 1768 1095 1789 1*
1121 1769 1276 1799 Pacuvius
1307 1767 1356 1807 in]
1386 1767 1563 1807 Integrum
1593 1766 1737 1797 Pacuvii

1039 1822 1151 1852 locum
1168 1821 1216 1850 sic
1235 1829 1336 1860 supra
1348 1818 1491 1850 adduxit
1508 1819 1599 1849 Fest.
1614 1818 1645 1848 in
1662 1820 1670 1834 ‘
1684 1827 1736 1848 se-

1034 1870 1133 1901 rilla.'
1189 1871 1197 1887 ‘
1217 1870 1292 1901 Nec
1321 1870 1391 1900 ulla
1421 1869 1562 1899 subscus
1601 1869 1737 1899 cohibet

1034 1931 1229 1962 compagem
1244 1920 1421 1959 alvei,Sed
1433 1925 1507 1951 suta
1518 1920 1585 1951 lino
1600 1925 1631 1951 et
1644 1930 1738 1961 spar-

1036 1973 1102 2004 teis
1118 1971 1316 2003 serillibus!
1343 1972 1439 2002 Idem.

1082 2020 1089 2041 ¹
1124 2021 1320 2060 Subsidium]
1353 2021 1534 2052 Subsidium
1562 2020 1735 2061 dicebatur,

1036 2074 1154 2112 quando
1180 2072 1295 2102 milites
1322 2071 1522 2101 subsidebant
1544 2072 1575 2101 in
1599 2075 1739 2102 extrema

1037 2123 1112 2158 acie,
1129 2122 1302 2162 labentique
1316 2121 1394 2151 aciei
1409 2121 1644 2152 succurrebant:
1660 2122 1740 2161 quod

1038 2183 1136 2212 genus
1153 2173 1286 2203 militum
1300 2171 1461 2202 constabat
1474 2182 1512 2203 cx
1529 2172 1580 2209 iis,
1594 2172 1645 2212 qui
1660 2182 1741 2202 emc-

1039 2227 1168 2255 ruerant
1195 2223 1361 2263 stipendia,
1385 2225 1415 2252 et
1441 2225 1543 2253 tamen
1565 2222 1741 2253 retinebunt

1040 2277 1137 2306 locum
1152 2276 1185 2305 in
1202 2274 1351 2312 exercitu,
1376 2283 1442 2313 quoe
1463 2277 1530 2303 erut
1549 2273 1643 2303 tertia
1659 2273 1741 2303 acies

1040 2337 1107 2367 qua·
1129 2325 1288 2357 dicebatur
1319 2324 1523 2355 Triariorum.
1549 2327 1583 2353 ut
1609 2324 1742 2354 I’qutus

1042 2378 1075 2408 in
1092 2376 1282 2408 Frivolaria:
1307 2375 1404 2413 Agile
1420 2383 1500 2404 nunc
1513 2373 1663 2404 subsidite
1678 2384 1740 2403 om-

1044 2440 1109 2468 nes,
1125 2428 1212 2469 quasi
1226 2429 1324 2458 solent
1342 2425 1474 2456 Triarii.
1514 2425 1658 2466 Reliqua
1676 2435 1742 2456 non

1047 2481 1155 2522 potui.
1202 2479 1329 2508 Versus
1358 2477 1412 2507 ille
1430 2476 1546 2507 Plauti
1565 2475 1743 2507 manifesto

1045 2527 1302 2570 conjungendus
1320 2531 1370 2557 est
1389 2536 1463 2557 cum
1482 2526 1547 2556 illis
1564 2536 1604 2556 ex
1623 2526 1743 2556 eadem

1046 2579 1251 2610 Frivolaria:
1276 2579 1285 2594 ‘
1301 2576 1476 2617 sequimini
1495 2576 1557 2606 hac
1574 2576 1680 2606 8111113
1699 2576 1744 2606 18-

1042 2631 1157 2670 giones
1171 2637 1286 2659 omncs
1306 2627 1483 2657 Lavernae.
1531 2625 1599 2656 Ubi
1625 2625 1743 2656 rorarii

1041 2682 1155 2713 Estis?
1198 2681 1247 2710 En
1266 2683 1357 2709 sunt.
1404 2677 1471 2708 Ubi
1490 2682 1567 2707 sunt
1585 2676 1743 2708 accensi?

1044 2734 1134 2765 Ecce
1147 2732 1165 2749 *
1190 2730 1291 2772 Agite
1308 2738 1408 2768 nunc,
1425 2727 1590 2759 subsidite
1617 2735 1742 2767 omues>
