1876 3025
292 180 354 209 DE
389 177 660 209 VERBORUM
694 177 1112 208 SIGNIFICATIONE
1148 177 1241 207 [AB.
1277 177 1428 208 XVIII.

1497 165 1584 208 985

135 275 477 328 Triumphalesa
507 287 681 316 coronae
704 278 817 323 sunt,
842 287 943 328 quae
969 273 1233 327 Imperatori
1255 273 1411 314 victori
1435 286 1581 314 aureae

193 344 495 396 praeferuntur,
517 356 616 396 quae
640 343 911 396 temporibus
932 341 1122 394 antiquis
1147 344 1324 394 propter
1348 346 1587 395 pauperta-

193 416 280 451 tem
302 411 462 451 laureae
486 411 675 450 fuerunt.

135 477 304 531 Troja,b
323 483 365 518 et
384 479 504 530 regio
526 478 708 527 Priami,
729 482 770 518 et
789 478 916 518 lusus
932 482 962 507 ¹7
988 488 1216 530 puerorum
1241 476 1456 529 equestris
1479 476 1587 517 dici-

192 549 278 594 tur,
311 550 353 586 et
388 546 513 586 locus
550 546 591 585 in
625 558 727 598 agro
759 545 1009 594 Laurente,c
1040 557 1127 597 quo
1162 544 1345 597 primum
1378 544 1421 584 in
1456 544 1586 585 Italia

193 613 360 653 AEneas
380 627 476 654 curn
500 614 592 653 suis
612 612 823 653 constitit.

134 678 449 722 Trornentina‘¹
472 681 607 721 tribus
629 694 654 721 a
678 692 836 733 campo
857 678 1096 720 Tromento
1119 679 1249 720 dicta.

741 800 862 812 eeeeee

864 799 985 811 ooooo

180 890 217 917 17
244 888 324 919 Ver.
341 889 398 919 lib.
418 889 507 930 apud
527 890 643 921 Ursin.
660 890 763 921 habet
781 892 883 921 ludas.

796 1007 938 1040 NOTAE

133 1084 241 1124 γενεία
263 1082 296 1114 δὲ
334 1083 354 1120 ἡ
375 1084 498 1121 Ἀθηνᾶ,
522 1083 585 1114 ε’[τε
608 1083 655 1115 διὰ
684 1084 766 1125 παρὰ
792 1084 837 1124 τῷ

133 1134 259 1176 Τρίτωνι
273 1134 388 1171 Λιβύης
403 1136 535 1174 ποταμῷ
550 1136 727 1174 γενηθῆναι,
743 1135 762 1172 ἢ
777 1147 836 1165 πα-

133 1186 172 1226 ρὰ
186 1185 223 1215 τὸ
239 1185 341 1224 τριτὼ,
362 1184 379 1215 ‘o
394 1185 475 1225 παρὰ
492 1185 591 1225 Κρησὶ
614 1185 672 1220 τὴν
694 1185 838 1225 κεφαλὴν

134 1237 283 1276 σημαίνει·
302 1236 329 1267 οἳ
348 1236 409 1276 ’γὰρ
430 1236 556 1274 ποιηταὶ
576 1237 634 1273 τὴν
647 1238 780 1274 Ἀθηνᾶν
803 1237 837 1267 ἐκ

133 1289 190 1324 τῆς
214 1288 353 1327 κεφαλῆς
378 1287 434 1317 τοῦ
458 1286 529 1318 Διὸς
544 1289 707 1326 ’γενηθῆναι
729 1287 837 1326 μυθεύ-

134 1348 230 1369 ουσιν.
276 1337 342 1369 Sed
369 1338 439 1367 liaec
466 1344 542 1367 suut
562 1337 725 1368 Veterum
751 1348 835 1368 som—

137 1390 203 1420 nia.
249 1389 294 1418 Et
329 1397 408 1417 vere
438 1387 551 1419 docuit
585 1388 836 1419 Urbanissimns

138 1439 335 1476 Chevraeus,
363 1438 538 1469 Tritoniam
562 1444 597 1469 et
624 1439 837 1478 Tritogeniam

137 1489 265 1521 dictam
291 1500 309 1520 a
337 1489 452 1524 Tritia,
477 1490 526 1520 ita
551 1489 638 1520 euim
655 1490 837 1522 dicebatur

136 1540 298 1572 Gnossus.
328 1541 427 1572 Idem.

177 1597 192 1612 ὃ
215 1592 446 1633 Triumphales]
484 1592 702 1624 Vocabantur
719 1593 836 1624 Etrus—

135 1653 197 1674 cae.
222 1643 472 1674 Tertullianus:
498 1643 507 1660 ‘
521 1643 695 1674 Coronant
707 1647 741 1674 et
755 1644 837 1683 pub-

136 1693 219 1723 licos
236 1693 372 1723 ordines
397 1693 520 1723 laureis
548 1694 693 1733 publicae
715 1703 836 1724 causae.

137 1743 360 1783 Magistratus
390 1753 469 1774 vero
494 1745 632 1784 insuper
659 1744 783 1784 aureis,
801 1749 838 1775 ut

137 1793 282 1825 Athenis
300 1799 334 1824 et
350 1794 479 1824 Romae.
522 1793 758 1824 Praeferuntur
775 1795 837 1825 eti-

138 1854 189 1874 am
208 1845 272 1875 illis
294 1846 469 1875 Etruscae:
495 1844 557 1875 hoc
575 1845 772 1875 vocabulum
787 1850 838 1876 est

141 1904 339 1925 coronarum
364 1905 445 1935 quas
466 1895 602 1933 gemmis
622 1900 655 1925 et
681 1894 769 1926 foliis
796 1905 837 1926 ex

137 1955 219 1975 auro
236 1946 404 1986 quercinis
421 1945 463 1976 ob
484 1945 605 1977 Jovem
632 1945 777 1986 insignes
794 1946 837 1977 ad

137 1995 353 2026 deducendas
377 2001 490 2026 tensas
511 2005 585 2026 cum
613 1996 769 2035 palmatis
788 2002 837 2026 to-

138 2047 187 2086 gis
206 2045 363 2077 sumunt.'
396 2047 481 2076 Haec
499 2046 576 2076 ille:
596 2056 669 2087 quae
686 2046 838 2078 indicant

135 2097 228 2128 illum
244 2099 341 2127 ritum
354 2107 395 2127 ex
409 2097 548 2137 antiqua
559 2097 838 2137 triumphantium

137 2147 381 2178 consuetudine
401 2152 638 2187 propagatum.
666 2148 751 2178 Nam
768 2149 837 2189 pal-

138 2204 227 2229 mata
252 2204 303 2228 est
330 2198 619 2238 triumphantium.
666 2198 732 2228 Sed
759 2200 838 2240 quia

137 2250 365 2280 Tertullianus
382 2249 441 2283 ait,
467 2254 474 2266 ¹
489 2249 658 2289 quercinis
674 2248 759 2279 foliis
777 2249 837 2280 fin-

138 2300 196 2340 gi,'
231 2301 352 2331 Festus
369 2309 450 2330 vero
480 2300 625 2330 lauream
649 2300 837 2341 antiquitus

138 2352 255 2391 fnisse,
282 2357 422 2392 praestat
446 2351 557 2391 potius
584 2352 778 2390 intelligere
796 2353 837 2383 (le

139 2412 190 2437 ea,
208 2414 281 2443 quae
299 2403 339 2433 ab
352 2403 469 2433 eodeni
484 2403 694 2432 Tertulliano
712 2402 838 2433 descri-

137 2453 252 2484 bitur:
278 2454 286 2469 ‘
304 2452 476 2492 Triumphi
495 2453 610 2483 laurea
633 2451 721 2483 foliis
738 2453 838 2484 strui-

137 2509 214 2534 tur:
241 2504 326 2533 hauc
344 2502 554 2533 adumbratis
572 2503 763 2534 lemniscis:
789 2504 838 2534 in-

138 2559 278 2585 auratur
301 2553 476 2583 lainnulis:
502 2554 681 2589 unguentis
699 2553 838 2583 delibui·

139 2603 214 2642 tur,’
232 2607 293 2634 &c.
339 2603 419 2633 Non
436 2607 485 2632 est
501 2603 637 2633 dubium
662 2613 734 2634 eain
751 2615 837 2642 esse,

141 2653 182 2684 de
201 2663 265 2693 qua
283 2653 404 2683 Festus
420 2652 502 2691 agit.
524 2653 594 2683 dos.
613 2653 697 2684 Scal.

187 2703 399 2742 Triumphales
413 2701 546 2741 coronae]
579 2701 710 2733 Gellius
726 2704 784 2736 lib.
801 2715 836 2736 v.

139 2764 215 2796 cap.
238 2756 271 2785 6.
304 2752 564 2792 ‘Triumphales
595 2761 728 2785 coronae
759 2761 837 2788 sunt

885 1092 1010 1121 aureae,
1036 1091 1107 1122 quae
1125 1080 1400 1120 Imperatoribus
1427 1078 1469 1111 ob
1486 1079 1591 1110 liono-

885 1142 954 1162 rem
987 1131 1150 1171 triumphi
1183 1132 1385 1161 mittuntur:
1425 1129 1458 1160 id
1490 1130 1590 1169 vulgo

885 1183 1012 1214 dicitnr
1039 1192 1156 1214 aurum
1179 1180 1403 1212 coronarium.
1452 1181 1516 1212 Hae
1535 1191 1592 1212 an-

887 1234 1028 1275 tiquitus
1055 1243 1072 1264 e
1099 1233 1193 1264 lauro
1212 1237 1329 1263 erant:
1358 1236 1435 1272 post
1458 1230 1531 1261 fieri
1548 1241 1590 1261 ex

886 1294 968 1315 auro
985 1281 1133 1324 coeptae.’
1158 1283 1201 1313 Et
1217 1291 1282 1312 uon
1298 1291 1431 1321 semper
1445 1291 1486 1311 ex
1500 1291 1593 1316 auro,

885 1335 944 1367 sed
961 1335 1003 1366 ad
1021 1334 1248 1366 imitationem
1261 1335 1425 1366 Veterum
1445 1345 1487 1366 ex
1505 1335 1593 1366 foliis

885 1387 1006 1429 quibus
1024 1387 1333 1427 interponebantur
1345 1387 1438 1418 aurei
1456 1388 1592 1418 lemnis-

886 1439 929 1470 ci.
975 1440 1020 1470 Et
1034 1439 1082 1469 sic
1099 1438 1258 1477 triumphi
1281 1438 1428 1469 lauream
1459 1439 1592 1470 conciu-

887 1494 1003 1521 natam
1022 1488 1142 1520 scribit
1159 1489 1406 1519 eruditissimus
1431 1494 1465 1520 et
1481 1494 1595 1520 vetus-

887 1542 1037 1574 tissimus
1065 1547 1186 1572 auctor
1210 1542 1451 1572 Tertullianus.
1498 1546 1505 1559 ‘
1521 1542 1594 1572 Tri-

887 1594 1027 1635 uinphi‚'
1043 1594 1165 1634 inquit,
1183 1592 1321 1624 ‘laurea
1335 1592 1423 1623 foliis
1438 1593 1593 1636 struitur,

886 1646 966 1677 hinc
995 1646 1108 1676 aureis
1135 1645 1305 1676 lemniscis
1334 1645 1522 1680 inauratur,
1551 1655 1591 1675 ac

887 1696 1006 1727 mustis
1026 1697 1207 1736 unguentis
1222 1695 1417 1729 delibuitur,
1430 1706 1470 1726 an
1484 1696 1594 1736 lacry-

888 1748 949 1778 mis
979 1748 1158 1788 conjugum
1188 1757 1226 1776 ac
1256 1746 1423 1777 matrum?
1447 1746 1594 1778 fortasse

888 1798 1098 1837 quorundam
1130 1801 1165 1827 et
1194 1795 1485 1827 Christianorum.y
1535 1797 1593 1828 Sic

887 1847 976 1878 hunc
993 1848 1116 1884 locum,
1142 1847 1198 1888 qui
1222 1847 1253 1877 in
1286 1847 1384 1877 editis
1413 1847 1593 1887 insigniter

888 1899 1105 1939 depravatus,
1154 1897 1351 1928 emendavit
1396 1898 1592 1930 Salmasius.

889 1950 998 1980 Porro
1017 1959 1081 1979 non
1101 1954 1230 1979 tautum
1249 1949 1291 1979 ob
1311 1948 1515 1988 triumphum
1538 1959 1593 1979 co-

888 2008 981 2030 ronae
999 1999 1065 2029 illae
1081 1997 1324 2036 offerebantur,
1342 1997 1400 2028 sed
1420 1998 1462 2028 ob
1478 2008 1594 2038 qnam-

890 2051 938 2080 vis
956 2050 1055 2081 aliam
1086 2058 1265 2090 pompam:
1303 2055 1340 2080 ut
1360 2059 1402 2079 ex
1426 2050 1594 2080 Veterum

889 2101 1037 2132 lectione
1054 2100 1240 2131 constabit.
1266 2101 1349 2131 Dae.

931 2150 945 2171 b
972 2151 1079 2192 Troja]
1104 2150 1218 2181 Ludus
1236 2160 1428 2190 puerorum.
1467 2151 1593 2192 Vin-gil.

889 2203 949 2234 lib.
967 2212 999 2234 v.
1017 2202 1148 2233 AEneid.
1174 2201 1369 2242 ‘Trojaque
1391 2212 1479 2232 nune
1498 2204 1593 2243 pueri

887 2253 1070 2292 Trojanum
1089 2252 1223 2283 ducitur
1239 2251 1381 2292 agmen?
1427 2253 1493 2284 Ubi
1513 2256 1591 2284 Ser-

888 2304 980 2335 vius:
1006 2305 1015 2321 ‘
1035 2303 1148 2334 Ludus
1165 2304 1250 2343 ipse,
1264 2314 1362 2344 quem
1383 2305 1481 2343 vulgo
1500 2306 1586 2346 Pyr-

889 2354 1037 2385 rhicham
1064 2355 1253 2394 appellant,
1279 2355 1387 2394 Troja
1412 2356 1583 2387 vocatur:⁷

892 2404 990 2434 Hanc
1009 2405 1157 2435 omnium
1174 2405 1303 2444 optime
1318 2405 1481 2437 describit
1497 2407 1592 2447 Apu-

892 2456 976 2485 leius
991 2456 1102 2487 Miles,
1120 2464 1154 2486 Χ.
1182 2456 1278 2487 Idem.

936 2509 948 2525 ⁰
972 2506 1016 2535 Et
1032 2505 1160 2536 locusz'n
1170 2515 1247 2544 agro
1258 2506 1428 2546 Laurente]
1451 2507 1506 2537 Sic
1523 2507 1592 2537 An-

893 2560 991 2586 tenor
1006 2556 1117 2586 locum
1134 2556 1238 2590 illum,
1255 2556 1286 2586 in
1300 2567 1397 2597 quem
1416 2567 1490 2587 cum
1509 2558 1591 2587 mni-

892 2605 1038 2636 titudine
1068 2606 1238 2636 Venetum
1268 2607 1410 2647 primum
1436 2617 1592 2646 egressus

892 2661 957 2695 est,
976 2656 1110 2696 Trojam
1137 2656 1236 2688 dixit.
1280 2656 1368 2687 Vide
1387 2657 1514 2688 Livium
1532 2657 1591 2689 lib.

893 2716 919 2738 1.
938 2706 1047 2736 initio.
1072 2706 1171 2736 Idem.

934 2757 948 2779 ὓ
973 2757 1186 2799 Tromentina]
1220 2758 1379 2789 Meminit
1404 2758 1516 2790 Livius
1532 2759 1591 2792 lib.
