1876 3025
314 171 376 201 DE
408 167 640 199 VERBORU
650 167 681 196 M

716 164 1122 195 SlGNlFlCATlONE
1158 164 1248 193 LlB.
1284 164 1388 193 le.

1504 153 1586 195 (581

136 264 275 313 Puri,¹¹
295 262 434 316 probi,
456 261 645 315 profani,
669 261 741 301 sui
777 261 870 301 auri
890 259 1046 300 dicitur
1075 259 1121 298 in
1155 258 1498 298 manumissione
1521 271 1590 298 sa-

194 343 364 371 crorum
400 342 554 378 causa,
595 340 652 368 ex
690 328 852 381 quibus
887 327 987 381 puri
1025 325 1254 379 siguificat,
1276 325 1397 379 quod
1432 325 1476 364 in
1506 338 1590 364 usu

201 410 363 451 spurco
382 401 417 426 ¹4
447 410 536 438 non
562 396 725 437 suerit:
757 396 901 449 probi,
922 394 1042 449 quod
1076 398 1193 435 recte
1224 397 1473 441 excoctum,
1494 404 1594 445 pur-

193 468 429 517 gatumque
464 464 546 504 sit:
583 462 770 517 profani,
803 463 926 516 quod
967 474 1140 502 sacrum
1171 473 1257 500 non
1288 460 1362 509 sit,
1394 463 1438 499 et
1470 459 1592 512 quod

197 532 314 572 omni
335 531 540 585 religione
562 532 755 572 solutum
785 532 843 571 sit
861 544 870 571 ε

751 648 865 661 eeeeee

185 709 224 737 14
249 706 328 737 Vet.
343 704 416 737 cod.
432 715 535 745 porco.

914 530 995 579 sui,
1019 528 1137 583 quod
1160 529 1348 569 alienum
1368 538 1458 567 non
1481 526 1553 567 sit.

869 650 986 661 eeeeee

804 802 944 834 NOTAE

142 870 179 897 tu
207 870 285 897 ante
313 865 388 896 vivo
418 865 635 906 perfunderis
672 865 838 898 flumine?

141 916 263 948 Infima
279 917 365 947 valle
383 916 531 957 praefluit
547 917 694 949 Tiberis.
748 918 841 949 Reli-

142 968 240 1008 gione
270 971 382 998 tactus
411 967 548 1008 hospes,
574 969 631 1009 qui
655 969 778 1008 omnia,
804 973 844 999 ut

143 1017 297 1059 prodigio
314 1018 538 1058 responderet
560 1024 717 1059 eventus,
740 1028 844 1059 cupe-

144 1073 199 1100 ret
227 1069 292 1100 rite
317 1067 420 1108 facta,
448 1079 490 1100 ex
515 1069 644 1109 templo
664 1069 847 1100 descendit

145 1118 185 1149 ad
214 1117 375 1149 Tiberim.
420 1117 560 1148 Interea
586 1118 756 1149 Romanus
784 1118 847 1148 im-

143 1169 251 1200 molat
266 1168 388 1199 Dianae
402 1168 548 1199 bovem.’
589 1168 677 1200 Vide
696 1169 768 1200 Liv.
787 1168 846 1200 l.1.

148 1224 234 1252 sect.
246 1222 300 1250 45.
316 1220 418 1250 Idem.

183 1276 202 1291 Ἠ
227 1270 324 1310 Puri]
357 1271 564 1302 manumissio
579 1271 633 1302 hic
650 1271 779 1302 dictum
796 1275 849 1302 est

147 1330 208 1361 pro
224 1320 447 1351 liberatione:
483 1326 522 1352 ut
542 1321 667 1353 dicitur
690 1322 849 1353 liberatio

148 1370 240 1402 nexi.
287 1370 350 1401 Est
379 1373 491 1402 autem
529 1372 757 1407 manumissio,
789 1382 850 1404 seu

144 1420 305 1451 liberatio
321 1429 492 1451 sacrorum
509 1431 715 1461 causa,unns
726 1432 767 1453 ex
785 1423 850 1453 illis

148 1470 268 1506 modis,
290 1470 412 1511 quibus
437 1470 651 1502 liberabatur
669 1472 776 1507 heres,
796 1471 852 1511 qui

149 1526 294 1561 accepta
309 1520 502 1553 hereditate
519 1527 657 1553 tenetur
682 1523 786 1553 sacris
802 1521 852 1553 fa-

149 1571 263 1602 miliae.
312 1572 440 1602 Notum
463 1572 552 1603 enim
576 1577 629 1604 est
646 1573 753 1604 veteri
773 1573 854 1613 jure

149 1621 336 1653 Pontificio
353 1622 532 1658 contineri,
551 1627 589 1654 ut
606 1633 703 1654 sacra
719 1624 855 1663 privata

151 1677 410 1706 conserventur,
448 1682 487 1703 ac
519 1672 682 1713 deinceps
718 1672 854 1704 familiis

151 1721 340 1760 prodantur
356 1733 363 1750 ι
390 1730 432 1752 ex
454 1731 521 1763 quo
538 1722 743 1761 institutum,
759 1729 796 1754 ut
812 1733 855 1754 ne

150 1774 260 1801 morte
287 1771 394 1811 patris
424 1770 569 1802 familias
593 1782 763 1804 sacrorum
788 1783 855 1805 me-

152 1821 260 1852 moria
286 1820 476 1860 occideret,
504 1822 564 1853 sed
592 1823 631 1853 iis
660 1829 773 1855 essent
799 1823 856 1854 ad-

145 1872 278 1912 juncta,
296 1872 336 1902 ad
355 1882 439 1913 quos
460 1873 610 1913 ejusdem
627 1878 736 1905 morte
753 1883 856 1915 pecu-

153 1922 210 1953 nia
227 1923 386 1954 venisset.
427 1922 540 1963 Igitur
557 1924 740 1964 praestigiae
758 1934 858 1955 exco-

153 1972 414 2013 gitatae,quibus
430 1972 544 2009 fucus,
555 1974 649 2005 utita
661 1974 858 2014 dicam‚legi

156 2020 265 2052 fieret.
308 2021 504 2054 Introducti
531 2024 620 2054 enim
652 2028 732 2055 sunt
755 2024 858 2064 modi,

154 2072 275 2112 quibus
292 2083 387 2105 sacra
403 2074 666 2114 perimerentur.
690 2074 731 2105 Id
746 2079 858 2105 autem

155 2122 261 2154 fiebat
273 2128 331 2155 aut
344 2125 618 2165 emancipatione
632 2135 692 2166 per
707 2135 752 2156 aes
766 2131 802 2157 et
820 2125 858 2156 li-

157 2175 264 2210 bram,
280 2175 432 2206 adhibito
443 2175 647 2216 libripende,
662 2185 737 2216 quae
748 2175 860 2206 hicdi·

157 2226 245 2256 citur
254 2225 469 2256 manumissio
481 2235 653 2257 sacrorum
666 2235 788 2257 causa:
808 2225 862 2256 Ci-

159 2285 237 2307 cero
255 2285 296 2307 11.
320 2276 362 2306 de
384 2276 539 2316 legibus:
567 2281 574 2293 ‘
590 2276 786 2309 Quinetiam
807 2286 863 2307 ca-

158 2332 250 2363 vent,
261 2333 297 2358 ut
311 2328 362 2359 cui
374 2328 447 2368 plus
459 2328 609 2368 legatum
619 2328 674 2368 sit,
683 2338 782 2369 quam
790 2327 863 2359 sine

161 2378 325 2417 religione
345 2388 470 2419 capere
497 2378 613 2419 liceat,
636 2379 663 2409 is
688 2388 750 2419 per
766 2388 812 2409 aes
827 2383 864 2409 et

160 2427 279 2458 libram
314 2428 457 2459 heredes
493 2429 691 2460 testamenti
724 2428 859 2460 solvat:

162 2483 347 2517 propterea
375 2478 464 2519 quod
489 2488 530 2509 eo
559 2480 634 2510 loco
661 2488 713 2510 res
738 2484 790 2510 est
814 2479 863 2509 ita

164 2528 277 2558 soluta
301 2528 504 2568 hereditate,
533 2529 631 2570 quasi
657 2539 698 2561 ea
720 2529 863 2570 pecunia

162 2578 280 2617 legata
309 2587 374 2608 non
406 2584 496 2611 esset
516 2579 536 2610 ε’
574 2585 631 2611 aut
660 2579 768 2611 fiebat
798 2580 862 2610 alio

164 2636 286 2668 genere
311 2628 517 2668 imaginariae
543 2630 761 2671 venditionis,
787 2641 862 2672 qnae

164 2677 349 2708 vocabatur
377 2678 556 2720 coemptio,
585 2680 746 2712 adhibitis
777 2680 863 2711 seni-

166 2727 227 2758 bus
242 2727 555 2768 coemptionalibus‚
569 2730 625 2771 qui
638 2740 713 2762 asse
727 2731 866 2762 Gaiano,

894 868 956 898 hoc
973 870 1041 907 est,
1056 875 1191 897 nummo
1212 864 1368 896 sestertio
1391 863 1477 895 dicis
1495 872 1599 894 causa

896 923 949 948 ter
965 922 1122 957 accepto,
1142 922 1176 948 et
1200 926 1314 947 rursus
1332 914 1481 953 reddito,
1498 915 1596 945 hereo

897 967 974 998 dem
991 967 1231 998 absolverent:
1251 967 1283 997 in
1300 976 1340 998 ea
1355 976 1417 1007 pro
1434 966 1598 996 Murena:

897 1022 905 1034 ‘
921 1017 1026 1048 Sacra
1043 1018 1090 1048 illi
1106 1017 1113 1029 ’
1131 1016 1305 1058 (veteres)
1325 1016 1491 1047 ‘interire
1507 1015 1602 1046 nolu-

899 1074 1024 1101 erunt:
1053 1070 1170 1101 borum
1198 1069 1331 1109 ingenio
1358 1077 1456 1099 senes
1481 1066 1522 1098 ad
1548 1076 1605 1097 co-

900 1120 1090 1161 emptiones
1106 1119 1280 1151 faciendas
1300 1118 1603 1150 interimendorum

900 1180 1072 1202 sacrorum
1101 1180 1205 1202 causa
1236 1169 1365 1211 reperti
1393 1168 1506 1199 sunt:'
1545 1172 1605 1198 aut

900 1220 1048 1262 denique
1065 1220 1308 1255 detestatione,
1321 1228 1397 1259 quae
1410 1216 1605 1248 solennibus

900 1270 1014 1301 verbis
1029 1270 1159 1302 Calatis
1180 1269 1329 1301 comitiis
1352 1267 1607 1299 celebrabatur.

902 1322 1035 1353 Gellius
1065 1321 1154 1352 libro
1187 1329 1248 1352 xv.
1278 1318 1420 1350 ‘iisdem
1450 1316 1608 1351 comitiis,

906 1382 980 1413 quae
999 1372 1120 1403 Calata
1143 1370 1310 1412 appellari
1332 1370 1490 1403 diximus,
1508 1372 1543 1398 et
1561 1377 1612 1397 sa-

906 1432 1039 1454 crorum
1056 1422 1254 1460 detestatio,
1267 1426 1302 1452 et
1317 1423 1523 1451 testamenta
1535 1416 1611 1448 fieri

907 1472 1088 1506 solebant.'
1134 1474 1249 1506 Quare
1276 1476 1312 1502 et
1336 1470 1475 1502 Servius
1498 1467 1611 1501 Juris-

908 1525 1081 1556 consultus
1111 1524 1248 1564 scripsit
1278 1523 1399 1553 librum
1431 1520 1473 1551 de
1504 1519 1611 1550 sacris

908 1574 1137 1614 detestandis,
1153 1574 1211 1605 ubi
1228 1574 1271 1605 de
1291 1574 1369 1614 jure
1388 1575 1611 1603 testamento„

908 1635 981 1656 rum
1012 1625 1222 1665 disputabat.
1268 1624 1400 1656 Gellius
1439 1622 1529 1653 libro
1564 1630 1613 1651 vr.

910 1676 1024 1716 capite
1043 1678 1094 1706 12.
1127 1674 1287 1706 ‘Servius
1314 1674 1480 1714 Sulpitius
1503 1672 1614 1704 Juris-

911 1726 1100 1765 consultus,
1115 1726 1164 1756 vir
1177 1725 1287 1755 aetatis
1301 1734 1370 1754 snae
1384 1721 1614 1756 doctissimus,

911 1775 945 1806 in
976 1775 1062 1805 libro
1092 1774 1134 1804 de
1165 1774 1268 1804 sacris
1296 1771 1522 1810 detestandis,
1547 1779 1614 1810 qua

912 1825 1042 1855 ratione
1068 1824 1237 1855 adductus
1258 1823 1516 1853 Testamentum
1539 1829 1616 1850 ver-

914 1874 991 1905 bum
1015 1883 1088 1904 esse
1117 1873 1243 1913 duplex
1268 1870 1457 1911 scripserit,
1474 1879 1541 1901 non
1563 1879 1616 1900 re-

913 1923 1031 1965 perio!
1068 1923 1239 1963 Corrupte
1257 1922 1347 1952 enim
1363 1921 1397 1951 in
1414 1920 1528 1951 Gellio
1545 1921 1616 1951 vul-

914 1984 955 2014 go
982 1973 1108 2011 editur,
1138 1973 1172 2003 in
1195 1971 1273 2002 libro
1295 1972 1332 2002 de
1355 1970 1549 2002 testamentis
1569 1979 1617 2002 se-

912 2025 1025 2055 cundo.
1071 2023 1119 2054 At
1136 2033 1187 2062 ea,
1204 2032 1304 2063 quam
1325 2021 1475 2061 reposui,
1492 2025 1543 2051 est
1560 2029 1617 2051 ve-

914 2078 1025 2105 terum
1041 2082 1239 2104 excusorum
1263 2077 1297 2103 et
1313 2072 1443 2103 calamo
1460 2075 1619 2102 exarato-

915 2135 999 2156 rum.
1046 2125 1113 2156 Alii
1145 2128 1243 2155 erant
1274 2123 1376 2153 etiam
1406 2121 1496 2152 modi
1529 2121 1620 2162 peri-

916 2175 1114 2207 mendorum
1137 2183 1320 2209 sacrorum,
1336 2177 1374 2203 ut
1391 2176 1494 2212 caput
1511 2172 1618 2212 parti-

916 2227 1029 2261 tionis,
1039 2227 1072 2257 in
1084 2225 1294 2257 deducendis
1306 2228 1443 2255 centum
1454 2223 1617 2254 nummis:

916 2278 959 2309 de
971 2287 1039 2319 quo
1054 2276 1130 2307 vide
1143 2275 1292 2307 secundo
1303 2273 1345 2305 de
1362 2273 1508 2314 legibus.
1531 2274 1620 2304 Tan·

919 2333 988 2359 tum
1019 2336 1060 2358 ea
1087 2336 1151 2365 ego
1179 2325 1335 2366 apposui,
1361 2333 1437 2365 quae
1468 2323 1621 2354 declara·

918 2382 1008 2417 rent,
1024 2377 1103 2418 quid
1121 2375 1337 2407 manumissio
1349 2384 1522 2406 sacrorum
1540 2383 1619 2405 cau-

918 2438 955 2458 sa
971 2428 1025 2458 hic
1051 2427 1141 2467 apud
1170 2426 1325 2464 Festum,
1341 2424 1423 2465 quid
1451 2426 1532 2455 item
1561 2423 1619 2455 de-

918 2478 1059 2510 testatio
1077 2486 1262 2507 sacrorum.
1306 2474 1429 2515 Neque
1447 2478 1515 2512 est,
1530 2472 1620 2513 quod

919 2529 1094 2570 quisquam
1120 2531 1231 2568 putet,
1256 2524 1551 2555 manumissionem
1568 2532 1620 2553 sa-

920 2588 1054 2610 crorum
1077 2586 1178 2609 causa
1200 2576 1280 2615 dici,
1298 2574 1387 2616 quod
1405 2573 1565 2613 Vestalis,
1584 2577 1620 2603 et

920 2630 1058 2660 Flamen
1077 2628 1182 2659 Dialis
1208 2626 1326 2657 exibat
1353 2625 1460 2665 patris
1485 2623 1536 2653 sui
1562 2632 1622 2662 po-

921 2683 1062 2709 testate.
1110 2677 1200 2707 Nam
1217 2676 1239 2707 ii
1257 2674 1370 2706 statim
1388 2673 1458 2703 sine
1473 2671 1620 2703 emanci-

923 2729 1074 2770 patione,
1103 2737 1142 2758 ac
1170 2725 1293 2766 capitis
1321 2722 1550 2754 deminutione
1577 2721 1619 2753 de
