1876 3025
302 149 364 178 DE
397 145 670 177 VERBORUM
703 140 1112 174 sleumicA'ronE
1146 121 1240 170 ms.
1272 139 1378 169 xvc

1482 127 1566 170 765

119 244 321 294 Rhonde,
358 242 689 295 Sicadionquef
720 253 819 280 cum
856 237 972 279 dixit
993 235 1223 277 Lucilius:
1261 246 1351 287 quo
1390 235 1566 275 nomina

175 313 367 366 riparum
384 311 547 365 posuit,
575 313 661 350 tarn
685 308 891 348 infestum
924 305 1009 347 sibi
1031 315 1206 356 corpus,
1224 305 1265 342 et
1287 300 1565 342 valitudinem

175 380 383 429 reserens,
407 391 539 432 quam
561 377 673 417 levis
697 375 773 416 sed
799 374 935 415 saluti
955 367 1284 424 navigantium.⁶

119 448 263 490 Rica⁵
298 450 367 489 est
399 446 680 488 vestimentum
707 441 956 499 quadratum
991 439 1272 487 fimbriatum,
1308 448 1568 490 purpureum

726 578 742 588 e
748 577 784 588 eo
788 575 964 587 eae‘ae‘oaeee

162 670 182 698 6
205 667 278 699 Jos.
294 665 383 697 Scal.
406 665 598 701 Turnebus,
615 665 702 696 Dae.
719 667 753 695 et
771 663 827 694 alii
848 663 894 694 ita
910 663 1029 702 legunt
1045 670 1052 691 :
1080 659 1236 698 Rhana-es,
1254 655 1440 696 Icadionque
1454 664 1523 687 cum
1536 657 1568 687 11.

121 710 264 746 Lucilius
286 709 411 741 nomina
433 709 608 749 piratarum
633 708 748 747 posuit,
773 710 838 737 tam
859 705 1009 743 infestum
1032 703 1092 734 sibi
1117 711 1226 742 corpus
1246 704 1275 731 et
1298 699 1499 730 valitudinem
1521 708 1570 730 re-

111 753 230 790 ferens,
243 762 334 794 quam
348 752 396 783 illi
412 755 511 783 essent
522 751 618 782 saluti
630 749 855 790 navigantimn.
902 748 980 779 Vet.
998 746 1055 778 lib.
1071 745 1176 777 habet
1197 754 1288 785 quum
1302 743 1360 774 illa
1373 745 1484 774 essent.

779 868 919 903 NOTAE

162 943 175 959 r
198 936 574 979 Rhonde,Sz·ca‹1ionque]
606 937 733 968 Versus
751 936 816 967 Lu-

120 989 190 1022 cilii
218 993 315 1020 sunt:
351 990 575 1029 ‘Querquera
599 985 819 1027 consequitur

122 1040 247 1072 febris:
265 1040 452 1081 capitisque
469 1039 602 1070 dolores
617 1036 746 1068 Tamde
758 1036 818 1068 mi-

121 1090 155 1121 hi
184 1089 311 1129 infesti,
339 1099 438 1131 quam
470 1088 630 1120 Rhondes
661 1086 820 1119 Icadion-

122 1140 210 1182 que.'
234 1141 332 1172 Idem.

163 1198 175 1212 ³
199 1191 294 1232 Rica]
317 1192 369 1223 Ex
387 1191 497 1223 verbis
511 1190 606 1222 Festi
623 1189 703 1221 satis
718 1197 820 1229 appa-

122 1246 176 1273 ret
205 1252 247 1273 ne
279 1243 368 1273 inter
393 1242 539 1273 Veteres
573 1240 707 1281 quidem
740 1239 821 1270 satis

123 1293 322 1324 convenisse
346 1291 426 1333 qnid
450 1296 538 1322 esset
560 1292 637 1322 rica.
684 1290 747 1321 Vel
774 1288 821 1320 ‹li-

122 1343 268 1375 cendum
286 1348 340 1375 est
357 1342 593 1374 vestimentum
618 1340 821 1383 quadratum

122 1403 189 1435 quo
215 1393 411 1425 Flaminicae
433 1402 495 1434 pro
521 1392 657 1433 palliolo
678 1391 822 1422 mitrave

121 1444 319 1483 utebantur,
335 1443 424 1485 quod
450 1453 513 1484 ego
535 1443 743 1483 interpretor
763 1439 822 1472 fla-

122 1503 253 1526 meum:
292 1499 328 1526 et
359 1494 518 1526 vestitum
549 1504 592 1525 ex
621 1494 700 1524 lana
730 1492 819 1528 alba,

122 1555 221 1588 quem
259 1555 322 1586 ego
354 1545 500 1577 tutulum
532 1544 677 1584 accipio,
707 1547 820 1582 togam

123 1597 226 1628 etiam
243 1602 279 1628 et
296 1597 468 1637 cingulum
480 1595 615 1636 capitis,
628 1595 725 1625 rit-am
740 1593 821 1624 fuis·

122 1657 158 1678 se
175 1653 311 1678 vocata.
355 1647 444 1678 Sane
461 1646 565 1676 ricam
582 1645 821 1676 vestimentum

123 1697 338 1738 quadratum,
354 1697 423 1727 sive
448 1695 618 1734 flameum,
632 1695 703 1725 sive
729 1693 822 1733 capi-

124 1747 169 1778 tis
201 1752 435 1788 tegumentum
465 1745 569 1777 fuisse
606 1744 731 1776 indicio
769 1749 823 1775 est

125 1796 215 1838 quod
233 1807 272 1828 eo
298 1796 491 1828 Flaminicae
517 1805 578 1836 pro
604 1794 740 1835 palliolo
764 1793 823 1824 mi-

126 1853 221 1879 trave
245 1847 442 1887 utebantnr,
459 1856 533 1888 quae
552 1845 684 1876 assidue
702 1843 822 1875 flameo

125 1902 225 1929 erant
251 1898 398 1933 amictae,
414 1903 452 1928 ut
476 1905 577 1937 supra
599 1896 632 1926 in
657 1893 823 1925 ‘flameo.’

124 1950 171 1981 Et
195 1948 277 1980 illud
300 1947 443 1988 Turpilii
463 1947 496 1977 in
513 1946 666 1977 hetaira:
690 1944 823 1975 ‘Inter-

125 2008 166 2030 ea
194 1997 326 2039 aspexit
350 1997 515 2037 virginem
548 1995 580 2026 in
606 1995 720 2034 capite
748 2004 822 2035 ges-

124 2053 254 2080 tantem
286 2048 424 2079 riculam
457 2046 607 2077 indutam
636 2043 823 2075 ostrinam.'

125 2100 172 2131 Et
201 2099 285 2130 illud
316 2097 514 2130 Germanici
544 2096 713 2128 Caesaris:
751 2100 759 2112 ‘
780 2096 825 2126 Et

125 2159 183 2180 ore
199 2150 322 2181 Velato
348 2149 504 2189 tristique
531 2156 633 2186 genas
650 2146 824 2177 abscondi-

127 2206 162 2232 ta
178 2200 271 2231 rica.'
316 2201 404 2231 Item
421 2197 683 2230 illud-Varronis
701 2197 757 2228 lib.
775 2206 824 2227 lv.

127 2251 170 2282 (le
187 2252 225 2282 L.
242 2253 279 2283 L.
305 2254 313 2268 ‘
330 2251 414 2281 Rica
437 2259 456 2280 a
473 2249 551 2288 ritu,
569 2247 657 2289 qnod
673 2248 824 2278 Romano

125 2302 194 2333 ritu
208 2301 409 2333 sacrificinm
433 2299 579 2330 foeminae
603 2308 678 2329 cum
696 2297 826 2328 faciunt

128 2354 243 2394 capita
280 2352 421 2385 velant.'
466 2352 644 2382 Praeterea
672 2353 707 2380 et
744 2348 824 2379 illud

129 2403 233 2434 Gellii
250 2403 291 2434 de
317 2401 459 2434 Euclide
474 2400 649 2432 Socratico
666 2399 723 2440 qui
739 2400 748 2416 ⁴
764 2399 824 2429 sub

127 2457 276 2490 noctem,
287 2462 362 2483 cum
377 2452 692 2491 advesperasceret,
709 2448 826 2480 tunica

128 2503 229 2543 longa
243 2502 399 2533 muliebri
415 2501 564 2536 indutus,
579 2504 614 2531 et
634 2499 735 2540 pallio
754 2508 825 2529 ver-

130 2553 275 2585 sicolore
282 2553 435 2592 amictus,
445 2556 478 2583 et
487 2555 591 2592 caput
602 2550 674 2581 rica
682 2550 826 2589 velatus,

129 2614 150 2635 e
164 2603 265 2634 domo
281 2612 341 2633 sna
362 2602 512 2642 Megaris
530 2601 679 2632 Athenas
703 2600 744 2630 ad
768 2600 827 2631 So-

130 2658 260 2685 cratem
291 2651 523 2684 commeabat.’
566 2651 666 2682 Unde
696 2650 826 2682 Nonius

131 2704 229 2735 risam
259 2703 505 2744 interpretatur
533 2701 705 2741 sudarium,
737 2700 827 2742 quod

872 936 937 973 est,
953 931 1075 972 capitis
1093 931 1338 971 tegumentum,
1354 931 1393 959 ut
1416 926 1450 957 in
1466 923 1571 957 sacris

872 983 980 1014 literis
1007 981 1182 1022 accipiunt
1202 981 1423 1020 interpretes,
1445 974 1573 1008 Gallici

872 1034 974 1065 etiam
998 1033 1053 1074 qui
1069 1032 1230 1062 sudarium
1251 1032 1427 1072 exponunt
1448 1035 1572 1058 couvre-

872 1084 950 1122 chef.
974 1083 1062 1114 Inde
1079 1082 1181 1114 etiam
1199 1082 1325 1113 tutulus
1342 1079 1443 1111 facile
1460 1076 1573 1109 vocari

873 1135 984 1177 potuit
1000 1134 1077 1165 rica.
1101 1135 1187 1165 Erat
1203 1133 1293 1164 enim
1309 1131 1437 1163 tutulus
1452 1128 1574 1160 Flami-

874 1187 1024 1218 nicarnm
1053 1188 1087 1216 et
1113 1183 1301 1215 Flaminum
1328 1180 1452 1221 capitis
1475 1187 1574 1210 orna-

874 1241 1038 1268 mentum.
1061 1230 1349 1265 Vide‘TutnluS.’
1371 1230 1474 1270 Togae
1487 1238 1575 1270 prae-

876 1291 972 1318 terea
988 1295 1092 1327 genus
1110 1283 1281 1325 quoddam
1305 1283 1403 1313 ricam
1418 1279 1523 1311 fuisse
1540 1279 1575 1310 in

873 1337 989 1368 recinio
1006 1344 1108 1376 supra
1126 1333 1352 1375 probavimus.
1393 1331 1503 1363 Ricam
1518 1329 1576 1360 de-

874 1388 976 1429 nique
1003 1396 1064 1427 pro
1092 1386 1228 1426 cingulo
1254 1383 1390 1425 capitis,
1419 1382 1483 1413 hoc
1509 1383 1576 1416 est,

873 1438 981 1469 fascia
1006 1436 1146 1476 capitali
1172 1439 1368 1475 usurpatam
1391 1431 1578 1464 ostendunt

875 1489 940 1520 ista
957 1487 1074 1526 Gellii,
1097 1490 1105 1503 ‘
1122 1485 1167 1516 Et
1194 1485 1282 1526 quod
1308 1484 1341 1514 in
1368 1483 1440 1514 rica
1462 1490 1577 1513 surcu-

875 1540 943 1570 lum
974 1537 1016 1568 de
1050 1536 1172 1568 arbore
1202 1534 1293 1566 felici
1320 1532 1449 1565 habet.’
1508 1531 1577 1562 Ubi

876 1589 993 1627 etiam,
1013 1588 1039 1617 si
1057 1585 1173 1617 sedulo
1187 1585 1299 1616 locum
1317 1582 1494 1623 inspicias,
1509 1581 1577 1612 rica

876 1639 958 1670 nihil
985 1637 1075 1669 aliud
1104 1640 1157 1667 est
1187 1645 1286 1676 quam
1315 1634 1444 1669 tutulum,
1470 1631 1578 1663 fascia

877 1688 1033 1729 capitalis
1050 1687 1082 1718 in
1098 1685 1318 1717 altitudinem
1335 1685 1525 1720 exstructa,
1543 1681 1576 1711 in

877 1740 973 1780 cujus
1004 1738 1101 1778 apice
1132 1740 1206 1767 erat
1237 1735 1400 1766 surculus.
1461 1733 1577 1765 Quare

877 1795 951 1821 tota
965 1789 1037 1820 haec
1054 1788 1095 1818 de
1115 1787 1183 1818 rica
1199 1790 1235 1817 et
1252 1784 1378 1815 recinio
1392 1781 1580 1823 disputatio

877 1840 1008 1871 duobus
1041 1842 1171 1869 tantum
1208 1835 1378 1876 capitibus
1407 1834 1485 1864 nixa
1515 1837 1578 1863 est.

879 1891 980 1922 Prius
1007 1892 1073 1929 est,
1096 1889 1199 1919 ricem
1221 1891 1310 1926 togae
1330 1883 1506 1926 quadratae
1523 1892 1580 1923 ge·

878 1951 941 1972 nus
967 1939 1089 1970 fuisse:
1123 1938 1281 1975 alterum,
1307 1934 1476 1974 cingulum
1506 1933 1578 1964 sive

879 1991 1021 2033 quodvis
1052 1988 1142 2020 aliud
1176 1987 1302 2027 capitis
1334 1987 1579 2026 tegumentum.

878 2043 980 2074 Nunc
1006 2039 1192 2071 lectoribus
1215 2036 1304 2068 haud
1321 2036 1490 2076 ingratum
1507 2033 1581 2064 fore

880 2093 1036 2130 arbitror,
1059 2092 1085 2122 si
1103 2089 1298 2130 disquiram,
1320 2092 1354 2118 et
1371 2097 1431 2118 cur
1447 2086 1516 2117 rica
1533 2086 1581 2116 ita

880 2148 1037 2184 accepta,
1050 2147 1085 2172 et
1102 2141 1190 2172 unde
1207 2140 1300 2170 dicta
1312 2139 1367 2170 sit.
1397 2138 1449 2168 De
1465 2141 1580 2178 etymo

880 2194 1016 2236 quidem
1045 2191 1241 2223 doctissimo
1261 2188 1385 2220 Vossio
1404 2187 1584 2227 assentior,

881 2244 938 2285 qui
964 2247 1064 2284 putat
1088 2242 1188 2272 ricam
1212 2250 1286 2271 esse
1304 2250 1321 2270 a
1338 2239 1438 2279 ρέκος,
1462 2238 1581 2278 cingu-

881 2294 962 2325 lum.
1000 2291 1151 2332 Hesych.
1167 2289 1265 2330 ῥέκος,
1281 2287 1379 2328 ζῶμα,
1395 2288 1485 2325 θώνη.
1523 2287 1580 2318 Id-

882 2354 946 2385 que
976 2343 1082 2374 multo
1113 2341 1332 2381 probabilius,
1363 2348 1462 2380 quam
1489 2337 1580 2378 quod

880 2396 1004 2433 Varro,
1027 2395 1081 2425 cui
1109 2394 1175 2424 rica
1200 2402 1218 2422 a
1243 2392 1322 2432 ritu,
1350 2391 1404 2421 vel
1430 2389 1583 2425 Servius,

880 2446 933 2477 cui
948 2447 1013 2476 rica
1028 2444 1123 2485 quasi
1147 2442 1231 2474 reica
1247 2452 1265 2472 a
1280 2441 1459 2479 rejiciendo.
1505 2439 1534 2469 Ρ
1540 2439 1582 2468 ri‹

880 2505 971 2527 mum
997 2496 1102 2535 igitur
1129 2489 1508 2530 vincula,lora,fasciae
1526 2498 1580 2519 ca-

882 2548 1017 2588 pitales,
1035 2550 1069 2576 et
1086 2544 1326 2584 Κεφαλόδεσμοι
1342 2541 1485 2583 quilibet
1501 2540 1579 2569 rlcae

880 2602 957 2629 sunt
982 2597 1097 2637 dictae,
1121 2601 1157 2627 et
1184 2594 1307 2626 deinde
1328 2593 1371 2623 ob
1388 2588 1580 2622 similitudi-

880 2658 971 2687 nem,
1000 2647 1094 2688 pilei,
1122 2646 1265 2680 sudaria,
1291 2642 1498 2679 diademata,
1521 2640 1580 2670 mi·-

882 2703 958 2740 trae,
980 2702 1015 2730 et
1039 2697 1167 2740 quaevis
1193 2696 1257 2728 alia
1281 2692 1431 2734 κρήδεμνα
1458 2690 1578 2733 capitis
