1876 3025
284 169 345 199 DE
379 165 652 198 VERBORUM
686 161 1096 197 SIGNlFICA'I'IONE
1132 161 1224 191 [AB.
1257 160 1384 190 XVII.

1475 147 1558 189 797

174 263 406 318 Apollinem
436 260 597 302 vocari:
628 264 675 302 tu
708 273 756 301 es
792 258 975 314 Apollo,
998 263 1042 298 ut
1079 262 1135 296 est
1170 255 1212 295 in
1243 253 1419 294 carmine
1440 266 1557 292 seecu-

175 331 269 371 lari.

118 397 296 439 Sacella
311 395 324 418 f
338 397 534 437 dicuntur
555 394 642 436 loca
675 394 772 435 Diis
794 396 968 434 sacrata
990 392 1082 432 sine
1107 393 1239 431 tecto.

117 465 297 506 Sacella
316 464 511 505 dicuntur
529 463 631 504 loca
649 462 752 503 Diis
775 464 950 502 sacrata
971 459 1063 499 sine
1083 461 1216 499 tecto.

1380 452 1560 505 [PAUL.

117 531 252 572 Sacer
274 544 402 572 mons
419 534 538 571 trans
562 529 777 570 Anienem
798 526 979 568 fiuvium
997 525 1114 566 ultra
1134 522 1309 564 tertium
1324 519 1560 561 miliarium

173 598 435 652 appellatur,
456 597 561 651 quia
576 595 605 637 J
608 596 678 636 ovi
700 595 843 636 fuerat
863 595 1162 634 consecratus.

119 665 254 707 ‘Sacer
292 660 418 706 {nous
436 670 452 693 g
498 663 746 717 appellatur
789 665 906 702 trans
939 658 1155 700 Anienem
1204 655 1341 709 paulo
1398 653 1561 703 [Fsssrr‘

172 733 287 773 ultra
315 732 485 773 tertium
517 730 780 779 miliarium3
811 727 933 781 quod
967 739 1066 767 eum
1096 725 1263 778 plebes,
1285 735 1384 763 cum
1415 731 1562 762 seces-

174 801 307 840 sisset
329 813 355 840 a
376 799 591 852 patribus,
618 797 779 838 creatis
800 794 1005 836 Tribunis
1028 793 1189 846 plebis,
1212 790 1289 844 qui
1311 789 1395 830 sibi
1417 789 1562 829 essent

173 866 354 916 auxilio,
376 865 648 906 discedentes
669 863 696 904 J
702 863 773 903 ovi
790 864 1162 903 consecraverunt.
1204 858 1265 899 At
1285 857 1413 897 homo
1434 865 1562 896 sacer

115 929 132 939 ³
172 935 211 974 is
233 937 311 982 est,
334 946 460 986 quem
492 932 688 985 populus
703 929 924 984 judicavit
945 929 1002 968 ob
1027 926 1306 974 maleficium,
1331 935 1473 976 neque
1494 921 1562 960 fas

174 1006 241 1042 est
261 1013 362 1041 eum
393 1000 624 1048 immolari,
653 998 747 1043 sed,
776 998 853 1051 qui
881 995 1059 1042 occidit,
1081 992 1303 1048 parricidii
1330 1003 1420 1031 non
1441 989 1562 1029 dam-

167 1073 314 1118 natur,
334 1080 435 1108 nam
448 1067 546 1120 lege
566 1066 800 1108 tribunicia
820 1064 963 1118 prima
985 1066 1168 1103 cavetur
1188 1074 1198 1101 z
1221 1060 1272 1101 Sl
1298 1068 1413 1108 Quis
1440 1066 1560 1105 EUM,

175 1147 261 1185 Qui
298 1146 355 1175 Eo
393 1144 715 1175 PLEBEISCITO
751 1141 910 1173 SACER
943 1139 1038 1179 sl'r,
1062 1136 1352 1174 occmERrr,
1388 1133 1564 1164 PARRI-

175 1214 294 1244 (ΗΒΑ
319 1215 346 1244 N
361 1214 387 1243 Ε
412 1212 505 1244 SIT.
527 1214 584 1242 ex
605 1213 693 1254 quo
716 1199 862 1254 quivis
892 1197 1023 1238 homo
1056 1194 1214 1244 malus,
1235 1196 1366 1245 atque
1399 1191 1562 1242 impro-

770 1331 907 1364 NOTAE

116 1411 166 1441 lus
185 1410 249 1441 sit.'
286 1410 340 1441 De
366 1410 435 1440 sole
461 1409 564 1440 etiam
591 1407 680 1438 idem
702 1407 812 1437 Varro

115 1462 173 1493 lib.
190 1470 241 1493 ιν.
285 1461 351 1493 Sed
369 1462 430 1500 ita,
450 1466 486 1492 ut
509 1458 600 1491 aliud
616 1459 717 1490 etiam
736 1467 812 1498 pro-

117 1517 234 1553 ponat.
279 1511 380 1548 ‘Sol,'
405 1511 523 1552 inquit,
546 1510 621 1541 ‘vel
646 1508 737 1550 quod
764 1508 813 1539 ita

115 1562 244 1601 Sabini,
260 1562 314 1593 vel
338 1561 426 1603 quod
451 1562 557 1592 solum
581 1560 629 1590 ita
652 1560 757 1599 lucet,
776 1562 812 1589 ut

117 1621 158 1642 ex
189 1622 229 1643 eo
263 1612 345 1643 Dies
367 1611 432 1643 sit.’
476 1611 544 1642 Ubi
573 1611 620 1641 sol
652 1608 812 1640 Sabinam

116 1671 188 1693 esse
206 1671 322 1693 vocem
341 1661 462 1700 innuit,
476 1666 511 1692 et
527 1670 601 1691 eam
617 1660 731 1690 Sabini
746 1658 812 1689 for-

118 1721 177 1742 san
194 1722 213 1742 a
231 1712 355 1743 Graeco
371 1711 479 1750 σέβας,
502 1710 635 1751 fulgor3
660 1709 717 1740 sed
737 1718 812 1739 curn

119 1768 241 1801 gentes
258 1762 360 1792 solem
375 1771 436 1802 pro
451 1762 525 1791 Deo
535 1760 712 1796 coluerint,
726 1759 812 1789 veri-

116 1811 254 1842 similius
270 1811 310 1842 ab
328 1811 476 1842 Hebraeo
494 1811 546 1841 Et.
563 1810 595 1840 id
619 1814 683 1848 est,
705 1808 814 1847 fortis,

117 1866 219 1901 atque
243 1862 343 1892 etiam
365 1861 464 1901 Deus,
478 1866 532 1898 ηλ.
553 1863 589 1890 et
612 1865 669 1890 ωλ.
715 1858 814 1889 Unde

116 1911 204 1948 ἥλιος
220 1915 254 1942 et
271 1911 345 1942 Lat.
362 1912 417 1942 sol.
460 1911 556 1941 Idem
574 1914 687 1940 autem
704 1909 813 1940 dictus

116 1962 226 2001 Apollo
243 1970 261 1991 a
277 1961 399 1993 Graeco
415 1960 562 1994 ἀπωλεῖν,
580 1958 668 2000 quod
691 1958 717 1989 is
739 1968 813 1999 pes-

116 2012 257 2043 tilentiae
274 2016 393 2043 auctor
408 2011 463 2042 sit.
506 2010 606 2041 Unde
625 2014 660 2040 et
683 2009 715 2039 in
732 2009 812 2040 Car-

116 2062 261 2093 minibus
271 2059 727 2092 saecularibusinvocabatur.
746 2058 813 2090 Ho-

120 2118 184 2143 rat.
204 2113 213 2128 ‘
227 2111 373 2143 Condito
392 2111 478 2142 mitis
504 2110 725 2151 placidusque
744 2109 813 2140 telo

116 2161 293 2202 Supplices
310 2161 388 2192 audi
406 2170 541 2201 pueros,
558 2159 703 2201 Apollo.'
726 2159 814 2190 Vide

117 2212 269 2243 Servium
286 2212 358 2243 Ecl.
375 2221 409 2242 v.
434 2211 586 2242 Macrob.
602 2211 660 2242 lib.
680 2220 704 2241 ι.
743 2211 813 2241 Sat.

117 2271 191 2302 cap.
210 2265 260 2293 17.
292 2263 336 2293 Et
354 2261 415 2293 Lil.
431 2261 546 2302 Gyral.
571 2261 624 2292 De
641 2260 716 2291 Diis
733 2270 813 2300 gen-

119 2311 225 2342 tium!
252 2312 349 2343 Idem.

161 2360 173 2380 f
191 2361 324 2403 Sacelln]
351 2362 389 2393 C.
416 2361 600 2392 Trebatius
626 2360 683 2392 lib.
709 2369 748 2391 11.
770 2360 813 2390 de

119 2411 333 2452 religionibus
360 2412 448 2452 apud
473 2412 562 2443 Gen.
585 2412 642 2443 lib.
667 2420 716 2442 Π.
739 2420 813 2450 cap.

120 2465 170 2492 12.
215 2461 383 2493 Sacellum
406 2467 458 2493 est
479 2464 570 2493 loeus
597 2471 718 2501 parvus
737 2461 812 2492 Deo

120 2518 272 2543 sacratus
290 2523 364 2543 cum
385 2523 452 2544 ara.
468 2513 546 2544 Ant.
565 2513 649 2552 Aug.

160 2563 277 2594 Sucella
305 2563 464 2602 dicuntur]
500 2563 632 2594 Sacella
654 2562 813 2593 dicuntur

119 2618 280 2653 consepta
295 2613 369 2660 loca
386 2623 460 2652 quae
476 2612 705 2643 tantummodo
718 2621 813 2643 muro

122 2665 235 2695 clausa
255 2668 344 2695 sunt.
387 2663 467 2694 Sine
493 2668 606 2693 tecto:
631 2663 710 2703 quia
726 2663 812 2693 scili-

122 2720 176 2746 cet
190 2716 312 2756 saepius
326 2719 424 2746 erant
437 2712 618 2753 fulgurita:
640 2712 713 2744 vide
727 2711 813 2743 infra

863 1405 895 1436 in
919 1405 928 1421 ‘
943 1401 1112 1434 Scribonii
1131 1398 1268 1441 puteal!
1293 1398 1373 1429 Dae.

906 1459 921 1481 g
943 1453 1038 1484 Sacer
1052 1451 1150 1491 mons]
1173 1450 1252 1483 Jovi
1267 1450 1563 1480 consecraverunt,

864 1503 1066 1543 Dionysius:
1092 1501 1157 1531 ἐπεὶ
1183 1498 1216 1531 δὲ
1237 1499 1338 1529 ταῦτα
1357 1495 1562 1537 ἐψηφίσαντο,

861 1552 968 1591 βωμὸν
981 1550 1216 1583 κατεσκεύασαν
1232 1549 1282 1580 ἐπὶ
1306 1549 1363 1585 τῆς
1390 1546 1564 1587 ἀκρωρείας,

864 1604 898 1633 ἐν
913 1600 937 1644 ᾗ
951 1599 1307 1642 κατεστρατοπέδευσαν,
1322 1598 1358 1628 ὃν
1374 1596 1423 1628 ἐπὶ
1436 1597 1493 1628 τοῦ
1508 1608 1563 1626 κα-

862 1652 1037 1692 τασχόντος
1063 1651 1173 1682 αὐτοὺς
1196 1649 1338 1688 δείματος
1351 1646 1425 1677 τότε
1447 1645 1563 1684 ὠνόμα·

864 1715 934 1744 σαν,
950 1704 989 1735 ὡς
1006 1703 1025 1741 ἡ
1044 1702 1169 1741 πάτριος
1185 1701 1284 1731 αὐτῶν
1300 1696 1441 1736 σημαίνει
1456 1698 1562 1735 ’γλῶσ-

865 1766 917 1792 σα,
949 1754 1011 1785 διὸς
1034 1751 1215 1791 δειματείου.
1245 1748 1269 1789 ᾧ
1291 1747 1396 1779 θυσίας
1423 1745 1561 1777 ἐπιτελέ-

865 1816 988 1844 σαντες,
1013 1803 1063 1835 καὶ
1077 1803 1131 1834 τὸν
1149 1798 1370 1840 ὑποδεξάμενον
1387 1797 1495 1828 αὐτοὺς
1509 1797 1564 1828 τό·

864 1866 922 1885 πον
938 1854 1018 1894 ἱερὸν
1033 1852 1167 1891 ἀνέντες,
1181 1848 1338 1891 κατῄεσαν
1360 1847 1401 1879 εἷς
1427 1848 1485 1884 τὴν
1506 1846 1562 1877 πό-

864 1910 915 1935 λιν
943 1903 1004 1943 ὁίμα
1031 1905 1097 1934 τοῖς
1129 1901 1288 1943 πρέσβεσι.
1336 1900 1433 1939 Legis
1459 1903 1564 1939 caput

863 1955 938 1987 fuit.
963 1964 1062 1989 va.
1088 1962 1231 1985 MATER.
1255 1960 1376 1984 FAXi'r.
1392 1959 1480 1981 CVM.
1505 1959 1565 1980 PE-

865 2014 993 2039 QVNlA·
1035 2011 1278 2036 FAMILIAQVE.
1313 2009 1438 2032 SACER.
1476 2009 1563 2031 ESTO

865 2066 930 2088 εει.
960 2065 1053 2090 Qvns.
1083 2064 1148 2087 EM.
1175 2062 1322 2085 ocelsrr.
1361 2059 1563 2082 PAR1CE1DA

866 2116 945 2138 Nnc.
959 2115 1057 2137 ESTo.
1103 2104 1282 2146 Dionysius
1299 2114 1308 2134 ε
1332 2103 1385 2134 ἐὰν
1396 2101 1430 2132 δέ
1441 2113 1488 2132 τις
1502 2103 1564 2132 τῶν

866 2154 1119 2197 ἀπηγορευμένων
1133 2168 1164 2186 τι
1186 2153 1309 2195 ποιήσῃ,
1336 2152 1497 2192 ἐξάγιστος
1516 2151 1566 2182 ἔσ-

865 2220 919 2246 τω,
931 2207 981 2238 καὶ
995 2206 1036 2237 τὰ
1050 2206 1196 2247 χρήματα
1208 2205 1302 2236 αὐτοῦ
1315 2204 1478 2243 Δήμητρος
1489 2200 1564 2243 ἱερά.

865 2259 915 2290 καὶ
942 2260 958 2289 ὁ
980 2257 1100 2289 κτείνας
1120 2256 1189 2288 τινὰ
1208 2258 1268 2286 τῶν
1286 2256 1386 2286 ταῦτα
1401 2252 1563 2295 εἰργασμέ-

864 2323 933 2347 νων,
960 2310 1057 2351 φόνου
1078 2308 1208 2348 καθαρὸς
1232 2307 1324 2339 ἔστω.
1369 2307 1465 2338 Idem
1490 2309 1566 2337 erat

866 2368 913 2402 et,
940 2371 988 2392 SE.
1006 2370 1139 2392 FRVDE.
1167 2368 1244 2390 SVA.
1271 2367 1409 2389 Licwro.
1437 2362 1486 2395 nt,
1516 2357 1564 2387 ‘si

866 2414 939 2453 quis
968 2412 1010 2442 im
1035 2411 1192 2442 occidere
1217 2410 1312 2448 velit,
1329 2419 1363 2438 se
1390 2407 1487 2438 frude
1504 2417 1564 2437 sua

865 2462 999 2493 licetoz’
1022 2466 1068 2497 et,
1091 2461 1183 2491 ‘sine
1200 2459 1335 2499 capitali
1352 2467 1439 2488 noxa
1456 2461 1529 2487 esto
1542 2456 1563 2487 ε’

868 2519 915 2551 et,
941 2513 1032 2552 ‘jure
1049 2521 1157 2542 cassus
1172 2512 1268 2540 estol
1281 2510 1349 2539 Jos.
1367 2507 1447 2538 Scal.

910 2563 1006 2593 Sacer
1022 2571 1103 2592 mons
1126 2558 1311 2600 appellatur]
1341 2558 1349 2573 ‘
1364 2557 1403 2586 In
1431 2564 1562 2585 sacrum

867 2618 1014 2643 montem
1050 2611 1226 2641 secessisse
1265 2614 1357 2639 trans
1396 2605 1562 2635 Anienem

867 2670 1010 2695 amnem,
1036 2660 1102 2690 tria
1130 2659 1171 2689 ab
1199 2658 1282 2689 urbe
1310 2655 1461 2686 milliaria
1487 2664 1560 2693 paea

866 2709 984 2742 suuni!
1030 2709 1100 2740 Liv.
1117 2708 1173 2739 lib.
1191 2717 1230 2739 11.
1247 2711 1329 2738 sect.
1348 2708 1399 2736 32.
1428 2705 1504 2735 Dor,
