1876 3025
292 138 353 167 nn
387 136 662 167 VERBORUM
696 135 1112 166 smmmcrmwn
1149 136 1246 166 mn.
1278 136 1383 166 xvr.
1471 126 1555 168 773

113 232 408 275 Rudnsculana
423 240 550 288 porta
577 231 738 273 videtur
758 231 982 287 appellata,
1014 230 1136 285 quod
1169 230 1282 271 rudis
1313 239 1350 272 et
1399 231 1563 285 [FEST,

164 301 349 356 impolita
367 301 418 342 sit
437 301 591 350 relicta,
605 301 670 342 vel
684 301 781 356 quia
805 314 893 342 aere
908 298 1176 356 z·z'nctafuit;
1197 315 1292 339 nam
1314 316 1379 350 aes,
1397 308 1439 341 uc
1458 298 1563 341 Var-

166 386 210 411 ro
238 370 298 411 ait
319 370 362 410 in
382 369 484 410 libro
505 369 808 425 antiquitatum
833 368 978 411 Rodus
1008 367 1223 409 dicebatur
1246 383 1257 407 .-
1288 375 1410 424 atque
1440 383 1486 410 ετ
1517 384 1559 410 eo

167 439 248 479 dici
268 439 311 479 in
330 437 626 493 mmaeipando,
652 437 888 479 Rodusculo
913 435 1222 493 libramferito.

113 507 266 549 ΙίαηαΓ
292 521 420 563 genus
451 507 525 548 leli
558 506 745 548 Ennius.-
776 512 927 546 runata
951 505 1114 557 recedit,
1142 505 1188 546 id
1220 512 1290 556 esc,
1311 504 1479 560 pilata:
1509 512 1566 546 est

171 590 310 631 genus
331 582 437 617 etam
482 607 492 616 .

744 643 861 684 enim
917 672 926 681 .

618 744 628 754 .
689 712 829 765 inatq

490 814 499 822 .
559 781 716 823 dvene
779 812 787 821 .
847 780 925 821 ⁷16⁶

743 863 812 890 us.
834 849 899 889 M.

825 915 997 959 Valerio

116 989 293 1042 Rogat‚⁵
312 992 379 1030 est
399 988 587 1029 consulit
607 988 837 1042 populum,
851 987 923 1027 vel
943 987 1056 1040 petit
1078 987 1134 1027 ab
1156 999 1227 1036 eo,
1249 992 1299 1027 ut
1317 985 1362 1027 id
1385 986 1569 1037 sciscat,

176 1057 296 1112 quod
328 1057 468 1098 ferat:
499 1056 614 1098 unde
651 1069 730 1097 nos
762 1068 940 1109 quoque
959 1055 1003 1095 in
1024 1055 1345 1096 consuetudine
1362 1055 1574 1096 habemus

175 1139 257 1181 pro
279 1129 441 1180 petere,
461 1128 502 1165 et
523 1137 660 1165 orare.
721 1123 835 1165 Cato
856 1124 899 1164 in
922 1122 1222 1173 dissuasione,
1245 1137 1300 1164 ne
1322 1123 1398 1164 lex
1418 1123 1576 1166 Baebia

179 1194 471 1247 derogaretur,
494 1193 580 1234 ait:
611 1192 696 1234 hoc
720 1192 868 1246 potius
891 1205 1032 1246 agam,
1055 1191 1175 1246 quod
1198 1191 1270 1233 hic
1292 1197 1430 1245 rogat.

123 1262 285 1315 Rogat,
305 1266 373 1303 est
390 1261 575 1302 consulit
596 1260 824 1315 populum,
840 1259 911 1302 vel
934 1259 1038 1313 petit
1060 1259 1116 1300 ab
1147 1272 1214 1310 eo,
1242 1262 1290 1300 ut
1317 1259 1362 1301 id
1393 1260 1573 1314 [PAUL.

181 1331 362 1380 sciscat,
379 1329 499 1384 quod
520 1330 645 1371 ferat.

124 1399 318 1453 Rogatio
353 1405 437 1450 est,
471 1412 568 1440 cum
599 1398 796 1452 populus
832 1398 1075 1439 consulitur
1119 1397 1174 1439 de
1206 1410 1292 1439 uno
1322 1397 1577 1452 pluribusve

180 1468 441 1518 hominibus,
464 1466 585 1522 quod
605 1480 692 1508 non
715 1466 770 1508 ad
793 1479 946 1508 omnes
968 1467 1202 1521 pertineat3
1234 1471 1278 1508 et
1300 1465 1354 1507 de
1374 1479 1461 1507 una
1479 1465 1580 1520 plu-

181 1537 356 1578 ribusve
378 1536 524 1581 rebus,
539 1534 592 1576 de
606 1535 782 1590 quibus,
800 1547 887 1576 non
903 1534 957 1576 de
977 1535 1179 1577 omnibus
1198 1535 1442 1577 sanciatur:
1464 1546 1579 1585 nam,

724 1677 761 1690 Ν
764 1677 963 1690 OOOOOOOO

173 1770 192 1797 6
217 1766 301 1798 Ead.
318 1767 371 1799 ed.
386 1767 466 1807 quod
482 1776 593 1798 veneno
610 1765 782 1806 tingebant.

788 1891 928 1924 NOTAE

131 1968 196 2002 Qui
215 1967 376 2000 Varronis
400 1968 492 1999 locus
515 1968 596 1999 satis
619 1976 677 1999 eos
695 1965 834 2008 refellit,

887 1967 990 1999 sianis
1006 1971 1205 1999 constanter
1217 1968 1328 2008 pilata.
1355 1967 1462 2009 Runa,
1486 1969 1540 1999 vel
1567 1978 1587 2000 a

131 2020 186 2061 qui
214 2024 344 2060 portam
366 2018 603 2050 raudusculam
627 2018 770 2050 eandem
797 2023 834 2050 et

886 2022 1095 2059 ruo‚sterno‚
1119 2019 1171 2050 ve!
1193 2017 1294 2059 ειρύω,
1309 2024 1419 2051 tueor.
1465 2019 1589 2051 Marti-

131 2073 285 2105 Naeviam
303 2071 428 2103 dictam
444 2070 550 2102 fnisse
572 2070 736 2111 scriptum
756 2070 834 2101 reli·

132 2133 246 2165 quere.
290 2123 347 2154 Sic
363 2127 482 2163 aperte
499 2121 677 2162 distinguit
694 2121 736 2152 P.
753 2121 834 2152 Vic-

133 2179 186 2206 tor
217 2174 251 2205 in
278 2172 506 2213 descriptione
531 2172 623 2203 urbis
653 2172 684 2202 in
709 2174 741 2202 2.
766 2181 836 2212 reg.

135 2226 229 2257 vicus
253 2229 363 2266 portae
387 2224 634 2259 rodusciilanae,
650 2223 743 2254 vicus
761 2232 836 2264 por-

137 2281 181 2308 tae
221 2276 363 2308 Naeviae.
411 2276 517 2306 Porro
555 2275 836 2305 raudusculanam

137 2332 271 2367 portam
296 2331 433 2358 aeratam
454 2324 559 2357 fuisse
587 2331 733 2357 testatur
758 2326 836 2357 Val.

138 2378 281 2409 Maxim.
299 2377 358 2409 lib.
383 2387 419 2409 v.
433 2388 506 2419 cap.
522 2381 553 2409 6.
577 2377 658 2409 Dae.

179 2433 194 2448 Τ
220 2429 327 2469 Runa]
360 2429 485 2460 Runam
511 2429 757 2469 interpretatur
788 2428 838 2469 pi-

140 2480 265 2519 lnm‚et
279 2483 436 2519 runatam,
450 2480 600 2520 pilatam.
622 2479 773 2517 Isidorus
790 2485 838 2512 ta—

142 2539 218 2561 men
244 2535 279 2560 et
300 2530 426 2570 Papias
455 2540 576 2567 ranam,
604 2540 765 2572 pugnam,
803 2536 840 2562 et

139 2585 296 2616 runatam,
334 2581 523 2622 praeliatam
560 2574 840 2622 interpretantur.

143 2633 185 2663 In
212 2632 296 2663 Mss.
331 2631 435 2662 etiam
468 2631 568 2662 Pauli
595 2632 695 2663 codd.
741 2633 841 2664 Voss.

143 2683 308 2723 seriptum
323 2686 470 2714 testatur
497 2682 640 2722 praeliata
656 2693 716 2724 pro
730 2684 841 2724 pilata.

145 2735 213 2767 Sed
230 2734 367 2766 frustra.
402 2732 443 2764 111
460 2732 591 2765 schedis
606 2733 695 2765 enim
722 2734 845 2766 Fame·

888 2071 975 2103 nius.
1021 2071 1107 2104 Quae
1131 2076 1319 2112 sequuntur
1344 2071 1446 2112 plane
1471 2071 1589 2113 deplo-

891 2126 964 2154 rata
977 2128 1078 2154 sunt:
1102 2122 1238 2154 videtur
1255 2122 1380 2153 dixisse
1397 2123 1518 2154 Festus
1534 2133 1590 2154 ru·

890 2182 967 2204 nam
985 2173 1086 2204 etiam
1101 2172 1203 2204 fuisse
1228 2182 1335 2213 genus
1353 2173 1488 2214 sagittae
1518 2173 1589 2205 sive

890 2225 950 2256 teli
966 2224 1055 2267 quod
1072 2234 1203 2256 veneno
1219 2224 1406 2265 ungebant.

891 2296 1151 2307 ...........
1176 2274 1591 2308 enim..........·..

893 2347 1156 2359 ...........
1182 2326 1591 2366 inatque..........

895 2399 1035 2410 ......
1051 2378 1132 2418 quud
1157 2386 1272 2408 veneno
1301 2377 1588 2417 tingebant.....

894 2450 1152 2462 ...........
1176 2429 1592 2461 usM...........

892 2500 1131 2512 ..........
1163 2479 1289 2511 Valerio
1314 2479 1578 2511 ......Idem.

937 2534 947 2550 ⁸
970 2530 1093 2570 Rogat]
1131 2530 1357 2569 Rogationum
1402 2529 1593 2560 communia

895 2581 999 2612 verba
1010 2585 1118 2621 erant,
1130 2581 1140 2596 ‘
1153 2579 1289 2618 velitis,'
1304 2579 1467 2619 ‘jubeatis
1482 2579 1595 2612 Quiri-

895 2631 969 2663 tes.’
1014 2631 1114 2664 Quod
1146 2630 1173 2661 si
1210 2629 1479 2669 respondissent,
1516 2633 1523 2646 ‘
1542 2630 1592 2661 uti

896 2682 1007 2723 Rogas
1023 2680 1043 2714 ε’
1068 2681 1123 2712 lex
1140 2684 1228 2711 erat.
1252 2678 1349 2709 Idem.
