1876 3025
404 197 541 229 FESTl
577 196 640 227 DE
675 195 819 225 VERB-
859 193 1044 225 SlGNlF.
1083 192 1178 222 LlB.
1214 192 1300 222 XV.

1489 181 1574 222 693

173 296 346 345 dicitur,
363 294 438 337 ubi
457 293 654 348 reposita
676 296 795 342 sunt,
810 304 910 346 quae
931 289 1079 332 solent
1106 289 1212 331 boni
1243 287 1403 330 ominis
1436 288 1575 340 gratia

174 366 218 406 in
235 364 340 406 urbe
360 360 586 405 condenda
609 358 936 413 adhiberi,quia
952 370 1065 398 saxo
1077 356 1275 398 munitus
1296 360 1362 398 est
1378 354 1507 396 initio
1532 354 1575 394 in

779 505 918 538 NOTAE

113 596 230 633 fnisse,
247 600 281 627 et
299 595 375 627 inde
387 604 573 637 cognomen
583 595 721 626 ductum
739 592 822 625 fuis-

115 657 164 687 se,
193 646 368 678 scribunt:
393 651 429 678 ut
458 646 633 679 Quadrata
649 646 755 676 Roma
772 644 821 676 di-

116 702 266 736 ceretur,
283 696 361 727 urbs
379 696 487 737 prima
510 696 541 727 iu
560 695 710 727 Palatini
727 704 820 726 mon·

118 748 159 779 tis
184 747 323 779 radicib.
351 747 502 787 pomerio
532 746 638 777 ducto
668 745 820 777 condita.

117 798 204 830 Vide
221 799 330 830 Tacit.
347 798 404 829 lib.
423 807 490 830 xil.
536 798 592 829 Ita
619 796 720 828 Ennii
747 805 819 827 car-

115 859 192 880 men
210 849 449 891 intelligerem,
475 849 502 880 si
532 859 592 890 per
616 847 818 889 Pompeium

115 902 249 933 liceret.
294 899 393 933 Quod
417 910 496 932 vero
512 900 571 938 ait,
590 904 669 931 ante
686 898 819 939 Apolli-

116 951 166 982 nis
190 951 299 982 locum
321 950 489 992 quendam
516 951 563 982 ita
579 949 759 991 appellari,
783 948 817 979 id

116 1002 329 1033 translaticio
371 1002 507 1032 nomine
545 1001 675 1033 dictum
712 999 817 1031 fuisse

115 1052 332 1084 crediderim.
356 1053 435 1084 Ant.
447 1052 535 1092 Aug.

158 1105 322 1140 Quadrata
338 1103 454 1144 Roma]
480 1103 548 1135 Hic
564 1102 699 1134 omnino
717 1102 817 1133 intel·

114 1156 268 1196 ligendus
286 1160 337 1186 est
354 1155 448 1187 locus
463 1155 518 1185 ille
536 1164 634 1196 (ritem
653 1153 816 1185 Romulus

115 1205 178 1237 sibi
194 1206 335 1237 munivit
363 1205 396 1236 in
418 1215 547 1236 summo
576 1205 704 1246 palatio
722 1209 816 1236 ante·

115 1267 214 1300 quam
237 1258 355 1289 urbem
381 1257 558 1289 conderet.
604 1257 735 1288 Solinus
765 1261 818 1287 ta·

114 1317 189 1339 men
207 1308 324 1339 urbem
342 1308 449 1349 ipsam
460 1309 599 1339 Romam
617 1307 817 1350 quadratam

115 1358 218 1390 dicit:
258 1363 266 1376 ¹
283 1359 448 1395 Romam,’
480 1359 603 1400 inquit,
642 1365 649 1376 “
663 1358 817 1390 condidit

117 1409 290 1450 Romulus,
313 1411 377 1442 διο.
402 1409 563 1450 dictaque
594 1413 647 1440 est
672 1408 816 1449 primum

115 1458 222 1490 Roma
239 1459 516 1500 quadrata‚quod
531 1459 572 1489 ad
590 1458 817 1500 aequilibrium

114 1507 205 1540 foret
221 1509 357 1549 posita)
398 1509 466 1540 Sed
488 1509 581 1540 illum
610 1508 742 1540 abunde
765 1518 818 1540 re-

115 1558 203 1590 fellit
222 1560 312 1591 locus
325 1560 388 1591 iste
401 1560 508 1599 Festi,
523 1559 619 1600 cujus
632 1564 733 1590 aetate
750 1559 816 1590 Ro-

114 1620 202 1642 mam
220 1611 310 1642 illam
329 1611 529 1652 quadratam
546 1611 579 1641 in
602 1620 731 1641 summo
758 1620 816 1651 pa·

113 1661 198 1693 latio
215 1663 370 1693 extitisse
387 1661 602 1693 manifestum
620 1667 683 1692 est.
728 1661 816 1692 Illud

115 1716 230 1744 tamen
258 1714 359 1752 vulgo
383 1712 552 1743 creditum
581 1721 694 1742 ansam
721 1711 817 1743 dedit

116 1763 223 1794 errori
251 1773 379 1803 eorum,
407 1763 463 1803 qui
481 1761 608 1793 veteris
626 1761 746 1793 Romae
764 1768 817 1803 ty-

116 1823 195 1854 pum
208 1812 376 1854 quadrata
385 1812 492 1852 figura
506 1812 602 1843 nobis
615 1812 817 1845 obtrudunt.

113 1863 182 1895 Sed
199 1873 312 1905 operae
337 1863 486 1904 pretium
513 1863 579 1894 erit
609 1863 662 1893 liic
689 1872 816 1902 ponere

115 1913 252 1946 doctiss.
277 1913 761 1945 Salmasiicommentationem
772 1913 815 1944 ad

116 1965 222 1997 verba
241 1966 368 2000 SoJini:
398 1965 483 1996 dicit
512 1964 566 1996 hic
589 1964 727 1996 Solinus
745 1964 814 1996 Ro-

114 2027 201 2048 mam
219 2027 239 2048 a
253 2017 397 2048 Romulo
413 2015 586 2047 conditam
602 2014 816 2057 quadratam-

114 2076 179 2107 que
191 2068 315 2099 dictam
325 2066 430 2098 fuisse
439 2066 530 2108 quod
541 2066 582 2097 ad
592 2066 813 2107 aequilibrium

114 2116 206 2150 foret
221 2119 353 2160 posita:
369 2118 488 2158 quibus
501 2117 611 2149 verbis
623 2122 719 2158 patet
737 2127 814 2148 eum

114 2169 325 2210 intelligere,
346 2175 452 2201 totam
471 2169 586 2200 urbem
600 2169 719 2200 Romae
732 2178 814 2210 qua·

113 2220 179 2252 lem
192 2222 355 2253 Romulus
364 2219 533 2259 condidit,
545 2220 749 2261 appellatam
763 2229 815 2251 es-

116 2280 151 2302 se
165 2272 381 2313 quadratam,
397 2281 463 2312 qua
479 2272 512 2302 in
529 2281 564 2302 re
581 2269 815 2302 manifestarie

113 2320 218 2354 falsus
234 2321 517 2364 deprehenditur,
533 2326 569 2352 et
592 2331 634 2352 ex
659 2321 815 2362 antiqua-

114 2373 173 2404 riis
191 2374 313 2405 nostris
326 2373 480 2414 plerique
494 2372 551 2414 qui
565 2373 613 2404 ita
626 2378 815 2404 senserunt.

116 2424 204 2454 Nam
221 2425 313 2456 locus
330 2424 449 2455 Romae
465 2425 512 2455 ita
534 2424 647 2456 dictus
664 2424 698 2455 in
715 2425 814 2455 Pala-

116 2476 189 2507 tino
222 2477 307 2508 colle
338 2487 357 2508 a
384 2477 530 2509 Romulo
561 2476 751 2508 aedificatus
780 2477 814 2508 in

115 2526 313 2567 quadratam
351 2528 500 2568 speciem
537 2527 698 2567 munitus,
725 2527 815 2559 unde

115 2580 152 2607 et
175 2577 184 2592 ⁴
201 2577 307 2607 Roma
322 2577 512 2617 quadrata‚’
540 2578 602 2609 hoc
625 2583 690 2617 est,
704 2576 814 2618 τετρά-

113 2637 213 2664 ’γωνος
238 2632 290 2657 est
315 2627 519 2667 appellatus.
570 2628 685 2668 Longe
712 2628 815 2669 igitur

115 2682 231 2708 errant
257 2676 319 2707 viri
347 2676 453 2717 docti,
479 2677 536 2717 qui
561 2677 716 2709 scribunt
743 2679 813 2709 Ro-

116 2736 201 2758 mam
220 2737 238 2758 a
255 2727 398 2758 Romulo
426 2726 625 2767 quadratam
642 2729 813 2760 conditam

114 2777 232 2819 fuisse,
249 2784 284 2810 et
299 2777 378 2810 inde
399 2787 588 2819 cognomen
613 2779 751 2811 ductum
778 2785 814 2811 ut

874 592 883 609 ‘
897 592 1064 634 quadrata
1103 589 1229 622 Roma'
1278 589 1467 626 diceretur,
1497 588 1576 619 urbs

874 644 983 685 prima
1010 643 1042 673 in
1067 641 1216 673 Palatini
1245 639 1369 671 montis
1404 639 1577 670 radicibus

873 693 1035 735 pomoerio
1067 692 1172 723 ducto
1198 690 1351 722 condita.
1397 689 1463 721 Sed
1491 690 1575 721 Soli-

872 755 963 785 num,
980 755 999 775 a
1013 754 1078 785 quo
1095 743 1128 774 in
1146 751 1294 774 errorem
1313 741 1574 773 inductividen-

870 799 938 831 tur,
974 794 1147 835 corrigere
1185 792 1297 834 potius
1329 796 1365 822 et
1411 792 1574 823 insectari

871 856 972 888 quam
990 846 1085 887 sequi
1104 844 1307 876 debuerunt.
1352 843 1503 874 Primum
1527 844 1575 873 lo·

871 907 930 929 cus
955 897 1024 937 ille,
1041 897 1097 938 qui
1114 897 1231 928 Romae
1257 895 1432 937 quadratae
1454 905 1575 927 nomen

868 948 999 984 habuit,
1038 957 1106 979 uon
1143 947 1177 978 in
1220 946 1395 978 radicibus
1425 946 1577 977 Palatini

869 999 1003 1037 montis,
1020 998 1077 1029 sed
1098 998 1129 1029 in
1148 998 1222 1038 ipso
1238 1001 1352 1028 monte
1367 997 1576 1029 constitutus

869 1055 904 1081 ct
922 1049 1081 1080 munitus.
1125 1047 1263 1079 Deinde
1289 1052 1440 1079 structus
1468 1045 1532 1078 fuit
1558 1058 1577 1078 a

869 1102 1012 1133 Romulo
1049 1101 1247 1142 priusquam
1275 1100 1351 1130 urbi
1385 1099 1576 1131 condendae

869 1151 1012 1183 duceret
1025 1151 1168 1191 sulcum,
1187 1160 1262 1181 cum
1281 1149 1391 1180 adhuc
1408 1149 1498 1180 inter
1510 1148 1577 1180 fra-

868 1208 939 1233 tres
951 1201 1080 1233 deloco
1094 1201 1150 1233 ubi
1161 1200 1240 1232 urbs
1253 1205 1438 1242 poneretur
1448 1200 1579 1232 dividia

869 1263 908 1284 ac
925 1258 1099 1285 certamen
1117 1257 1219 1283 esset.
1260 1251 1433 1283 Plutarch.
1450 1251 1483 1282 in
1507 1252 1579 1283 vita

869 1305 1004 1336 Romuli
1017 1314 1025 1335 ε
1051 1302 1206 1342 Ῥωμύλος
1221 1302 1277 1341 μὲν
1289 1300 1343 1334 οὖν
1353 1301 1412 1339 τὴν
1424 1302 1577 1340 καλουμέ-

868 1367 924 1393 νην
942 1355 1061 1394 Ῥώμην
1077 1353 1280 1395 κουαδράτην,
1298 1354 1372 1395 ὅπερ
1384 1353 1451 1386 ἐστὶ
1466 1354 1578 1395 τετρά·

868 1420 970 1447 ’γωνον
988 1407 1103 1448 ἔκτισε,
1125 1407 1175 1439 καὶ
1201 1407 1319 1439 ἐκεῖνον
1340 1406 1491 1442 ἐβούλετο
1512 1406 1576 1436 κτί-

868 1459 931 1499 ζειν
945 1459 1002 1491 τὸν
1023 1459 1131 1491 τόπον.
1165 1459 1280 1497 Ῥῶμος
1300 1458 1332 1490 δὲ
1345 1457 1460 1498 χωρίον
1473 1470 1504 1489 τι
1520 1458 1577 1489 τοῦ

868 1511 1047 1547 Ἀβεντῖνον
1071 1509 1234 1550 καρτερὸν,
1258 1509 1276 1540 ’ὸ
1306 1509 1344 1540 δι’
1368 1510 1489 1540 ἐκεῖνον
1518 1508 1577 1547 μὲν

867 1561 1030 1602 ὠνομάσθη
1066 1561 1224 1601 Ῥεμορία,
1262 1561 1316 1592 νῦν
1345 1559 1377 1591 δὲ
1410 1558 1578 1600 Πιγνάριον

867 1615 1021 1649 καλεῖται,
1063 1614 1072 1630 ‘
1091 1613 1253 1644 Romulus
1287 1611 1394 1652 igitur
1432 1611 1576 1643 Romam

868 1665 1082 1707 quadratam,
1109 1663 1143 1694 id
1166 1669 1234 1703 est,
1251 1662 1574 1704 quadrangularem,

869 1715 1038 1754 condidit,
1055 1716 1234 1755 locumque
1251 1714 1345 1744 illum
1364 1713 1501 1744 volebat
1518 1722 1578 1744 ex-

869 1772 996 1798 truere.
1032 1766 1158 1796 Remus
1180 1774 1260 1795 vero
1277 1765 1387 1795 locum
1405 1763 1574 1805 quendam

868 1816 1031 1848 Aventini
1046 1817 1184 1851 montis,
1198 1816 1253 1857 qui
1269 1816 1362 1846 locus
1380 1815 1422 1846 ab
1434 1815 1492 1846 illo
1509 1816 1575 1846 Re-

867 1868 978 1898 muria
1006 1867 1117 1899 dictus
1149 1871 1214 1905 est,
1241 1871 1277 1897 et
1315 1875 1404 1897 nunc
1434 1870 1576 1897 vocatur

867 1917 1092 1960 Pignarium.'
1137 1918 1291 1959 Uterque
1334 1917 1429 1948 locus
1469 1917 1572 1948 etiam

866 1971 985 2003 Romae
1007 1969 1149 2001 extabat
1166 1974 1322 2009 tempore
1339 1968 1573 2009 Victoris,qui

867 2021 901 2052 in
919 2021 1053 2052 decima
1071 2020 1211 2061 regione
1233 2018 1339 2054 urbis,
1362 2017 1426 2050 hoc
1452 2024 1515 2054 est,
1540 2019 1573 2050 in

866 2073 1015 2110 Palatio,
1028 2074 1037 2090 ‘
1053 2073 1192 2103 Romam
1210 2070 1412 2112 quadratam
1427 2069 1435 2082 ’
1450 2071 1548 2111 pouit
1563 2082 1572 2101 τ

867 2123 907 2154 In
936 2123 1067 2155 decima
1096 2122 1197 2154 tertia
1220 2122 1252 2153 in
1282 2121 1455 2153 Aventino
1482 2122 1573 2153 ‘Re-

866 2175 1032 2206 muriam.’
1054 2173 1142 2204 Vide
1160 2173 1298 2204 Festum
1317 2173 1351 2203 in
1368 2174 1377 2189 ‘
1390 2173 1573 2204 Remonius

867 2224 972 2266 ager!
995 2225 1052 2256 Sic
1069 2229 1104 2256 et
1121 2225 1214 2255 locus
1230 2224 1262 2254 in
1281 2223 1440 2254 Palatino
1456 2227 1572 2254 monte

868 2286 888 2307 a
919 2275 1063 2308 Romulo
1115 2275 1149 2305 in
1179 2273 1381 2315 quadratam
1421 2273 1571 2314 speeiem

868 2330 1031 2360 structus,
1055 2324 1145 2355 unde
1167 2330 1202 2355 et
1227 2324 1301 2364 ipse
1325 2323 1368 2354 de
1393 2322 1572 2354 condenda

867 2376 952 2407 urbe
967 2375 1163 2416 auspicatus
1178 2378 1244 2414 est,
1267 2376 1275 2391 ‘
1292 2374 1400 2405 Roma
1426 2374 1571 2415 quadra·

868 2426 916 2458 ta’
930 2437 948 2458 a
964 2425 1100 2458 Romuli
1117 2425 1253 2457 nomine
1270 2430 1305 2456 et
1326 2423 1436 2456 forma
1461 2431 1572 2456 struc-

867 2483 964 2507 turae.
1023 2476 1139 2509 Quare
1165 2485 1231 2506 non
1259 2475 1365 2515 magis
1396 2474 1475 2506 urbs
1505 2474 1572 2506 fuit

867 2527 984 2558 Romae
1001 2527 1055 2558 illa
1070 2525 1251 2568 quadrata,
1273 2535 1372 2565 quam
1397 2525 1569 2557 Remuria.

867 2578 1002 2609 Etenim
1031 2576 1140 2608 adhuc
1166 2576 1210 2607 de
1239 2576 1321 2607 urbe
1338 2575 1518 2609 condenda
1533 2581 1569 2607 et

866 2629 909 2660 de
927 2629 1000 2659 loco
1025 2628 1117 2658 urbis
1144 2627 1401 2658 contendebant
1429 2626 1569 2661 fratres,

866 2689 941 2710 cum
957 2680 1032 2710 loca
1049 2679 1109 2709 illa
1125 2678 1212 2708 alter
1229 2678 1262 2708 in
1290 2677 1458 2711 Palatino,
1482 2677 1570 2707 alter

867 2732 899 2762 in
917 2730 1091 2762 Aventino
1101 2734 1215 2760 monte
1229 2727 1465 2759 condiderunt.
1485 2728 1568 2758 l’ost

866 2783 924 2814 illa
947 2791 1023 2813 cum
1054 2779 1310 2812 contentionem
1333 2787 1423 2809 suam
1455 2778 1565 2809 avium
