1876 3025
300 187 361 215 DE
395 183 661 215 VERBORUM
697 180 1099 213 SlGNlFlCATIONE
1135 180 1230 210 Lm.
1264 179 1392 208 xvll.

184 288 220 321 et
238 280 388 334 insipat
409 279 562 333 insipit

182 415 427 457 farinolam.

1480 168 1565 208 9:33

1424 340 1567 394 injicit

127 482 313 536 Supat¹0
342 482 471 537 jacit,
500 481 611 521 unde
644 480 847 533 dissipat,
881 477 1071 532 disjicit:
1105 482 1149 519 et
1170 478 1364 531 obsipat,
1387 476 1565 529 [PAUL.

183 549 361 603 objicit:
395 553 438 590 et
453 548 665 601 insipat,¹¹
688 547 769 587 hoc
792 549 875 596 est,
904 545 1061 599 injicit.

128 617 430 670 Supellectilis
448 615 463 638 ¹³
483 618 602 656 recto
625 627 748 663 casn,
770 618 813 654 et
836 614 953 654 senis
971 613 1136 654 ratione
1168 612 1371 654 diceban·
1402 612 1567 665 [FEST.

183 689 261 734 tur,
283 699 382 739 quae
403 698 518 726 nunc
556 683 774 725 contraria
809 682 1011 723 videntur
1039 694 1138 722 esse
1175 680 1355 722 finitioni
1386 692 1569 733 propor-

182 752 366 800 tionis‚¹2
390 753 494 806 quia
514 752 660 792 onmia
681 750 901 791 vocabula
918 763 950 790 x
970 749 1096 790 litera
1116 748 1254 794 finita,
1275 761 1354 803 per
1375 747 1568 788 declina-

183 820 324 861 tiones
359 820 626 873 obliquorum
661 830 842 858 casuum
883 816 1099 869 syllabam
1152 816 1389 869 accipiunt.

1449 814 1567 854 Haec

183 891 326 928 autem
360 888 445 928 duo
481 886 756 927 desciverunt
791 885 847 925 ab
877 897 943 934 ea,
973 888 1021 924 ut
1051 884 1142 924 alia
1171 883 1446 936 complura,¹³
1469 895 1566 934 quae

181 968 264 995 non
285 955 384 996 ideo
406 954 623 996 infirmare
642 953 796 994 debent
818 956 1106 1006 praeceptum.

127 1021 376 1075 Supercilia
391 1027 405 1044 ⁰
421 1022 464 1062 in
485 1021 670 1063 Junonis
692 1020 835 1061 tutela
855 1032 953 1060 esse
974 1019 1202 1072 putabant,
1228 1017 1344 1070 quod
1386 1016 1567 1069 [PAUL.

178 1089 234 1129 iis
255 1093 536 1143 protegantur
556 1088 692 1137 oculi,
714 1101 791 1141 per
812 1100 926 1141 quos
947 1086 1044 1127 luce
1072 1086 1307 1135 fruimur‚¹4
1338 1097 1468 1138 quam
1491 1084 1567 1124 tri-

181 1156 313 1198 buere
333 1157 555 1210 putabant
575 1156 603 1198 J
607 1169 790 1197 unonem
807 1168 817 1196 ε
849 1154 963 1195 unde
982 1158 1025 1194 et
1043 1153 1212 1194 Lucina
1233 1153 1350 1194 dicta
1368 1156 1451 1192 est.

129 1221 359 1276 Snpercilz'a
381 1223 423 1263 in
444 1223 633 1264 ,Iunonis
650 1221 776 1263 tulela
793 1219 1016 1275 putabant,
1038 1220 1080 1260 in
1097 1235 1175 1275 qua
1193 1219 1382 1261 dicuntur
1404 1219 1459 1272 [F
1469 1229 1568 1259 EST.

182 1289 384 1331 mulieres
418 1290 553 1341 etiam,
586 1289 694 1345 quod
722 1290 770 1330 iis
789 1294 1060 1344 protegantur
1093 1290 1224 1338 oculi,
1247 1301 1323 1342 per
1354 1301 1453 1341 quos
1486 1286 1569 1326 luce

169 1356 373 1411 fruimur,
396 1371 525 1412 quam
547 1359 706 1399 tribuat
728 1356 855 1399 Junv.

182 1439 263 1478 que
285 1424 395 1466 dicta
416 1424 591 1466 videtur.

914 1355 1027 1396 Unde
1048 1356 1135 1410 ipsa
1158 1354 1252 1396 Dea
1274 1355 1441 1396 Lucina
1459 1366 1570 1407 quo-

722 1565 961 1577 ue-oaeeaeaeaeeaeo

95 1689 99 1693 .
171 1666 209 1693 10
232 1663 294 1694 Vir
321 1663 411 1694 doct.
446 1663 477 1693 in
511 1673 617 1703 marg.
652 1663 804 1704 ejusdem
837 1663 890 1694 cd.
928 1663 1017 1703 conj.
1045 1662 1233 1693 &nah—ll
1260 1662 1342 1691 Vet.
1367 1659 1426 1690 lib.
1450 1659 1570 1698 insipit.

126 1709 210 1737 —12
234 1705 314 1737 Vet.
331 1706 404 1737 cod.
416 1706 668 1746 portionis.—l3
694 1706 746 1738 Id.
762 1707 825 1737 alta
840 1709 1091 1746 comptum—14
1114 1706 1193 1736 Vet.
1210 1704 1437 1741 lib.frmmcur.

775 1846 916 1878 NOTAE

125 1922 217 1962 pullis
243 1921 345 1960 injicit
363 1921 548 1959 farinulam.
604 1921 691 1953 Vide
716 1926 724 1939 ‘
743 1921 823 1952 insi-

127 1972 231 2013 pere.'
278 1973 398 2012 Neque
415 1982 495 2003 vero
512 1973 742 2004 doctissimum
761 1973 822 2002 Ur-

127 2024 235 2054 sinun]
250 2033 371 2061 sequor
383 2023 619 2063 quifarinolam
631 2022 824 2062 distinguit,

119 2074 176 2111 far
191 2074 223 2104 in
239 2074 329 2110 olum,
343 2074 421 2103 olam
439 2083 498 2113 pro
513 2075 617 2105 ollam.
642 2073 725 2104 Dae.

168 2123 181 2143 b
205 2123 427 2164 Supellectilis]
451 2124 561 2154 Senex
579 2124 679 2158 senis,
697 2124 821 2153 nullam

128 2175 286 2214 syllabam
305 2175 452 2214 accipit:
480 2176 632 2214 supellex
655 2176 822 2215 supellec-

130 2225 208 2263 tilis,
223 2225 306 2255 duas
329 2224 462 2264 recipit.
506 2225 594 2256 Vide
610 2224 741 2256 Charis.
766 2225 823 2256 lib.

128 2284 152 2305 1.
175 2275 253 2306 Ant.
270 2275 355 2313 Aug.

170 2325 390 2366 Supellectilis]
426 2324 485 2355 Ait
503 2325 620 2355 Festus
640 2325 823 2365 Supellecti-

128 2377 165 2407 lz's
181 2377 256 2406 olim
273 2382 306 2406 et
323 2376 415 2411 senis,
433 2385 491 2415 pro
508 2376 654 2414 supellex,
669 2380 703 2405 et
720 2385 824 2413 senex,

122 2426 202 2466 jure
224 2425 349 2456 dictum
372 2425 484 2459 fuisse,
510 2434 584 2465 quae
602 2424 667 2454 duo
685 2434 773 2454 nunc
791 2425 823 2454 in

128 2476 277 2515 genitivo
301 2485 382 2505 casu
407 2484 425 2504 a
450 2474 657 2504 nominativo
671 2475 821 2513 supellex,

128 2531 163 2556 et
187 2534 294 2563 senex,
317 2523 460 2554 finitioni
488 2523 714 2563 proportionis
741 2533 817 2554 con-

129 2577 233 2606 traria
249 2579 338 2608 suut,
362 2573 440 2613 quia
455 2573 565 2603 omnia
582 2572 742 2604 vocabula
759 2583 820 2613 per

128 2635 151 2655 a:
180 2623 372 2655 desinentia
405 2622 566 2662 syllabam
591 2633 690 2654 unam
721 2625 820 2654 ascis-

129 2679 222 2713 cunt,
240 2678 272 2704 at
288 2673 422 2712 supellex
438 2672 521 2703 duas
538 2672 674 2713 accipit,
698 2674 822 2704 nullam

130 2734 210 2756 vero
225 2734 329 2755 senex.
363 2722 451 2755 Haec
464 2727 516 2754 est
532 2723 626 2754 Festi
641 2725 822 2756 sententia.

875 1920 941 1951 Sed
959 1920 1046 1960 fugit
1063 1919 1155 1950 illum
1171 1929 1264 1950 senex
1286 1927 1383 1949 unani
1409 1918 1487 1948 olim
1505 1918 1570 1958 syl-

877 1971 987 2002 labam
1004 1971 1173 2001 ascivisse.
1219 1969 1305 2000 Nam
1325 1968 1453 2009 antiqui
1480 1967 1569 1999 dice-

877 2022 960 2052 bant
972 2030 1077 2058 senex,
1093 2020 1215 2050 senicis.
1239 2020 1329 2050 Dac.

918 2076 931 2091 ⁰
947 2069 1135 2110 Supercilia]
1156 2070 1262 2100 Varro
1277 2068 1332 2099 lib.
1346 2078 1394 2098 iv.
1412 2068 1454 2098 de
1471 2068 1569 2108 Ling.

876 2123 954 2152 Lat.
983 2120 1102 2151 eadem
1129 2119 1257 2150 scribit.
1301 2119 1367 2149 Sed
1395 2119 1483 2150 Plin.
1514 2119 1571 2150 lib.

878 2180 956 2202 ΧΠ.
981 2180 1012 2201 c.
1039 2173 1092 2202 44.
1118 2179 1138 2200 a
1161 2170 1239 2208 luco,
1267 2169 1417 2199 Lucinam
1443 2169 1571 2199 dietam

876 2230 951 2251 esse
972 2219 1158 2251 existimat.
1203 2219 1319 2249 Fuisse
1333 2224 1444 2249 autem
1460 2220 1571 2249 lucum

877 2282 917 2303 eo
929 2271 1010 2306 loci,
1026 2271 1134 2300 Varro
1150 2269 1268 2300 eodem
1285 2269 1370 2300 libro
1387 2274 1507 2310 quarto
1524 2268 1572 2299 af-

877 2322 1000 2353 firmat.
1015 2321 1093 2352 Ant.
1104 2320 1189 2359 Aug.

921 2370 1112 2411 Supercz'lia]
1156 2369 1251 2400 ldem
1289 2369 1397 2399 Varro
1433 2370 1490 2399 lib.
1523 2378 1572 2400 lv.

877 2423 885 2438 ‘
905 2422 1010 2452 Facta
1025 2421 1127 2459 igitur
1142 2419 1325 2459 ajuvando
1342 2424 1377 2449 et
1393 2420 1467 2449 luce
1482 2419 1572 2451 Juno

880 2472 1019 2510 Lucina,
1045 2481 1062 2500 a
1091 2479 1156 2510 quo
1185 2469 1354 2509 parientes
1379 2480 1452 2499 eain
1479 2470 1571 2500 invo-

877 2526 970 2552 cant.
1024 2520 1118 2550 Luna
1142 2520 1231 2553 enim
1258 2519 1463 2549 nascentium
1492 2519 1573 2557 dux,

877 2570 968 2612 quod
993 2578 1124 2601 menses
1149 2569 1248 2609 hujus
1270 2569 1385 2600 ducat.
1431 2569 1506 2599 Hoc
1525 2569 1571 2598 vi-

877 2621 967 2652 disse
980 2620 1134 2660 antiquos
1149 2625 1303 2660 apparet,
1314 2619 1400 2659 quod
1414 2619 1571 2648 mulieres

877 2672 1090 2713 potissimum
1118 2670 1300 2710 supercilia
1325 2679 1384 2700 sua
1407 2668 1569 2700 attribue-

879 2727 959 2753 runt
974 2720 1005 2753 ei
1024 2719 1129 2752 Deae.y
1153 2720 1233 2751 Dae.
