1876 3025
288 157 352 187 DE
385 152 658 185 VERBORUM
692 148 1101 182 sleNiricArloNE
1136 148 1233 179 mn,
1267 147 1375 178 xvi.
1483 135 1570 178 733

117 251 306 297 Redivia
327 251 423 293 sive
451 249 666 291 reluvium
684 247 698 271 ²³
725 247 900 297 dicitur,
922 258 1022 287 cum
1056 245 1173 286 circa
1203 256 1373 296 ungues
1396 243 1519 297 [ΡΜ]
1532 253 1572 284 1„

173 321 288 363 cutis
311 333 358 360 se
380 318 540 360 solvit:
572 317 677 371 quia
698 316 861 356 reluere
877 320 894 347 9
915 317 982 355 est
999 312 1187 354 solvere.

119 389 388 431 Redivivum
410 390 552 428 estex
574 389 748 426 vetusto
771 385 1045 424 renovatum.

118 453 423 498 Redivivumb
447 458 513 495 est
547 466 605 494 ex
645 455 822 493 vetusto
853 451 1124 491 renovatum.
1205 445 1362 486 Cicero
1402 445 1573 498 [FEST.

173 524 286 565 libro
310 522 451 577 primo
469 527 503 545 ¹0
535 522 578 562 in
598 519 777 561 Verrem
798 532 807 560 :
840 522 983 560 utrum
1007 513 1281 557 existimatis
1303 514 1442 554 minus
1465 526 1574 566 ope-

172 592 235 633 ris
258 604 359 632 esse
382 603 513 631 unam
533 589 780 630 columnam
802 585 973 627 efficere
998 584 1053 625 ab
1074 583 1244 635 integro
1266 593 1428 622 novam
1449 580 1568 620 nullo

174 659 324 713 lapide
338 658 557 699 redivivo.

120 727 322 770 Referric
346 727 462 767 diem
482 724 744 779 prodictam,
776 721 822 762 id
852 724 936 770 est,
968 718 1186 768 anteferri,
1212 715 1470 768 religiosum
1491 718 1574 764 est,

177 799 225 836 ut
245 795 308 836 ait
327 794 551 834 Veranius
584 792 627 832 in
652 804 721 840 eo,
744 790 821 843 qui
851 793 921 829 est
942 787 1249 841 auspiciorum
1279 784 1332 824 de
1366 783 1575 832 comitiis,

175 862 310 916 idque
345 861 551 915 exemplo
575 859 838 912 comprobat
858 856 909 897 L.
931 856 960 897 J
965 855 1059 903 ulii,
1080 857 1121 896 et
1142 853 1197 894 P.
1220 851 1380 893 Licinii
1410 849 1577 891 Censo-

150 959 152 961 -
178 943 286 981 rum,
305 931 380 984 qui
408 929 456 970 id
477 928 671 969 fecerunt
692 927 785 968 sine
805 925 898 966 ullo
931 924 1110 965 decreto
1135 933 1362 974 augurum,
1384 922 1427 960 et
1450 919 1508 960 ob
1531 917 1574 959 id

176 998 359 1039 lustrum
381 1010 535 1052 parum
554 996 666 1037 felix
686 995 829 1035 fuerit.

123 1065 302 1107 Refertd
324 1079 424 1107 cum
464 1065 665 1113 dicimus,
703 1075 846 1104 errare
881 1074 962 1103 nos
996 1060 1061 1102 ait
1086 1057 1303 1101 Verrius:
1335 1067 1429 1096 esse
1462 1053 1578 1094 enim

179 1137 345 1174 rectum
384 1133 447 1174 rei
475 1133 557 1173 fert
593 1131 744 1172 dativo
780 1129 969 1179 scilicet,
999 1141 1087 1170 non
1117 1126 1312 1168 ablativo
1345 1135 1467 1173 casu,
1500 1120 1580 1162 sed

182 1214 280 1242 esse
296 1201 390 1255 jam
409 1214 493 1242 usu
512 1211 789 1254 possessum.

168 1425 366 1501 ijettilip..
381 1426 611 1458 rediviam—9
634 1426 716 1458 Vet.
730 1425 790 1457 lib.
806 1425 1000 1456 duem—10
1023 1419 1086 1453 Vir
1110 1418 1201 1451 doct.
1225 1418 1260 1449 in
1285 1424 1394 1456 marg.
1415 1413 1468 1445 ed.
1491 1412 1581 1445 Scal.

126 1478 248 1510 conjici
298 1479 332 1500 er
348 1479 388 1501 ιο.

782 1540 924 1574 NOTAE

168 1608 182 1629 b
206 1608 408 1649 Redivivum]
445 1609 568 1641 Cicero
598 1609 631 1640 in
668 1609 827 1640 Praetura
882 1615 949 1640 sus,
966 1613 1049 1646 quos
1065 1609 1225 1634 censores
1241 1598 1343 1631 fuisse
1357 1607 1410 1630 an.
1429 1597 1471 1628 ab
1488 1596 1532 1627 U.
1544 1597 1582 1628 C.

126 1659 266 1699 urbana,
283 1660 340 1700 qui
354 1659 440 1690 liber
453 1664 505 1691 est
518 1660 640 1691 tertius
650 1659 826 1691 Verrinar.

128 1710 188 1741 sed
205 1710 333 1750 primus
349 1719 478 1750 eorum,
502 1720 585 1751 quos
613 1709 830 1750 conseripsit,

128 1769 196 1790 non
213 1769 293 1791 vero
308 1761 390 1800 egit.
423 1760 601 1800 Ant.Aug.

171 1809 375 1850 Redivz'vum]
398 1811 454 1841 De
475 1810 515 1842 iis
540 1810 678 1851 proprie
702 1810 828 1841 dicitur

129 1870 202 1902 quse
220 1866 297 1901 post
313 1861 489 1893 interitum
509 1862 669 1902 redeunt,
689 1861 748 1893 sed
767 1871 829 1902 per

128 1911 364 1951 metaphoram
387 1911 430 1942 de
451 1911 601 1943 aedificiis
618 1912 718 1943 etiam
735 1921 829 1943 usur-

128 1965 243 2002 patur.
289 1961 338 1993 Ut
357 1962 390 1993 in
402 1961 460 1994 illo
477 1962 664 1998 Ciceronis,
682 1968 689 1980 ¹
705 1963 828 1994 Utrum

131 2012 356 2048 existimatis‚’
387 2014 450 2044 ἅτε.
495 2013 563 2046 Qui
592 2014 687 2045 locus
711 2018 762 2045 est.
785 2023 828 2044 ex

129 2062 189 2094 lib.
218 2071 274 2093 111.
297 2064 470 2095 Verrinar.
498 2065 558 2096 sed
583 2074 623 2095 ex
648 2065 757 2106 primo
772 2074 829 2095 eo-

130 2122 203 2143 rum
220 2122 302 2154 quos
329 2115 540 2155 conscripsit,
564 2125 630 2146 non
661 2125 740 2146 vero
756 2115 830 2155 egit

133 2163 266 2195 Cicero.
312 2164 391 2196 Vid.
409 2165 628 2205 ‘Repagula.'
652 2164 735 2196 Dae.

175 2219 188 2234 Ε
213 2213 357 2254 Referri]
392 2215 506 2246 Livius
530 2216 592 2247 hoc
619 2215 703 2246 dicit
720 2215 829 2256 ‘prae-

132 2263 224 2295 ferre
241 2264 329 2295 diem
344 2265 371 2296 :'
393 2266 585 2306 oppositum
614 2267 662 2305 τῷ
685 2267 693 2283 ‘
709 2264 832 2297 Prodi-

135 2324 212 2346 cere
230 2315 344 2348 diem!
359 2317 428 2347 Jos.
447 2316 531 2347 Scal.

179 2366 306 2403 Referri
333 2367 414 2398 diem
441 2367 629 2408 prodictam]
662 2368 671 2384 ‘
689 2365 832 2398 Referre

136 2415 248 2454 diem‚’
276 2421 315 2448 ut
345 2417 473 2451 Livius,
502 2419 511 2434 ‘
530 2417 695 2458 praeferre
721 2415 835 2451 diem,’

136 2466 239 2505 vulgo
253 2471 317 2502 est,
331 2467 483 2508 anticiper
495 2468 615 2507 lejour.
645 2469 683 2499 L.
700 2476 835 2499 xxxlv.

138 2517 181 2548 de
198 2517 380 2557 Receptis:
395 2523 403 2536 ‘
419 2518 563 2550 Arbiter
576 2520 623 2550 ita
639 2522 779 2557 sumtus,
796 2521 836 2549 ut

138 2568 227 2598 diem
251 2566 404 2607 proferre
429 2569 546 2608 possit,
571 2574 683 2600 tamen
704 2567 835 2599 referre

138 2628 204 2648 non
220 2617 354 2658 potest-³
381 2618 477 2649 Infra
491 2629 647 2650 censores
664 2618 835 2650 nominan-

141 2672 196 2699 tur
214 2669 250 2699 L.
263 2668 376 2699 Julius
396 2673 432 2700 et
451 2668 492 2700 P.
506 2669 665 2701 Licinius.
700 2669 836 2709 Nempe

142 2718 180 2750 L.
196 2719 306 2752 Julius
325 2719 441 2751 Caesar
458 2722 492 2750 et
506 2719 548 2750 P.
568 2719 714 2752 Licinius
737 2719 836 2751 Cras-

882 1659 958 1687 664.
974 1654 1075 1685 fidem
1100 1651 1234 1682 faciunt
1252 1649 1379 1681 tabulae
1402 1656 1477 1687 cap.
1503 1647 1585 1677 Dac-

924 1706 939 1728 d
967 1703 1093 1743 Refert]
1117 1702 1227 1741 Super
1249 1700 1312 1730 hoc
1330 1697 1434 1729 verbo
1450 1705 1584 1736 magnae

883 1766 1015 1797 semper
1027 1756 1115 1786 inter
1126 1749 1377 1784 Grammaticos
1386 1748 1464 1779 lites
1477 1746 1585 1777 fuere.

885 1808 1013 1840 Omnes
1052 1804 1188 1846 quidem
1226 1800 1324 1839 refert
1359 1796 1585 1838 impersonale

883 1857 1022 1889 verbum
1039 1864 1114 1886 esse
1132 1853 1292 1884 dixerunt
1308 1861 1317 1889 3
1345 1848 1404 1879 sed
1429 1847 1485 1878 alii
1503 1857 1522 1877 a
1541 1855 1586 1881 re,

883 1907 1030 1938 ablativo
1046 1902 1190 1936 nominis
1209 1911 1269 1935 res,
1295 1904 1330 1930 et
1343 1899 1440 1937 fert,·
1464 1897 1531 1935 alii,
1548 1901 1587 1927 ut

883 1956 1038 1991 Verrius,
1057 1965 1075 1985 a
1089 1952 1206 1984 dativo
1218 1950 1360 1988 reifert3
1374 1948 1429 1979 alii
1440 1946 1587 1987 denique

885 2007 980 2050 quasi
1004 2016 1054 2038 res
1072 2004 1155 2043 fert.
1200 2003 1278 2035 Quo
1309 1999 1443 2030 nomine
1471 2006 1587 2028 omnes

884 2060 1006 2092 merito
1030 2053 1223 2088 deridendi.
1270 2051 1423 2082 Primum
1452 2047 1586 2090 quidem

885 2111 989 2142 verba
1016 2104 1258 2149 impersonalia
1288 2103 1320 2133 in
1353 2099 1589 2133 Grammatica

885 2165 1071 2192 monstrum
1087 2166 1160 2188 esse
1171 2154 1282 2196 quivis
1296 2162 1396 2184 sanus
1414 2154 1589 2190 agnoscet,

885 2223 961 2245 nam
978 2213 1050 2252 illa,
1079 2210 1088 2228 ‘
1102 2207 1257 2245 accedit‚'
1288 2207 1298 2224 ⁴
1310 2203 1501 2245 contingit‚’
1526 2203 1534 2220 ‘
1552 2203 1590 2233 li-

887 2262 993 2305 quet‚’
1011 2267 1020 2280 ‘
1034 2258 1173 2299 evenit,'
1201 2255 1326 2293 ‘licet‚'
1354 2260 1362 2273 ‘
1377 2253 1486 2296 pluit,'
1502 2253 1511 2270 ‘
1525 2252 1589 2284 ful-

886 2312 1017 2354 minat‚'
1034 2317 1042 2330 ‘
1056 2307 1213 2348 luciscit,'
1233 2305 1414 2345 ‘miseret,⁷
1436 2309 1445 2323 ‘
1459 2303 1589 2343 taedet:

888 2371 896 2385 ‘
911 2364 1042 2407 pudet,'
1066 2360 1206 2404 ‘piget,'
1230 2357 1418 2401 ‘poenitet,'
1441 2359 1505 2388 &c-
1537 2356 1590 2387 vel

888 2415 1145 2449 nominativum,
1169 2412 1223 2443 vel
1245 2410 1386 2442 verbum
1410 2407 1590 2443 infinitum,

890 2467 944 2498 vel
973 2470 1079 2498 totam
1110 2463 1300 2496 orationem
1326 2470 1386 2501 pro
1412 2457 1590 2499 supposito

890 2525 1024 2557 semper
1039 2515 1179 2548 habent.
1225 2512 1274 2543 Ut
1298 2520 1365 2541 non
1389 2510 1438 2541 ita
1458 2507 1589 2548 pridem

892 2567 1094 2598 Franciscus
1108 2563 1280 2599 Sanctius,
1293 2561 1392 2591 homo
1404 2558 1590 2597 Hispanus,

891 2617 925 2648 in
949 2617 1109 2648 Minerva
1134 2623 1192 2645 sua
1218 2611 1432 2653 apertissime
1452 2607 1591 2638 demon-

890 2667 1022 2699 stravit.
1066 2666 1121 2698 Sic
1145 2663 1285 2695 verbum
1312 2661 1420 2698 refert,
1444 2663 1502 2689 aut
1531 2666 1590 2696 po-

892 2718 958 2749 tius
973 2715 1085 2755 refero,
1107 2722 1241 2755 semper
1259 2711 1418 2745 activum.
1442 2712 1478 2740 et
1500 2707 1589 2739 idem
