1876 3025
313 191 374 220 DE
407 187 677 219 VERBORUM

714 184 1120 217 SIGNIFICATIONE
1155 182 1247 212 LIB.
1282 182 1412 211 xvn.

1507 169 1592 211 869

198 286 300 326 mine
323 284 532 340 exequium
553 282 765 336 scriptores
790 285 971 331 vocant3
1004 278 1079 319 sed
1103 283 1137 317 et
1167 274 1340 316 Verrius
1372 275 1592 315 existimat

198 352 441 394 silicernium
458 351 552 400 dici,
575 350 694 404 quod
716 362 795 389 uos
817 349 1013 389 farcimen
1036 344 1218 394 dicimus,
1241 358 1318 398 quo
1339 344 1441 383 fletu
1464 348 1495 366 ¹¹
1529 343 1593 383 sa—

197 422 320 462 milia
334 419 624 475 purgabatur:
655 417 753 472 quia
776 417 888 470 cujas
910 415 1082 455 nomine
1106 426 1160 453 ea
1190 425 1256 452 res
1286 409 1594 460 instituebatur,

197 487 231 528 is
253 486 371 526 etiam
395 487 614 527 silentium
631 491 832 524 cerneret.-
860 481 1044 523 Caecilius
1065 479 1321 521 obolostate:
1354 476 1524 519 Credidi
1543 477 1596 517 si-

199 553 407 595 licernium
429 553 511 608 ejus
532 567 600 594 me
623 566 724 593 esse
748 564 941 592 esurum.

144 620 303 664 Silviih
334 626 434 663 sunt
465 621 677 675 appellati
698 619 863 660 Albani
884 618 1047 670 Reges,
1070 629 1096 657 a
1117 615 1314 657 Laviniae
1334 614 1439 666 filio,
1461 626 1595 668 quem

760 727 997 740 oeooeeaeeoeee

189 804 225 832 11
253 801 336 832 Ead.
351 799 404 832 ed.
420 799 547 840 fletum.

804 903 944 935 NOTAE

148 981 240 1012 tiano
254 991 260 1010 :
287 979 337 1010 καὶ
361 981 482 1019 πρῶτον
496 978 552 1018 μὲν
568 978 690 1016 στήλην
704 984 846 1018 ταφροει-

146 1031 184 1066 δῆ
201 1029 321 1069 ἑκάστῳ
337 1032 424 1069 σφῶν
440 1029 630 1070 παρέστησε,
644 1028 693 1066 τό,
709 1029 735 1058 τ’
753 1028 848 1066 ὄνομα

148 1081 242 1111 αὐτοῦ
265 1079 409 1119 ἔχουσαν,
439 1080 490 1111 καὶ
522 1081 703 1119 λυχνοῦχον
731 1080 850 1120 μικρὸν,

148 1130 213 1162 οἷον
228 1132 261 1161 ἐν
275 1133 339 1162 τοῖς
361 1130 516 1170 μνημείοις
542 1129 752 1170 κρεμάννυται.
793 1130 848 1160 In-

148 1182 203 1223 de,
216 1187 311 1223 puto,
324 1183 412 1223 apud
429 1183 579 1214 Gellium
596 1182 756 1212 Laberius
771 1181 848 1220 Cip-

149 1243 226 1274 pum
255 1239 351 1264 vocat
369 1234 512 1270 Lucium,
530 1233 618 1274 quod
643 1243 683 1262 ex
711 1241 749 1262 eo
777 1231 847 1261 ‘lu-

149 1293 252 1315 cerna
279 1283 442 1314 luceret2’
474 1288 512 1314 ut
539 1284 596 1313 ille
627 1281 716 1321 apud
744 1281 847 1311 Athe-

149 1343 260 1365 naeum
274 1334 329 1375 qui
345 1334 532 1365 columnam
547 1338 646 1364 vocat
661 1332 847 1372 Μένανδρον,

150 1385 240 1425 quod
267 1385 451 1415 sustineret
494 1385 694 1415 innitentem
729 1384 847 1413 virum.

150 1435 259 1466 Porro
272 1435 554 1476 quemadmodum
572 1434 764 1474 ergastulus
780 1433 849 1464 dic-

151 1489 217 1523 tus,
256 1486 311 1526 qui
339 1485 370 1515 in
399 1485 570 1525 ergastulo
598 1488 766 1521 maneret,
801 1483 850 1512 ita

150 1535 351 1574 silicernius,
369 1535 426 1576 qui
444 1535 563 1575 diguus
581 1539 666 1568 erat,
680 1538 714 1564 ut
733 1542 793 1573 pro
811 1541 851 1562 eo

151 1585 356 1616 silicernium
385 1590 573 1625 pararetur.
628 1584 763 1614 Cincius
782 1582 851 1614 Ali-

152 1642 260 1666 metus
274 1635 314 1665 de
329 1636 456 1675 Gorgia
472 1635 657 1666 Leontino:
675 1635 684 1650 ‘
695 1635 759 1666 Qui
774 1634 851 1664 dum

148 1686 221 1725 jam
250 1686 438 1717 silicernius
483 1687 532 1716 sui
562 1684 662 1715 finem
690 1684 852 1723 temporis

155 1741 369 1776 expectaret,
403 1736 467 1766 etsi
506 1736 606 1766 morti
635 1744 701 1765 uon
729 1734 850 1774 potuit,

155 1791 268 1817 tamen
284 1786 538 1817 infirmitatibus
563 1784 759 1816 insultavit.’
782 1785 850 1815 dos.

158 1837 243 1868 Scul.

199 1887 414 1928 Silicernium]
464 1887 519 1917 De
554 1886 616 1916 hac
651 1894 733 1916 voce
762 1884 856 1915 varia

157 1938 335 1968 admodum
360 1938 505 1967 Veteres
532 1935 735 1975 prodidere:
764 1935 854 1965 aliia

156 1990 250 2020 silens
264 1995 297 2019 et
312 1998 412 2021 cerno,
431 1987 519 2028 quod
537 1986 732 2016 umbrarum
755 1986 854 2015 silen-

158 2040 241 2070 tium
273 2043 427 2069 cerneret
446 2048 454 2076 ;
491 2037 578 2067 unde
609 2041 644 2067 et
674 2035 762 2066 iufra
793 2045 854 2076 pro

156 2089 272 2120 silicem
290 2089 420 2128 quidam
433 2089 589 2119 silentium
605 2087 743 2126 habent,
754 2092 790 2118 ut
804 2092 857 2118 est

158 2141 191 2171 in
208 2140 318 2170 verbis
337 2140 449 2170 Festi:
478 2140 533 2170 alii
557 2150 575 2169 a
593 2139 672 2169 silex
696 2143 730 2168 et
748 2148 856 2169 cerno:

160 2191 215 2221 alii
233 2201 251 2221 a
265 2191 321 2222 sile
337 2191 454 2229 herba,
472 2190 511 2220 de
529 2199 594 2230 qua
611 2199 715 2228 supra
737 2189 768 2219 iu
784 2189 857 2219 sila-

158 2246 236 2278 tum,
261 2248 296 2274 et
322 2252 411 2273 cesna
435 2252 495 2282 pro
516 2252 602 2272 cena.
647 2241 717 2271 Alii
747 2241 857 2271 aliter.

159 2294 227 2325 Sed
259 2294 386 2333 optime
417 2293 562 2323 omnium
589 2292 725 2323 Servius
755 2292 796 2322 ad
825 2301 858 2322 v.

161 2343 293 2375 AEneid.
309 2345 318 2360 ‘
335 2343 536 2382 Libavitque
552 2343 656 2382 dapes
671 2342 691 2373 :'
716 2343 860 2373 ‘leviter

161 2395 309 2433 gustavit
331 2395 447 2433 epulas
473 2403 547 2434 qua*
574 2393 778 2424 silicernium
805 2403 861 2424 vo-

164 2450 275 2479 catur,
292 2445 386 2484 quasi
403 2444 602 2483 silicenium,
620 2454 720 2483 super
733 2444 859 2474 silicem

164 2494 336 2534 positum.’
384 2496 470 2525 Nam
495 2495 535 2524 ad
563 2495 688 2524 silicem
713 2494 861 2524 dabatur

164 2545 246 2575 illud
264 2546 412 2584 epulum.
436 2545 552 2575 Servio
570 2544 662 2575 favet
680 2545 769 2585 quod
787 2545 861 2575 Ces-

164 2605 221 2626 nas
237 2595 383 2625 Veteres
398 2595 571 2634 dicebaut,
588 2599 623 2625 et
643 2604 776 2634 poesnas,
801 2605 861 2635 pro

165 2655 267 2679 cenas,
284 2654 398 2683 poenuS.
422 2643 475 2674 Ab
490 2653 529 2674 eo
539 2644 752 2681 silicesnz'um;
769 2650 861 2685 post-

167 2705 209 2726 ea
231 2695 419 2725 silicernium
430 2705 440 2724 .-
460 2699 498 2724 ut
514 2693 523 2710 ‘
538 2694 705 2729 casmina:
721 2696 729 2711 ‘
744 2695 862 2725 carmi-

167 2756 210 2777 na
224 2746 244 2778 :'
265 2747 274 2763 ‘
289 2745 429 2786 Valesi,'
457 2746 466 2762 ⁴
478 2744 618 2777 Valeri.'
656 2745 743 2777 Vide
759 2746 864 2777 Noui-

901 988 969 1008 um.
1014 976 1100 1008 Inde
1120 976 1221 1007 etlam
1246 975 1448 1006 silicernium
1471 972 1600 1004 dictum

903 1039 1007 1069 genus
1026 1028 1209 1058 farciminis
1226 1027 1314 1068 quod
1333 1025 1551 1063 adhibebant,
1565 1028 1603 1054 ut

903 1078 986 1110 fletu
998 1078 1134 1109 familia:
1150 1082 1388 1119 purgarentur.
1433 1076 1520 1106 Sane
1533 1074 1596 1105 sili·

904 1131 1055 1162 cerulum
1072 1131 1160 1160 inter
1176 1128 1350 1159 fai-cimina
1368 1126 1462 1167 ponit
1474 1124 1603 1155 Arnob.

904 1181 959 1211 lib.
994 1189 1059 1211 vu.
1099 1185 1106 1197 ‘
1124 1179 1227 1216 Quid,
1258 1178 1406 1217 inquam,
1437 1176 1499 1205 sibi
1531 1175 1603 1204 haec

904 1231 1043 1261 volunt?
1101 1229 1267 1269 Apexaho
1292 1228 1397 1261 isicia,
1415 1224 1605 1263 Silicernia,

903 1281 1059 1320 long-«abo,
1077 1289 1151 1320 quae
1165 1284 1240 1308 sunt
1260 1277 1394 1308 nomina
1405 1280 1439 1306 et
1456 1274 1605 1305 farcimi-

904 1341 981 1361 num
1009 1339 1146 1370 geuera‚
1161 1328 1316 1368 hirquino
1341 1327 1406 1356 alia
1429 1324 1603 1364 sanguine,

903 1381 1116 1413 comminutis
1141 1379 1206 1409 alia
1238 1378 1407 1408 inculcata
1439 1376 1606 1416 pulmoni·

904 1431 991 1463 bus.'
1036 1432 1122 1462 Item
1144 1429 1343 1460 Silicernium
1362 1437 1464 1458 senex
1483 1427 1607 1464 dictus,

905 1482 994 1524 quod
1012 1482 1082 1522 ejus
1099 1490 1198 1511 causa
1216 1479 1308 1510 brevi
1320 1477 1518 1508 Silicernizmz
1530 1481 1607 1506 erat

906 1533 1068 1572 futurum,
1096 1531 1149 1562 vel
1173 1530 1261 1571 quod
1287 1529 1407 1568 dignus
1425 1531 1517 1557 esset
1533 1526 1609 1556 Sili-

908 1584 1032 1615 ceruio.
1079 1581 1280 1613 Silicernium
1306 1579 1429 1610 Graece
1453 1575 1606 1617 περίδειπ-

907 1646 971 1674 νον,
994 1634 1123 1666 Latinis
1150 1635 1158 1650 ‘
1176 1628 1461 1670 circum-potatio)
1488 1629 1528 1658 Iu
1555 1630 1606 1658 12.

907 1686 991 1716 Tab.
1009 1687 1016 1701 ‘
1035 1685 1188 1715 chtura
1215 1681 1346 1712 servilis
1371 1681 1522 1716 tollatur,
1539 1687 1609 1709 om-

907 1737 1024 1776 nisque
1055 1733 1330 1773 cii-cunipotauo,
1359 1740 1400 1760 ue
1427 1728 1609 1768 respersio,

907 1796 949 1816 ne
968 1787 1073 1824 longae
1093 1793 1237 1817 coronae,
1254 1792 1317 1812 nec
1334 1779 1485 1812 acerrae!
1510 1779 1609 1809 Glos-

909 1837 1030 1866 sarium
1046 1846 1053 1865 2
1078 1835 1087 1851 ‘
1101 1833 1329 1871 Silicernium‚
1340 1829 1542 1870 περίδειπνον,
1555 1827 1609 1858 λύ-

910 1898 1001 1926 χνους
1013 1886 1074 1925 ’γὰρ
1090 1883 1197 1914 ἅπτειν
1210 1884 1242 1913 ἐν
1256 1881 1358 1913 πένθει
1374 1881 1409 1911 οὐ
1419 1879 1524 1917 θέμις.’
1549 1879 1610 1909 Vi-

910 1938 1010 1967 detur
1025 1935 1197 1974 accepisse
1210 1932 1305 1973 quasi
1317 1928 1610 1967 Selucerm‘um,hoe

910 1992 974 2026 est,
1001 1983 1148 2023 ἂλυχνία.
1195 1982 1373 2013 Rationem
1400 1980 1487 2010 hanc
1525 1979 1612 2009 eruit

911 2037 1073 2076 Scaliger.
1135 2033 1281 2065 Notabis
1310 2031 1342 2062 in
1376 2030 1489 2060 verbis
1520 2030 1613 2059 Festi

911 2087 1077 2127 exaquium
1104 2083 1322 2124 singulariter
1352 2081 1419 2111 dici
1445 2090 1506 2121 pro
1533 2090 1611 2110 exe-

912 2139 998 2181 quiis
1016 2144 1050 2168 et
1069 2146 1166 2167 coena
1181 2134 1326 2165 funebri.
1351 2133 1431 2164 Duc.

954 2189 967 2210 ¹¹
994 2188 1104 2227 Silcz'i]
1116 2188 1223 2217 Vetus
1239 2189 1360 2215 auctor
1372 2183 1509 2223 originis
1523 2182 1614 2213 Gen-

914 2243 957 2273 tis
969 2243 1151 2273 Romauae:
1173 2242 1181 2255 ‘
1196 2237 1337 2268 Interim
1351 2235 1489 2266 Lavinia
1500 2234 1541 2264 ab
1559 2233 1614 2264 ΙΕ-

914 2301 976 2322 nea
991 2290 1130 2331 gravida
1143 2288 1273 2324 relicta,
1289 2291 1394 2324 metu,
1409 2284 1512 2314 veluti
1528 2284 1613 2313 inse-

915 2341 1024 2372 cuturi
1043 2350 1077 2370 se
1096 2337 1243 2375 Ascanii,
1259 2338 1290 2366 in
1308 2336 1435 2376 sylvam
1450 2334 1614 2374 profugit,

916 2392 957 2421 ad
990 2390 1189 2430 magistrum
1221 2387 1323 2427 patrii
1354 2386 1499 2426 pecoris,
1528 2385 1616 2425 Tyr-

916 2442 1025 2480 rhum,
1046 2439 1160 2479 ibique
1188 2437 1288 2467 enixa
1317 2441 1369 2466 est
1395 2445 1533 2476 puerum
1561 2435 1616 2475 qui

915 2503 933 2523 a
951 2493 1015 2523 loci
1029 2491 1193 2533 qualitate
1210 2489 1343 2530 Sylvius
1355 2487 1550 2519 estdictus!
1572 2488 1617 2517 Et

916 2544 1015 2583 paulo
1033 2546 1131 2582 post:
1156 2545 1164 2558 ‘
1180 2539 1228 2570 At
1252 2538 1418 2569 Ascanius
1440 2543 1615 2578 postquam

916 2593 1122 2625 excessisset
1138 2600 1156 2621 e
1181 2590 1263 2624 vita,
1283 2589 1368 2619 inter
1386 2588 1494 2618 Iulum
1512 2587 1617 2617 filium

918 2646 1002 2685 ejus,
1019 2648 1055 2674 et
1081 2641 1232 2681 Sylvium
1259 2645 1463 2679 postumum,
1488 2638 1544 2677 qui
1574 2646 1616 2667 ex

918 2693 1061 2725 Lavinia
1092 2692 1227 2732 genitus
1251 2694 1338 2727 erat,
1361 2688 1403 2718 de
1430 2687 1617 2719 obtinendo

919 2743 1061 2785 imperio
1087 2747 1163 2774 orta
1183 2739 1356 2772 contentio
1377 2743 1440 2778 est,
1465 2747 1539 2769 cum
1557 2737 1618 2768 du-
