1876 3025
261 187 344 227 660

700 193 847 223 SEXTI
884 190 1084 222 POMPEH
1121 191 1259 221 FESTI

318 290 524 345 quodque
547 292 709 330 mature
730 288 939 341 transigit,
962 287 1000 327 is
1036 291 1272 340 properat3
1303 286 1378 339 qui
1412 286 1551 327 multa
1572 286 1706 328 simul

317 358 472 410 incipit
490 370 632 410 neque
653 356 834 409 perficit,
855 356 893 396 is
915 354 1115 395 festinat.

260 425 483 478 Properus
507 425 712 477 antiquos
740 423 910 463 dixisse
940 434 1018 475 pro
1051 421 1180 470 celer,
1203 421 1447 462 testimonio
1467 425 1534 462 est
1568 421 1706 474 quali-

321 492 428 532 tatis
450 491 716 540 adverbium,
740 491 859 543 quod
880 493 947 530 est
965 501 1166 542 propere.

261 559 507 612 Properus,
526 559 663 599 celer:
696 558 810 598 unde
832 557 1088 598 adverbium
1105 568 1301 608 propere.

1528 555 1706 608 [PAUL.

259 623 566 679 Propetrare,k
605 625 823 674 mandare,
863 624 983 677 quod
1023 623 1300 677 perficiatur:
1333 635 1434 663 nam
1474 623 1706 676 impetrare

319 697 385 734 est
407 706 604 742 exorare,
626 697 669 734 et
690 697 944 746 perpetrare
966 691 1189 745 perficere.

264 760 512 814 Prophetas
553 760 759 801 dicebant
789 763 960 801 veteres
1001 758 1223 800 antistites
1262 757 1475 806 fanorum,
1510 756 1709 797 oraculo-

320 840 508 881 rumque
528 828 798 881 interpretes,

263 891 537 947 Prophetas¹
573 895 618 934 in
655 893 850 935 Adrasto
883 893 1033 935 Julius
1064 892 1259 934 nominat
1293 891 1513 932 antistites
1541 890 1707 944 [Fns'r.

319 962 538 1011 fanorum,
560 963 928 1015 oraculorumque
964 961 1225 1014 interpretes
1246 975 1254 1000 ε
1287 972 1385 1001 cum
1410 959 1559 1012 capita
1579 958 1708 1000 viridi

315 1028 438 1069 lauro
452 1029 600 1070 velare
621 1030 836 1082 imperant
855 1027 1098 1082 prophetae,
1127 1032 1282 1068 sancta
1302 1028 1363 1068 ita
1384 1031 1507 1068 caste
1530 1026 1606 1080 qui
1628 1038 1708 1080 pu-

316 1099 407 1136 tant
423 1101 439 1126 ⁹
470 1109 612 1137 sacra.

868 1200 887 1210 e
892 1199 1003 1212 eeeeee

1006 1199 1101 1211 ooooo

304 1287 324 1314 9
347 1284 409 1314 Vir
426 1284 514 1316 doct.
532 1285 566 1315 in
584 1295 689 1326 marg.
705 1285 758 1317 ed.
775 1286 865 1317 Scal.
882 1286 1019 1327 conjicit
1032 1290 1171 1326 purgant
1187 1286 1238 1317 vel
1255 1289 1378 1325 parant.

917 1395 1058 1427 NOTAE

262 1477 298 1499 re
318 1467 490 1508 transigit,
515 1474 699 1510 properat:
724 1471 780 1511 qui
798 1470 903 1501 multa
919 1471 960 1501 si-

262 1519 328 1548 mul
346 1518 479 1558 incipit,
500 1528 562 1550 nec
588 1519 732 1560 perficit,
760 1520 785 1550 is
811 1519 963 1552 festinat.

264 1568 338 1607 Ego
368 1578 468 1598 unum
500 1570 667 1610 quodque,
700 1570 783 1610 quod
824 1569 962 1601 adortus

262 1628 367 1656 eram,
387 1618 638 1658 transigebam?
659 1621 728 1650 Jos.
745 1620 828 1651 Scal.

306 1668 499 1708 properare]
533 1669 693 1709 Ejusdem
720 1670 857 1700 Catonis
890 1679 962 1700 ver-

260 1718 305 1749 ba
321 1719 406 1749 citat
423 1719 553 1749 Gellius
574 1719 631 1750 lib.
653 1728 730 1750 xvr.
753 1730 828 1760 cap.
854 1723 903 1750 111.
921 1730 962 1750 ex

262 1768 334 1808 ejus
352 1768 615 1809 orationequarn
635 1769 677 1799 de
695 1770 762 1799 suis
779 1769 963 1800 virtutibus

262 1818 411 1858 scripsit.
458 1819 583 1850 Locum
613 1819 679 1850 adi.
726 1819 815 1850 Vide
836 1825 869 1850 et
894 1820 963 1850 No-

219 1867 222 1870 ’
262 1868 363 1898 nium.
398 1869 560 1899 Festinare
577 1870 678 1909 igitur
698 1874 759 1908 est,
785 1870 964 1900 temeraria

263 1922 299 1947 et
317 1918 485 1956 praecipiti
503 1919 682 1949 celeritate
700 1920 811 1959 aliquo
828 1924 963 1949 conten-

263 1966 368 1997 dere:
391 1976 569 2006 properure,
597 1967 664 1997 cito
687 1973 720 1998 et
734 1974 870 1998 strenue
887 1977 963 2007 pro-

265 2016 373 2055 gredi,
388 2021 425 2047 ut
440 2021 570 2047 mature
586 2017 739 2057 perficias
753 2018 840 2058 quod
855 2019 962 2048 inteu-

265 2066 326 2095 dis.
373 2066 469 2096 Idem
487 2067 574 2106 quod
592 2071 757 2099 maturare.
800 2069 896 2108 Virg.
915 2077 963 2099 tv.

265 2116 391 2155 Georg.
416 2118 424 2133 ‘
436 2117 549 2147 Multa
568 2116 681 2148 forent
697 2128 770 2158 quae
785 2128 862 2148 mox
879 2119 964 2149 coelo

265 2166 482 2206 properanda
506 2177 625 2198 sereno
650 2168 821 2198 Maturare
839 2168 964 2199 detur.'

264 2215 403 2246 Sallust.
432 2217 593 2256 jugurth.
631 2218 640 2234 ‘
662 2216 781 2248 Animo
812 2219 965 2257 cupienti

266 2265 346 2295 nihil
364 2266 443 2295 satis
460 2265 665 2296 festinatur.’
690 2268 819 2298 Nouius
837 2268 884 2298 ita
901 2268 965 2298 dis-

266 2314 401 2354 tinguit,
419 2319 455 2345 ut
471 2325 635 2354 properare
661 2316 705 2346 sit
729 2317 828 2346 animi
847 2316 889 2347 ad
914 2327 966 2347 res

266 2364 395 2404 aliquas
423 2365 679 2403 contendentis,
703 2366 859 2403 festinare
894 2376 967 2397 cor-

267 2414 357 2453 poris
374 2415 637 2445 necessitatibus
653 2415 882 2455 obsequentis.
899 2415 966 2445 Sed

266 2463 341 2494 haec
358 2464 519 2494 Veterum
537 2465 738 2495 auctoritate
756 2464 969 2504 refelluntur,

267 2513 359 2554 apud
377 2524 460 2555 quos
473 2524 638 2553 properare
662 2519 696 2545 et
709 2515 866 2550 festinare
893 2524 968 2554 pro-

267 2563 393 2593 misene
410 2564 602 2593 accelerare
620 2563 823 2604 significant.
870 2565 964 2603 Virg.

268 2621 316 2642 1v.
336 2612 409 2643 AEn.
431 2614 439 2628 ‘
456 2613 500 2643 Et
514 2612 632 2643 mediis
654 2623 817 2652 properas
838 2614 965 2654 aquilo-

268 2661 366 2692 nibus
384 2663 429 2693 ire
448 2672 507 2702 per
523 2662 651 2693 altum.'
675 2663 720 2694 Et
736 2663 794 2694 lib.
808 2672 847 2694 ιι.
865 2665 873 2680 ‘
887 2664 965 2695 Fes-

270 2710 374 2741 tinate
398 2712 472 2750 viri,
489 2721 562 2742 nam
581 2722 655 2753 quae
682 2717 749 2744 tarn
767 2722 841 2745 sera
859 2723 965 2745 mora-

1016 1476 1069 1502 tur
1089 1470 1253 1510 Segnities
1268 1468 1290 1499 ?'
1333 1469 1489 1505 Plautus,
1505 1470 1710 1507 ‘properate

1015 1520 1216 1562 prandium!
1255 1520 1392 1557 Ennius,
1416 1523 1424 1535 ‘
1441 1518 1614 1548 Festivurn
1646 1516 1711 1548 fes·

1016 1572 1125 1601 tinam
1141 1569 1252 1600 diem?
1278 1570 1374 1609 Virg.
1389 1576 1454 1598 xu.
1477 1568 1608 1599 AEneid.
1625 1567 1633 1583 ‘
1649 1567 1713 1597 Ar·

1014 1630 1066 1650 ma
1083 1620 1141 1651 citi
1159 1624 1340 1660 properate
1360 1618 1453 1649 viro.’
1477 1618 1614 1649 Sallust.
1631 1617 1710 1648 ‘So-

1015 1671 1064 1701 las
1096 1669 1280 1700 festinate?
1324 1670 1415 1709 Lego
1437 1668 1711 1706 soleasseseinate.

1015 1720 1102 1751 Dae.

1058 1768 1071 1788 k
1107 1768 1309 1808 Propeercrre]
1344 1768 1449 1800 Quasi
1478 1772 1550 1798 ante
1574 1771 1712 1807 patrare,

1016 1817 1195 1858 providere
1214 1823 1250 1848 ut
1266 1817 1391 1858 aliquid
1410 1823 1542 1857 agatur,
1561 1817 1712 1858 perficia-

1015 1875 1082 1900 tur.
1107 1870 1203 1899 Idem.

1060 1917 1067 1938 ¹
1088 1917 1277 1957 Prophetas]
1316 1918 1452 1948 Colloca
1485 1927 1599 1948 versus
1630 1918 1714 1950 Julii

1016 1967 1158 1998 Caesaris
1176 1977 1235 1998 suo
1252 1967 1367 1997 ordine
1384 1978 1391 1998 :
1419 1968 1497 1997 Cum
1518 1968 1620 2007 capita
1639 1969 1713 1999 ciri-

1015 2018 1049 2047 di
1081 2018 1165 2047 lauro
1205 2018 1305 2047 velare
1341 2018 1494 2056 imperant
1533 2018 1714 2057 Proplaeetoe,

1014 2071 1122 2097 sancta
1137 2070 1218 2097 caste
1241 2067 1294 2106 qui
1315 2070 1429 2106 purant
1446 2077 1544 2098 sacra.
1591 2068 1714 2098 Parare

1017 2127 1035 2147 a
1049 2127 1153 2156 purus,
1170 2122 1206 2147 ut
1229 2117 1341 2156 ‘piare
1356 2117 1363 2128 ’
1381 2127 1399 2147 a
1416 2118 1425 2133 ‘
1437 2117 1533 2157 pius.'
1579 2118 1633 2149 De
1651 2118 1713 2149 hoc

1017 2168 1053 2198 C.
1088 2167 1181 2198 Julio
1220 2166 1384 2197 Asconius
1429 2168 1460 2197 in
1499 2168 1709 2199 Scauriana:

1015 2218 1023 2232 ‘
1038 2217 1133 2247 Idem
1151 2217 1237 2246 iuter
1254 2217 1378 2256 primos
1396 2219 1555 2256 temporis
1573 2218 1623 2247 sui
1642 2228 1715 2248 ora-

1018 2271 1120 2302 tores,
1137 2271 1170 2296 et
1193 2267 1339 2306 tragicus
1363 2266 1461 2306 poeta
1480 2266 1583 2297 bouus
1601 2267 1714 2298 adino-

1018 2317 1095 2346 dum
1123 2316 1254 2346 habitus
1281 2321 1342 2346 est.
1389 2316 1499 2356 Hujus
1525 2320 1604 2348 sunt
1625 2318 1713 2347 enim

1016 2366 1217 2405 Tragoediae,
1251 2376 1324 2406 quse
1353 2366 1585 2397 inscribuntur
1608 2367 1713 2398 Julii!

1021 2415 1071 2445 De
1093 2415 1208 2445 eodem
1227 2415 1266 2446 C.
1286 2415 1376 2447 Julio
1401 2416 1521 2446 Cicero
1539 2417 1569 2446 in
1588 2417 1713 2448 Bruto:

1017 2466 1025 2481 ‘
1038 2465 1123 2495 Sunt
1140 2466 1213 2505 ejus
1237 2465 1364 2505 aliquot
1380 2466 1564 2502 orationes,
1579 2476 1620 2497 ex
1642 2467 1715 2507 qui-

1019 2515 1090 2552 bus,
1107 2515 1195 2545 sicut
1215 2525 1255 2545 ex
1283 2515 1433 2554 ejusdem
1451 2517 1646 2556 Tragoediis,
1666 2518 1713 2548 le-

1018 2565 1104 2594 nitas
1118 2564 1192 2604 ejus
1209 2565 1280 2595 sine
1296 2566 1407 2595 ucrvis
1419 2567 1565 2606 perspici
1581 2566 1715 2607 potest.’

1020 2615 1090 2644 Jos.
1107 2615 1190 2646 Scal.

1064 2664 1252 2704 Prophetas]
1277 2664 1304 2695 Α
1320 2665 1464 2705 πρόφημι,
1478 2666 1508 2697 id
1523 2671 1587 2701 est,
1601 2665 1712 2707 profa-

1023 2715 1064 2754 ri,
1081 2715 1281 2757 praedicere,
1293 2716 1463 2757 προφήτης,
1476 2717 1659 2758 propheta:
1678 2722 1714 2747 et
