1876 3025
311 160 371 189 DE
406 153 676 188 VERBORUM
710 150 1122 184 SlGNlFICATIONE
1157 150 1250 180 LiB.
1286 150 1389 180 xw.
1496 139 1579 180 777

196 257 327 300 Italia
348 257 435 297 sint
457 254 653 307 Phryges
673 252 815 305 potiti,
840 254 882 291 et
903 249 959 290 iis
979 247 1231 301 regionibus
1254 247 1459 295 maxime,
1481 259 1581 300 quae

193 339 307 366 nunc
328 329 431 365 sunt
450 323 608 363 vicinae
630 320 744 371 urbi,
757 319 944 373 primum
966 323 999 342 ¹0
1020 316 1214 357 omnium
1233 328 1517 356 consecrasse
1539 315 1583 355 in

194 392 371 435 Palatio
394 390 519 432 Fidei
553 390 792 443 templum:
825 389 869 429 in
890 400 977 441 quo
997 389 1142 428 monte
1170 389 1331 438 postea
1360 397 1460 425 cum
1482 395 1586 423 con-

197 463 370 503 deretur
403 460 522 508 urbs,
546 459 685 500 visam
717 470 815 498 esse
838 457 1007 510 justam
1032 452 1238 495 vocabuli
1266 451 1424 493 Romae
1446 451 1589 491 nomi-

195 531 265 571 nis
287 542 484 578 causam,
504 540 687 581 eamque
703 531 733 551 ¹¹
770 526 930 580 priore,
953 523 1066 566 unde
1088 534 1141 563 ea
1160 521 1308 562 locum
1338 519 1588 561 dedicavis-

198 604 262 642 set
284 598 425 640 Fidei.
464 596 540 638 Ait
561 595 737 650 quidem
760 593 1030 648 Agathocles
1052 590 1303 644 complures
1320 601 1417 629 esse
1437 590 1591 629 aucto-

196 682 281 718 res,
321 668 394 721 qui
432 666 581 707 dicant
621 665 810 705 AEneam
845 662 1065 716 sepultum
1101 660 1145 701 in
1183 659 1291 700 urbe
1335 656 1594 710 Berecyntia

200 737 401 791 proxime
438 733 599 775 fiumen
634 730 822 781 Nolon,b
853 735 990 783 atque
1027 741 1086 769 ex
1106 727 1204 781 ejus
1233 725 1436 780 progenie
1458 736 1594 778 quen-

201 805 302 845 dam
325 803 502 843 nomine
527 800 719 841 Romum
740 797 916 839 venisse
946 797 989 837 in
1025 796 1219 845 Italiam,
1254 798 1294 835 et
1317 794 1469 834 urbem
1501 791 1596 833 Ro-

200 885 317 913 mam
351 871 618 913 nominatam
655 866 922 909 condidisse.
983 864 1151 906 Callias
1178 862 1441 916 Agathoclis
1463 866 1494 885 ¹2
1527 861 1597 902 Si—

204 941 290 982 culi
313 939 388 994 qui
411 952 478 980 res
497 944 645 991 gestas
669 935 965 989 conscripsit,c
987 933 1219 974 arbitratur
1239 945 1262 972 e
1283 944 1416 973 manu
1436 929 1598 983 Troja-

204 1021 356 1051 norum
373 1007 630 1061 fugientium
648 1005 733 1046 llio
748 1007 881 1058 capto
899 1002 1071 1044 cuidam
1093 1001 1235 1042 fuisse
1248 1013 1404 1042 nomen
1422 998 1598 1047 Latino,

205 1090 390 1131 eumque
410 1075 622 1117 habuisse
645 1073 879 1128 conjugem
903 1071 1112 1119 Romam,
1133 1082 1160 1110 a
1181 1083 1284 1122 quo,
1310 1072 1357 1109 ut
1387 1068 1521 1108 Italia
1541 1066 1602 1107 sit

207 1146 390 1200 potitus,
422 1144 573 1185 urbem
603 1140 864 1189 condiderit,
896 1151 1027 1193 quam
1061 1137 1250 1178 Romam
1286 1135 1602 1190 appellavisse.

209 1214 421 1263 Lembus,
456 1213 528 1267 qui
559 1210 808 1265 appellatur
842 1205 1112 1249 Heraclides
1128 1203 1146 1228 ²¹
1182 1205 1422 1253 existimat,
1459 1216 1606 1244 rever-

207 1283 399 1325 tentibus
428 1282 483 1322 ab
506 1280 591 1321 Ilio
608 1279 794 1321 Achivis
817 1276 1036 1331 quosdam
1054 1280 1083 1304 ¹³
1117 1277 1380 1328 tempestate
1401 1272 1605 1326 dejectos

208 1353 253 1394 in
275 1351 420 1393 Italiae
452 1349 650 1403 regiones
685 1351 858 1388 secutos
886 1345 1062 1387 Tiberis
1084 1343 1313 1385 decursum
1335 1340 1607 1396 pervenisse,

208 1421 282 1462 ubi
304 1432 415 1461 nunc
446 1419 503 1459 sit
526 1417 685 1466 Roma,
706 1416 870 1469 ibique,
890 1418 1072 1468 propter
1092 1411 1274 1453 taedium
1296 1409 1606 1464 navigationis,

211 1488 428 1543 impulsas
449 1485 654 1540 captivas
677 1483 931 1524 auctoritate
948 1481 1129 1534 virginis
1161 1478 1396 1534 cujusdam
1418 1482 1609 1530 tempes-

213 1559 334 1607 tivae,
355 1555 525 1597 nomine
548 1553 770 1602 Romes‚¹4
800 1550 1047 1592 incendisse
1079 1549 1286 1598 classem,
1308 1550 1442 1600 atque
1473 1545 1530 1585 ab
1553 1555 1609 1585 ea

762 1692 942 1705 ceo-‘Oeeee
946 1692 984 1704 oe
989 1690 1005 1702 O

203 1791 242 1820 10
265 1789 344 1819 Vet.
358 1787 433 1819 cod.
442 1786 556 1827 prima.
588 1784 650 1816 Vir
666 1783 757 1815 doct.
773 1783 806 1814 in
822 1792 918 1822 marg
921 1780 1002 1812 .ed.
1018 1780 1108 1812 Scal.
1124 1778 1264 1820 conjicit
1278 1778 1422 1818 primam.
1425 1778 1503 1806 —ll
1532 1775 1612 1807 Vet.

160 1833 236 1906 (iad.
260 1842 326 1863 eam
352 1841 432 1872 quae.
435 1832 520 1861 —12
544 1828 595 1861 Id.
623 1827 765 1859 Caltivus
781 1792 979 1866 Agathogcles.
982 1827 1065 1856 ——13
1094 1823 1147 1855 Id.
1163 1824 1322 1865 quendam.
1326 1823 1409 1852 —14
1434 1819 1498 1851 Ed.
1525 1819 1613 1850 Scal.

211 1885 280 1906 moe.

817 1966 958 2000 NOTA-3

205 2038 220 2059 b
243 2037 393 2069 Proxime
403 2037 525 2078 flumen
539 2035 658 2076 Nolon]
682 2036 738 2067 De
753 2033 862 2066 flumi-

164 2099 205 2120 ne
244 2089 333 2120 Nolo
363 2088 446 2118 nihil
478 2096 619 2128 usquam
650 2095 704 2117 me
739 2085 862 2126 legisse

163 2139 311 2172 memini.
355 2140 464 2170 Molon
487 2143 587 2170 vocat
618 2138 741 2178 Pomp.
767 2136 863 2168 Sabi·

166 2200 226 2221 nus
244 2200 276 2221 v.
294 2190 426 2221 AEneid.
450 2189 460 2207 ‘
480 2188 586 2220 Aiunt
608 2187 745 2229 qnidam
764 2188 864 2219 AEne-

167 2251 218 2272 am
249 2241 419 2280 sepultum
450 2240 483 2270 in
507 2240 590 2270 urbe
619 2238 866 2279 Berecynthia,

168 2302 273 2333 prope
290 2290 413 2322 flumen
437 2289 576 2321 Molon.'
621 2289 686 2320 Sed
710 2290 771 2320 hoc
787 2288 867 2319 mihi

170 2353 267 2384 aeqne
283 2343 435 2383 ignotum
452 2346 515 2373 est.
538 2340 638 2372 Idem.

212 2399 225 2414 c
251 2395 369 2425 Callias
394 2391 579 2432 Agathoclis
615 2390 714 2422 Siculi
740 2390 793 2432 qui
817 2400 868 2421 res

168 2447 274 2483 gestas
287 2442 484 2484 conscripsit]
512 2442 622 2482 Hujus
638 2442 754 2472 Romae
771 2441 867 2472 muli·

173 2495 240 2526 eris
271 2494 422 2524 meminit
448 2492 669 2533 Lycophron:
707 2490 813 2522 Τοίους
842 2491 867 2522 δ’

174 2544 245 2584 ἐμός
269 2556 316 2575 τις
331 2542 486 2582 σύγγονος
501 2542 601 2582 λείψει
623 2542 748 2573 διπλοῦς
769 2541 870 2581 Σκύμ-

176 2607 243 2627 vous
264 2593 405 2633 λέοντας,
424 2592 534 2632 ἔξοχον
552 2592 668 2631 Ῥώμης
682 2591 783 2631 γένος.
828 2592 869 2623 Id

175 2653 248 2679 est:
272 2647 280 2663 ‘
296 2645 400 2676 Tales
424 2654 517 2675 meus
548 2645 621 2684 quis
650 2643 871 2675 consobrinus

176 2698 345 2738 relinquet
362 2695 445 2726 dnos
466 2694 595 2725 catulos
622 2694 749 2730 leones,
768 2693 872 2725 maxi-

176 2757 268 2779 mum
286 2747 400 2778 Romae
418 2743 548 2786 genus.'
576 2743 671 2775 Idem.

956 2032 970 2053 d
996 2031 1141 2071 Lembus,
1157 2041 1209 2072 ραι
1219 2030 1392 2071 appellatur
1414 2025 1616 2067 Heraclides]

915 2085 1010 2117 Idem
1035 2083 1142 2114 Solin.
1167 2091 1247 2122 cap.
1269 2083 1299 2112 l
1320 2077 1519 2110 ‘Heraclidi
1545 2077 1616 2118 pla-

916 2141 987 2174 cet,
1000 2134 1107 2174 Troja
1121 2137 1237 2173 capta,
1251 2130 1412 2172 quosdam
1424 2139 1467 2160 ex
1479 2127 1617 2159 Achivis

918 2187 950 2217 in
967 2196 1007 2217 ea
1024 2186 1112 2223 loca,
1128 2183 1184 2215 ubi
1200 2191 1291 2214 nunc
1309 2182 1415 2212 Roma
1431 2189 1466 2211 es
1453 2184 1498 2217 st,
1514 2178 1617 2209 deve-

919 2238 1005 2268 nisse
1030 2244 1091 2277 per
1113 2233 1282 2266 Tiberim:
1307 2231 1429 2263 deinde
1452 2229 1618 2261 suadente

919 2288 1038 2325 Rome,
1063 2283 1271 2317 nobilissima
1293 2282 1521 2322 captivarum,
1543 2289 1618 2321 qnae

918 2339 969 2369 his
985 2346 1099 2369 comes
1116 2340 1203 2373 erat,
1227 2334 1372 2365 incensis
1389 2332 1542 2371 navibus,
1561 2342 1619 2373 po-

921 2388 1027 2419 suisse
1043 2386 1154 2425 sedes,
1180 2384 1343 2416 struxisse
1360 2384 1495 2422 moenia,
1510 2388 1546 2414 et
1561 2393 1620 2425 op-

922 2439 1035 2480 pidum
1053 2437 1095 2468 ab
1107 2447 1146 2467 ea
1159 2437 1289 2467 Romen
1302 2433 1501 2465 vacavisse!
1519 2433 1622 2464 Hunc

923 2489 1087 2520 Lembum
1114 2485 1334 2518 Heraclidem
1358 2484 1520 2524 intelligit
1545 2483 1623 2513 Ser-

923 2540 997 2571 vius
1034 2549 1109 2570 cum
1140 2537 1276 2569 scribit:
1316 2534 1548 2567 ‘Heraclides
1576 2535 1623 2565 ait

926 2591 1053 2622 Romen
1081 2588 1229 2620 nobilem
1253 2587 1421 2627 captivam
1443 2585 1624 2625 Trojanam

925 2642 990 2672 huc
1007 2640 1193 2681 appulisse,
1207 2643 1243 2669 et
1253 2637 1354 2668 taedio
1367 2636 1468 2666 maris
1481 2636 1624 2666 suasisse

927 2691 1054 2728 sedem,
1077 2699 1119 2720 ex
1143 2689 1242 2730 cujus
1266 2687 1400 2718 nomine
1425 2685 1542 2717 urbem
1566 2695 1624 2718 vo-

929 2741 1062 2775 catam.’
1090 2741 1184 2771 Idem.
