1876 3025
378 172 439 201 DE
474 167 745 200 VERBORUM
779 163 1195 197 SIGNIFICATIONE
1234 163 1323 191 [AB.
1358 162 1466 193 Xiv.

235 273 281 308 et
315 267 498 307 Plautus
529 265 571 304 in
606 262 898 304 Nervolaria:

235 341 475 377 amatorem
498 330 714 372 addecet.8

178 403 420 455 Prodigere
443 404 513 441 est
533 411 800 449 consumere,
823 396 940 438 unde
963 399 1007 436 et
1028 394 1244 448 prodigus
1268 392 1329 433 fit.

1548 151 1634 192 649

931 258 1169 300 Productae
1193 257 1441 311 prodigium
1464 270 1562 298 esse
1584 258 1630 298 in

1453 392 1633 446 [PAun.

176 470 448 519 prodidisse,
470 475 646 522 tempus
666 467 843 519 longius
863 465 1041 506 fecisse.

177 538 463 580 Prodidissey
494 550 581 577 non
602 536 744 577 solum
766 537 808 576 in
829 534 918 575 illis
939 533 1117 581 dicitur,
1141 531 1216 584 qui
1236 530 1426 584 patriam
1464 529 1633 583 [Fsssw.

232 607 433 648 hostibus
457 604 762 659 prodiderunt,
793 602 870 644 sed
893 601 1023 643 etiam
1056 604 1231 652 tempus
1260 598 1436 650 longius
1458 598 1633 647 secisse,

232 680 280 716 ut
301 673 412 714 Cato
430 687 439 714 ε
463 673 544 722 Te,
561 671 611 713 C.
633 671 805 720 Caecili,
823 670 939 710 diem
960 667 1241 722 prodidisse9
1262 666 1474 707 militibus
1494 665 1630 718 legio-

231 744 298 783 nis
321 742 481 790 tertiae,
513 754 612 781 cum
633 739 923 793 proditionem
946 750 1029 778 non
1050 736 1272 777 haberent.

176 810 419 862 Prodigia‚²
449 808 565 861 qnod
591 806 840 862 praedicunt
861 806 1035 846 sutura:
1057 804 1380 858 permutatione
1403 802 1446 844 G
1466 803 1632 843 literae:

230 892 329 919 nam
352 891 452 931 quae
476 891 589 918 nunc
613 876 648 918 C
671 875 936 930 appellatur,
957 874 1012 914 ab
1034 873 1229 925 antiquis
1251 871 1294 913 G
1314 872 1574 913 vocabatur.

776 1007 913 1020 eeeeeee

918 1007 1017 1018 eeeee

218 1101 237 1129 8
262 1097 358 1138 Legit
374 1098 465 1129 Scal.
484 1098 625 1129 Pollucte
644 1097 810 1137 prodigum
837 1107 901 1128 esse
924 1100 1094 1128 amatorem
1121 1096 1259 1126 addecet.
1308 1093 1389 1124 Vet.
1415 1092 1491 1123 cod.
1520 1101 1583 1122 esse
1600 1094 1632 1122 in

176 1141 215 1172 m’
230 1145 395 1172 amatorem
407 1142 544 1172 addecet.
567 1141 629 1171 Vir
646 1140 736 1172 doct.
755 1142 788 1171 in
806 1150 909 1180 marg.
926 1141 978 1172 ed.
995 1141 1085 1172 Scal.
1101 1139 1188 1179 conj.
1202 1139 1234 1169 in
1252 1147 1296 1168 me
1314 1140 1482 1167 amatorem
1495 1136 1633 1167 addecet.

176 1188 240 1216 ——9
264 1185 349 1216 Ead.
367 1184 579 1224 ed.prodisse.
612 1184 700 1216 Vide
717 1185 823 1216 Notas
841 1183 901 1216 inf.

832 1309 977 1341 NOTAE

216 1388 228 1410 5
253 1384 450 1425 Prodidisse]
484 1385 627 1416 Prodita
652 1395 717 1425 res,
739 1390 774 1417 et
799 1395 875 1426 pro-

174 1434 277 1470 dicta,
295 1435 355 1476 pr'o
384 1437 502 1467 eodem
520 1436 656 1476 dicitur,
680 1437 796 1468 Livius
815 1437 874 1468 lib.

175 1494 336 1517 xxxvm.
362 1488 370 1503 ‘
386 1487 470 1517 Cuni
493 1487 652 1518 invidiam
669 1493 703 1518 et
719 1488 875 1519 certami-

174 1546 215 1567 na
246 1547 320 1568 cum
359 1537 520 1568 Tribunis
556 1540 781 1579 prospiceret,
819 1539 875 1570 die

173 1589 323 1629 longiore
349 1589 518 1631 prodicta,
546 1591 579 1621 in
604 1592 774 1623 Liternum
796 1601 874 1623 con-

172 1640 284 1678 cessit,
306 1645 400 1672 certo
427 1641 580 1680 consilio,
596 1652 638 1673 ne
667 1642 709 1673 ad
738 1653 874 1673 causam

172 1689 349 1720 dicendam
376 1690 546 1721 adesset:'
571 1691 654 1722 male
682 1692 782 1732 vulgo
804 1702 875 1732 pro-

174 1740 275 1770 ducta.
323 1739 425 1770 Libro
452 1750 506 1771 111.
536 1741 544 1757 ‘
563 1742 596 1771 in
621 1751 790 1773 carcerem
822 1748 876 1774 est

174 1790 365 1829 conjectus,
380 1790 479 1830 eique
499 1790 667 1821 Tribunus
685 1791 772 1821 diem
799 1802 875 1832 pro-

173 1840 283 1871 dixit!
329 1841 386 1880 Et,
404 1842 413 1857 ‘
430 1840 594 1882 Adeoque
611 1842 802 1873 constantia
817 1853 876 1874 sua

173 1897 209 1922 et
224 1891 393 1922 Tribunos
415 1891 660 1932 obstupefecit,
677 1898 711 1923 et
730 1893 876 1934 plebem,

174 1947 211 1972 ut
234 1942 323 1973 diem
340 1941 405 1982 ipsi
431 1952 491 1972 sua
509 1943 682 1973 voluntate
708 1943 872 1983 produce-

173 1993 270 2024 rent.’
305 1993 622 2034 Legefflrodicerent.
654 1994 762 2025 Paulo
777 2000 871 2035 post:

171 2045 180 2061 ‘
200 2050 382 2084 antequam
420 2043 589 2084 producta
625 2043 696 2075 dies
729 2045 873 2086 veniret,

172 2094 337 2126 moritur.’
361 2094 632 2134 Lege‚prodicta.
658 2094 725 2126 Sed
738 2096 871 2137 etapud

173 2147 320 2178 Gellium
349 2152 546 2185 corruptum
575 2146 738 2185 invenies,
771 2157 872 2187 porro

173 2197 261 2237 apud
290 2196 418 2227 Livium
447 2201 482 2227 et
507 2197 631 2236 prodita
657 2197 707 2228 die
733 2198 871 2237 legitur.

173 2248 264 2288 Lege
281 2247 330 2277 ita
343 2245 446 2277 verba
460 2247 617 2277 Catonis:
634 2247 687 2282 Te,
699 2248 735 2278 C.
751 2248 872 2287 Coecz'li,

170 2298 250 2329 diem
265 2298 436 2338 prodidisse
452 2298 602 2329 militibus
610 2298 741 2337 legionis
757 2299 870 2335 tertioe,

170 2357 238 2378 cum
256 2348 462 2388 proditionem
487 2358 546 2378 non
571 2348 708 2380 haberes.
754 2349 872 2380 Prodi·

171 2399 296 2430 tionem
325 2400 543 2439 magistratus
576 2399 702 2430 dicitur
732 2400 871 2441 habere,

171 2449 336 2490 quomodo
364 2455 398 2480 et
417 2449 645 2490 vocationem,
664 2456 700 2481 et
717 2450 870 2490 praehen-

173 2500 311 2535 sionem,
333 2499 397 2530 hoc
423 2504 484 2534 est,
509 2499 687 2540 prodendi,
713 2501 871 2540 vocandi,

174 2545 414 2590 praehendendi
446 2550 514 2590 jus.
560 2550 601 2581 In
641 2552 870 2584 vetustissima

173 2602 249 2641 lege
266 2599 372 2631 fracta
394 2606 514 2632 extant
531 2602 677 2642 vestigia
694 2603 870 2642 productae

172 2651 238 2682 diei
254 2651 302 2681 his
320 2650 430 2682 verbis
434 2672 565 2683 ......
581 2661 640 2684 Ex.
656 2662 765 2685 HACE.
779 2662 869 2686 LEGE

170 2710 414 2733 TRiBVENnEI.
445 2709 584 2733 CAVSSA.
619 2713 868 2736 PRODEiXERiT

174 2762 215 2784 is.
232 2762 323 2788 vTsst.
341 2761 451 2787 QVOD.
473 2760 599 2787 RECTE.
616 2763 770 2793 FACTVM.
790 2765 866 2788 ESSE

930 1394 1052 1417 VOLET.
1072 1393 1215 1417 FAClTo.
1241 1385 1309 1416 Jos.
1329 1384 1414 1415 Scal.

972 1436 1166 1478 Prodidisse]
1214 1436 1366 1474 Prodere,
1405 1442 1503 1474 porro
1529 1431 1630 1462 dare:

928 1493 962 1518 et
977 1497 1041 1518 non
1069 1488 1173 1518 solum
1191 1487 1365 1526 decipere,
1381 1485 1554 1520 deserere,
1571 1481 1630 1512 sed

928 1543 963 1570 et
986 1539 1017 1568 in
1043 1539 1151 1569 lucem
1178 1539 1293 1577 edere,
1311 1536 1458 1576 posteris
1484 1533 1631 1564 tradere.

927 1589 1015 1620 Item
1026 1590 1158 1629 prodere
1170 1594 1234 1626 est,
1248 1586 1417 1628 proferre,
1430 1584 1630 1626 producere.

926 1639 1066 1671 Terent.
1095 1638 1182 1670 And.
1207 1641 1290 1669 11.1.
1314 1638 1323 1654 ‘
1342 1637 1390 1667 Ut
1415 1636 1544 1676 aliquot
1566 1634 1630 1664 sal-

929 1694 996 1720 tem
1013 1689 1141 1729 nuptiis
1160 1689 1280 1728 prodat
1297 1686 1391 1718 dies.'
1430 1687 1491 1716 Est
1507 1685 1632 1725 prodita

926 1740 1006 1777 dies,
1031 1739 1103 1770 dies
1132 1739 1309 1778 producta.
1355 1736 1423 1767 Sed
1451 1735 1554 1766 falsus
1578 1739 1632 1765 est

926 1789 1092 1829 Scaliger,
1108 1789 1163 1829 qui
1186 1787 1290 1818 tradit
1306 1787 1432 1826 prodita
1448 1786 1525 1823 dies,
1540 1784 1630 1815 idem

927 1849 1002 1870 esse
1019 1839 1106 1880 quod
1127 1839 1281 1879 prodicta.
1328 1837 1414 1868 Nam
1428 1836 1566 1876 prodita,
1579 1838 1633 1865 est

927 1890 1071 1930 prolata.
1115 1890 1161 1920 At
1186 1889 1344 1929 prodicta,
1373 1892 1424 1917 est
1451 1886 1630 1927 praedicta,

926 1940 1164 1980 praenuntiata.
1210 1938 1249 1969 In
1268 1938 1379 1968 verbis
1409 1936 1548 1968 Catonis
1572 1945 1632 1976 op-

926 1992 1005 2022 time
1018 1993 1107 2023 Scal.
1123 2002 1190 2022 cum
1200 1990 1407 2032 proditionem
1420 1999 1479 2018 non
1494 1987 1630 2018 haberes.

925 2043 1158 2074 Proditionem
1181 2042 1307 2073 babere
1333 2041 1552 2080 magistratus
1580 2039 1631 2069 di-

925 2095 1027 2133 citur,
1046 2100 1082 2125 ut
1100 2093 1327 2131 vocationem,
1347 2091 1628 2132 prmbensionem,

925 2145 957 2175 id
982 2149 1048 2184 est,
1068 2146 1125 2185 jus
1158 2144 1337 2185 prodendi,
1365 2142 1522 2180 vocandi,
1545 2151 1630 2181 prce·

923 2195 1105 2226 liendendi.
1150 2195 1206 2225 Sic
1220 2193 1427 2234 spectionem
1443 2197 1477 2222 et
1495 2191 1630 2222 nuntia-

924 2246 1048 2277 tionem
1072 2247 1104 2276 ἰη
1130 2244 1359 2286 auguralibus,
1379 2243 1435 2283 jus
1461 2240 1629 2282 spiciendi

923 2302 959 2329 et
975 2297 1171 2328 nunciandi.
1217 2295 1303 2326 Vide
1317 2297 1326 2312 ‘
1345 2293 1504 2335 spectio:
1534 2293 1613 2324 Dac.

964 2354 976 2368 Ζ
1000 2348 1172 2388 Prodigia]
1197 2346 1340 2378 Minime
1367 2344 1571 2377 crediderim
1597 2345 1624 2376 C

923 2399 1089 2440 appellari
1123 2398 1165 2428 ab
1204 2396 1364 2437 antiquis,
1396 2405 1471 2436 quae
1508 2400 1628 2435 postea

922 2451 955 2482 G
990 2451 1084 2481 dicta
1121 2454 1193 2480 est:
1235 2449 1316 2479 licet
1346 2447 1491 2477 maxima
1523 2445 1626 2476 fuerit

925 2503 1103 2543 utriusque
1128 2501 1235 2532 literae
1268 2499 1427 2533 affinitas,
1459 2498 1507 2528 uti
1535 2497 1626 2537 apud

925 2553 1067 2584 Graecos
1091 2552 1203 2583 media
1227 2560 1301 2581 esse
1324 2550 1450 2580 dicitur
1466 2558 1481 2578 r
1499 2548 1586 2578 inter
1603 2546 1626 2577 k

924 2608 960 2634 et
978 2613 1010 2634 x.
1055 2603 1121 2634 Sed
1139 2601 1281 2632 fortasse
1299 2601 1420 2631 Festus
1445 2596 1626 2638 significat,

923 2663 997 2695 quae
1014 2663 1103 2684 nunc
1120 2652 1150 2684 G
1170 2653 1270 2683 litera
1288 2650 1435 2691 prodigia
1452 2648 1625 2686 dicuntur,

923 2705 964 2736 ab
982 2704 1126 2745 antiquis
1143 2704 1169 2734 C
1186 2704 1285 2733 litera
1302 2701 1396 2731 dicta
1420 2708 1492 2729 esse
1518 2699 1624 2738 prodi-

921 2756 979 2788 cia.
1023 2755 1091 2787 Sed
1119 2755 1144 2785 si
1178 2753 1269 2784 dicta
1300 2756 1379 2782 sunt
1410 2760 1429 2781 a
1460 2749 1623 2790 praedico,
