1876 3025
306 148 419 190 1074
752 152 900 185 sux‘m
939 152 1146 182 POMPEH·
1175 151 1310 181 Fsssri

439 249 599 290 Ennius
626 248 695 289 lib.
719 260 751 289 1.
784 246 1013 288 Annalium
1105 278 1114 288 .
1233 277 1242 285 .
1358 273 1367 283 .
1485 276 1496 287 .
1615 273 1625 283 .
1741 273 1751 283 .

695 315 919 369 Polit,pro
931 314 1022 369 pila
1047 314 1151 354 ladit
1234 344 1242 352 .
1361 345 1371 353 .
1491 342 1499 350 .
1645 310 1761 355 dixit

1585 376 1758 419 Petreia

308 453 544 503 vocabatur,
567 466 654 506 quae
678 465 870 505 pompam
894 450 1121 505 praecedens
1143 449 1187 490 in
1208 449 1392 499 coloniis,
1415 453 1492 489 aut
1512 443 1758 498 municipiis,

309 520 552 563 imitabatur
573 534 696 559 anam
718 518 885 568 ebriam,
906 520 962 559 ab
993 518 1084 570 agri
1115 518 1238 567 viiio,
1259 516 1403 557 scilicet
1429 513 1587 569 petreia
1621 510 1759 566 appel-

313 589 414 631 lata.
476 586 653 628 Procilla·
673 587 763 628 sive
786 586 989 640 praecilli.
1049 585 1154 626 Cato
1175 584 1280 625 dixit
1302 583 1346 623 in

311 660 528 698 convertar
550 655 606 696 ad
627 655 749 696 illam

307 723 610 778 impudentior
719 753 728 762 .
851 751 860 760 .
979 750 989 760 .
1106 751 1114 759 .
1237 749 1247 759 .
1365 749 1374 759 .
1494 748 1504 758 .
1622 746 1632 757 .
1663 724 1763 756 ntur

308 793 558 845 legationes
693 821 702 830 .
821 820 830 830 .
950 818 961 828 .
1079 819 1089 829 .
1210 818 1219 826 .
1339 819 1348 828 .
1464 788 1564 826 test.
1623 783 1758 825 Pelli-

306 860 594 908 culationem‚¹¹
612 873 689 912 pro
707 857 994 906 inductionem,
1012 870 1034 895 a
1048 854 1313 910 pelliciendo,
1330 853 1450 909 quod
1468 859 1536 895 est
1551 853 1763 894 inducen-

308 926 374 977 do,
395 927 497 967 dixit
525 926 629 968 Cato
651 927 692 967 in
715 940 759 966 ea
782 926 988 974 oratioue,
1011 937 1143 977 quam
1176 923 1354 976 scripsit
1375 922 1427 962 de

455 1025 465 1035 .
525 1010 560 1044 r,
581 994 662 1035 loco
686 1008 722 1044 s,
745 995 860 1037 Cato
889 1006 1010 1046 Saepe
1039 992 1161 1041 dicit,
1183 996 1229 1032 ut
1253 990 1424 1039 Contra,
1447 1004 1478 1040 s,
1511 987 1702 1036 robosem,
1726 991 1764 1026 et

308 1062 498 1111 arboses,
519 1063 636 1112 loco,
658 1076 693 1111 r,
715 1062 923 1102 dicebant
944 1059 1106 1113 antiqui
1175 1091 1184 1100 .
1278 1089 1287 1100 .
1408 1088 1416 1096 .
1536 1087 1544 1096 .
1662 1067 1763 1108 pro-

307 1131 426 1185 perie
446 1130 555 1171 mari
577 1143 690 1183 opus
713 1135 795 1169 est.
857 1126 1122 1167 Praemiosam
1148 1139 1227 1180 pro
1248 1124 1508 1179 pecuniosam
1529 1122 1634 1163 dixit
1660 1121 1765 1161 Cato

308 1199 353 1238 in
375 1198 586 1248 oratione,
608 1210 740 1250 quam
765 1194 933 1249 scripsit
1043 1224 1052 1233 .
1169 1224 1180 1235 .
1299 1224 1308 1234 .
1429 1221 1438 1230 .
1560 1222 1568 1230 .
1685 1189 1766 1229 im-

309 1266 563 1319 pudentiam
588 1266 870 1318 praemiosam.
914 1260 1134 1301 Pascales⁰
1155 1273 1242 1300 oves
1257 1274 1336 1313 pro
1347 1257 1572 1313 pascuales,
1593 1256 1766 1297 ‘inscien-

310 1335 374 1373 ter
394 1332 537 1372 dixit
528 1346 571 1372 in
593 1345 645 1372 ea
663 1346 784 1386 quam
800 1329 959 1383 scripsit
1022 1357 1033 1368 .
1149 1361 1158 1369 .
1405 1358 1413 1367 .
1534 1358 1543 1368 .
1661 1338 1764 1379 pas-

313 1401 423 1440 calis
446 1400 542 1440 ovis
567 1400 715 1440 vetuit.
765 1397 903 1438 Idem:
930 1396 1118 1451 pellitam
1140 1410 1250 1437 ovem
1277 1394 1544 1435 Tarentinam
1568 1393 1766 1447 appellat
1803 1392 1810 1393 ’

313 1468 356 1507 in
378 1479 429 1506 ea
451 1466 652 1516 oratione,
683 1481 803 1520 quam
835 1465 992 1519 scripsit
1109 1496 1119 1506 .
1239 1495 1249 1505 .
1370 1494 1378 1502 .
1499 1492 1507 1500 .
1624 1460 1764 1513 pretio

314 1533 492 1574 Tarenti
515 1535 627 1587 plus.
689 1534 737 1575 C.
759 1533 947 1574 sestertiis
964 1532 1150 1586 pellitam
1173 1545 1297 1580 ovem,
1319 1544 1445 1585 quam
1468 1530 1615 1581 ignaro
1631 1533 1648 1559 ⁹
1678 1527 1766 1567 Ta-

314 1602 484 1641 rentino
525 1602 642 1655 quod
683 1609 928 1656 pasceretur,
974 1599 1239 1641 Tarentinam
1277 1598 1428 1638 dicunt.
1489 1595 1767 1637 Periculatus

317 1681 429 1716 sum,
452 1668 567 1709 Cato
592 1671 654 1710 ait
674 1671 714 1709 in
746 1668 838 1722 [52]
861 1682 915 1709 ea
936 1670 1146 1716 oratione,
1171 1679 1302 1720 quam
1328 1665 1509 1718 scripsit
1541 1664 1594 1704 ad
1627 1662 1717 1702 litis
1737 1667 1767 1685 ¹0

319 1736 568 1777 Censorias.
644 1737 773 1777 Parsi
812 1750 895 1777 non
942 1737 1137 1789 peperci,
1179 1735 1236 1775 ait
1265 1733 1380 1774 Cato
1410 1733 1452 1772 in
1481 1732 1633 1772 eadem
1672 1742 1769 1770 ora-

317 1804 455 1844 tione.
515 1805 620 1845 Scio
651 1805 845 1845 fortunas
877 1804 1093 1844 secundas
1126 1801 1439 1854 neglegentiam
1467 1799 1674 1853 prendere
1697 1811 1766 1838 so-

315 1871 432 1911 lere:
477 1872 593 1924 quod
626 1873 688 1912 uti
724 1872 992 1925 prohibitum
1030 1872 1151 1920 irem,
1174 1869 1293 1923 quod
1326 1869 1367 1908 in
1399 1881 1467 1908 me
1498 1872 1631 1916 esset,
1666 1853 1765 1906 meo

935 1976 1164 1991 eeeeeeeeeeee

358 2037 377 2063 9
402 2032 427 2065 f.
442 2034 475 2064 in
492 2037 667 2072 agra—10
691 2034 713 2065 f.
731 2038 830 2065 nolus.

968 2119 1108 2151 NOTAE

362 2198 376 2212 ¹¹
401 2191 679 2234 Pelziculationem]
697 2195 812 2225 Velius
831 2195 964 2234 Longus
982 2194 1014 2224 in
1070 2192 1165 2234 tiqui,
1188 2192 1325 2224 Valesius
1341 2197 1375 2223 et
1393 2192 1512 2223 Fusios.
1560 2191 1647 2222 Vide
1665 2201 1767 2232 supia

316 2241 403 2272 libro
432 2243 475 2272 de
504 2242 766 2284 Ortliograpliia.
816 2245 889 2275 Nec
915 2245 1015 2275 aliter
1070 2244 1102 2274 in
1127 2242 1340 2274 ‘Arbosmm'

320 2292 410 2332 apud
436 2294 600 2324 Lucilium
632 2295 770 2334 legitur,
794 2295 826 2325 in
856 2295 1013 2335 praeposi·
1111 2300 1126 2314 0
1152 2293 1310 2332 pascales]
1327 2294 1364 2324 Iu
1383 2293 1567 2334 exemplari
1586 2297 1657 2323 erat
1674 2293 1765 2333 prius

319 2343 409 2373 tione
430 2344 649 2384 perficiendo,
667 2345 754 2385 quod
773 2351 839 2384 est,
856 2345 1015 2375 induceu-
1072 2345 1260 2376 Tarentino:
1285 2345 1410 2375 deinde
1427 2345 1459 2375 iu
1487 2345 1587 2375 litura
1604 2344 1765 2383 scriptum

319 2391 374 2426 do,
411 2393 578 2429 geminata
616 2395 638 2432 l,
672 2395 833 2433 pellicere
872 2396 1014 2434 malunt,
1069 2396 1134 2427 fuit
1155 2395 1338 2426 Terentino.-
1365 2405 1427 2425 nec
1442 2395 1580 2425 dubium
1594 2394 1674 2434 quin
1688 2395 1766 2424 Fes-

320 2452 418 2482 quain
445 2444 610 2482 perlicere
631 2454 638 2473 :
664 2450 696 2473 et
727 2444 814 2483 apud
838 2444 1013 2482 Virgilium
1070 2446 1095 2477 ti
1121 2445 1223 2475 verba
1240 2445 1280 2474 ad
1298 2445 1520 2475 Tarentinum
1539 2454 1640 2483 pecus
1665 2444 1767 2483 perii·

320 2502 383 2522 non
410 2493 508 2522 aliter
535 2493 685 2532 legimus,
710 2494 857 2524 Pellaeis
874 2495 1013 2535 Ulyssis.
1069 2501 1184 2530 neant,
1223 2495 1311 2535 quod
1353 2495 1476 2535 pascali
1507 2495 1702 2534 opponitur,
1732 2499 1767 2524 et

319 2543 404 2574 Quae
421 2548 607 2583 sequiiutur
631 2544 694 2573 alio
713 2545 903 2583 pertinent:
927 2545 1013 2575 desi·
1071 2551 1199 2576 tectum
1240 2547 1342 2576 etiarn
1383 2551 1534 2575 vocatur.
1581 2545 1767 2575 Columella

317 2591 478 2622 derantur
509 2598 621 2622 autem
661 2593 763 2623 verba
794 2594 943 2632 Catonis,
981 2595 1014 2624 in
1071 2595 1126 2626 lib.
1168 2605 1234 2627 vn.
1273 2605 1348 2635 cap.
1386 2598 1417 2627 4.
1454 2594 1530 2625 vide
1570 2595 1602 2624 in
1640 2594 1764 2624 ·Solox

316 2641 437 2681 quibus
454 2652 529 2672 usus
546 2647 618 2672 erat
634 2652 662 2681 r,
680 2643 752 2673 loco
768 2653 796 2682 s,
813 2649 849 2674 ut
873 2644 1015 2675 Valerios
1070 2644 1169 2676 lana!

315 2695 350 2721 et
368 2690 482 2722 Furios
505 2692 839 2733 dixeruntjunfflres,
857 2703 939 2734 quos
956 2704 1012 2726 an-
