1876 3025
265 147 350 190 784

676 157 825 189 SEXTI
859 155 1062 187 POMPEII
1095 156 1232 187 FESTI

271 251 441 294 Roscii*
471 253 594 309 vulgo
615 251 816 308 appellari
838 252 983 294 solent
1014 252 1058 292 in
1080 252 1187 292 omni
1219 258 1307 293 arte
1329 252 1387 293 ica
1410 267 1507 307 per·
1545 252 1714 307 [FEST.

312 320 436 377 fecti,
466 328 512 362 ut
534 320 705 363 Roscius
725 321 955 363 comoedus
976 321 1021 361 in
1041 327 1130 361 orte
1150 335 1224 361 sua
1240 319 1445 376 perfectus
1464 318 1621 376 fuerit,
1653 318 1717 358 cui

327 389 436 430 nihil
467 389 643 430 deesset
659 388 714 429 ad
727 386 1033 444 perfectionem,
1050 393 1096 428 ut
1116 387 1221 428 libro
1236 389 1375 442 primo
1398 389 1451 430 de
1469 392 1639 430 oratore
1658 386 1718 426 ait

332 456 486 498 Cicero.

283 526 448 568 Rustica
469 525 627 566 vinalia
638 532 654 555 5
691 538 840 566 mense
868 523 1080 578 Augusto,
1098 530 1144 565 ut
1166 529 1221 565 est
1236 524 1284 569 ,τή
1302 523 1450 581 fastis,
1476 522 1622 566 Veneri
1636 522 1721 578 fle-

330 595 442 645 bant,
473 595 596 649 quod
618 593 772 635 eodem
792 594 865 635 illo
882 593 945 634 die
966 591 1060 634 cedis
1082 593 1118 634 ez'
1151 591 1250 633 Deae
1281 600 1511 634 consecrata
1541 597 1623 643 est,
1651 592 1724 646 ju-

330 668 554 718 mentaque
587 669 625 702 et
656 661 816 703 olitores
848 660 900 702 ab
931 675 1047 716 opere
1068 667 1230 711 cessent,
1252 660 1350 717 quia
1373 674 1527 703 omnes
1547 661 1659 702 horti
1680 661 1723 701 in

331 731 457 772 tutela
490 728 655 771 Veneris
677 745 755 771 esse
776 730 986 771 dicuntur.

277 799 454 842 Rosea²
470 801 511 841 in
531 812 691 852 campo
707 798 897 840 Reatino
914 811 1101 852 campus
1121 798 1391 851 appellatur,
1410 797 1529 852 quod
1547 797 1724 852 [PAUL.

334 869 378 909 in
400 881 450 909 eo
473 880 578 908 arva
600 880 697 908 rore
719 867 901 908 humida
922 880 1094 921 semper
1115 870 1367 908 seruntur.¹9

876 988 956 1001 0000
960 988 1116 1001 ”NOOOO

323 1080 361 1109 19
384 1075 582 1118 Legendum
600 1080 714 1108 monet
731 1076 987 1114 Dac.seruntur.

933 1185 1076 1218 NOTAE

323 1266 338 1282 ¹
363 1262 484 1303 Roscii]
513 1260 741 1293 Referebatur
762 1271 781 1292 a
806 1262 910 1292 Festo
931 1261 979 1292 lo-

280 1323 341 1345 cus
355 1313 526 1344 Ciceronis
551 1313 573 1344 l.
589 1322 612 1344 1.
635 1313 677 1344 de
693 1313 841 1344 Oratore
857 1323 864 1344 :
887 1314 896 1330 ‘
914 1312 981 1343 Ita-

281 1375 346 1406 que
363 1364 427 1396 hoc
446 1363 578 1405 jamdiu
596 1368 648 1395 est
663 1369 878 1399 consecutus,
895 1368 931 1393 ut
948 1362 980 1393 in

279 1426 346 1458 quo
362 1416 502 1457 quisque
518 1415 664 1446 artificio
680 1414 881 1453 excelleret,
905 1414 932 1444 is
949 1414 982 1444 in

283 1476 344 1497 suo
362 1475 487 1505 genere
505 1465 646 1496 Roscius
663 1464 858 1496 diceretur!
894 1464 981 1496 Quae

283 1521 474 1558 sequuntur
491 1514 680 1556 fragmenta
698 1524 852 1546 versuum
869 1514 982 1545 viden-

283 1571 340 1598 tur
372 1566 546 1607 pertinere
567 1565 610 1596 ad
638 1566 647 1582 ⁴
666 1566 807 1597 Rustica
836 1564 984 1596 vinalia.’

284 1618 361 1649 Ant.
376 1617 461 1655 Aug.

330 1667 453 1707 Roscii]
470 1666 584 1698 Infra:
606 1667 714 1698 Roscii
729 1667 876 1707 appellari
888 1667 986 1698 solent

283 1719 319 1750 in
344 1722 414 1749 arte
439 1718 543 1758 aliqua
571 1719 723 1758 perfecti:
747 1718 825 1757 quod
857 1717 988 1748 Roscius

289 1770 450 1800 Comoedus
471 1769 504 1799 in
529 1772 598 1799 arte
623 1778 680 1799 sua
703 1767 858 1808 perfectus
872 1767 988 1806 suerit,

285 1822 360 1852 adeo
376 1824 409 1851 ut
424 1821 505 1851 nihil
518 1821 546 1851 ei
561 1821 674 1851 deesset
690 1821 730 1850 ud
748 1819 965 1860 perfectionem
979 1830 989 1850 .·

285 1876 320 1903 ut
337 1872 391 1903 lib.
408 1881 432 1903 ι.
449 1873 486 1902 de
505 1872 638 1902 Oratore
649 1871 693 1901 αἱι
710 1871 826 1901 Cicero.
852 1869 988 1900 Deinde

288 1923 378 1954 aliud
406 1926 511 1962 caput
527 1933 533 1951 :
570 1922 702 1952 Rustica
737 1921 857 1951 vinalia
888 1930 990 1951 mense

287 1975 428 2013 Augusto
455 1972 569 2003 Veneri
591 1972 695 2002 dicata
721 1975 814 2002 sunt:
838 1972 918 2010 quod
944 1980 991 2001 eo·

288 2026 356 2056 dem
370 2025 422 2055 illo
437 2024 487 2054 die
506 2023 584 2053 cedis
604 2015 632 2053 ei
655 2024 831 2052 consecrata
850 2021 911 2051 sit:
933 2020 989 2059 ju-

288 2078 390 2106 menta
404 2083 529 2114 quoque,
545 2072 681 2113 olitores,
697 2075 727 2103 et
742 2081 843 2102 omnes
858 2071 940 2102 horti
956 2073 989 2101 in

289 2127 354 2165 ejus
370 2127 466 2156 tutela
481 2127 564 2155 sunt.
608 2125 664 2155 De
683 2124 849 2164 jumentis
875 2127 988 2154 autem

289 2177 495 2209 mentionem
511 2175 604 2213 feeit,
620 2175 700 2214 quia
718 2174 876 2215 jumenta
896 2182 988 2204 coro-

292 2234 375 2260 nata
411 2238 452 2259 eo
482 2228 538 2258 die
571 2227 614 2258 ab
649 2236 753 2267 opere
785 2226 964 2257 cessabant
981 2236 987 2253 ε

292 2289 483 2323 quanquam
500 2289 565 2310 non
587 2288 628 2309 eo
654 2278 721 2316 die,
745 2277 804 2308 sed
825 2277 933 2307 altero
949 2276 990 2306 ab

295 2332 361 2367 illo,
374 2330 437 2361 hoc
454 2335 517 2365 est,
537 2327 773 2367 Consualibus,
788 2336 922 2358 cessare
939 2336 990 2357 ⁵0⁴

294 2382 356 2413 lita
386 2381 434 2411 ait
464 2379 662 2411 Plutarchus
693 2379 727 2409 in
766 2377 991 2410 Quaestionib.

294 2434 360 2464 Jos.
376 2431 460 2462 Scal-

339 2481 448 2513 Roscii
473 2482 563 2520 tulgo
583 2479 734 2520 appellari
753 2478 865 2519 solent]
890 2478 992 2510 Hunc

298 2535 410 2564 locum
427 2533 475 2564 ita
490 2532 709 2572 suppleverat
733 2531 811 2560 olim
829 2530 994 2569 Scaliger.

301 2586 408 2616 Locus
424 2582 598 2614 Ciceronis
615 2590 714 2622 quem
733 2581 852 2612 Festus
873 2580 995 2611 intelli-

297 2635 369 2673 git:
395 2634 541 2675 ‘Itaque
566 2637 601 2663 et
626 2633 666 2663 ad
691 2632 778 2662 hanc
806 2630 995 2662 similitudi-

296 2694 374 2716 nem
399 2685 499 2725 liujus
523 2683 693 2715 histrionis
721 2683 900 2714 oratoriam
925 2682 994 2712 lau-

301 2738 376 2768 dem
391 2736 590 2777 dirigamus:
609 2734 787 2773 videtisne,
803 2743 899 2775 quam
917 2733 997 2764 nihil

1036 1260 1079 1292 ab
1106 1270 1159 1298 eo,
1190 1260 1253 1291 nisi
1281 1258 1448 1300 perfecte,
1467 1257 1546 1289 nihil
1570 1257 1633 1288 nisi
1656 1267 1733 1289 cnm
1769 1268 1774 1274 ·

1037 1322 1165 1343 summa
1183 1316 1360 1342 venustate
1377 1310 1459 1341 fiat?
1486 1309 1562 1340 nihil
1587 1309 1650 1340 nisi
1676 1309 1736 1347 ita,

1037 1368 1074 1394 ut
1087 1363 1222 1403 deceat,
1236 1363 1335 1394 etuti
1351 1371 1467 1393 omnes
1483 1366 1620 1392 moveat
1632 1367 1734 1402 atque

1038 1415 1216 1446 delectet?
1260 1415 1382 1456 Itaque
1411 1414 1472 1445 hoc
1495 1414 1569 1454 jain
1598 1413 1655 1443 diu
1682 1417 1736 1443 est

1038 1471 1252 1504 consecutus,
1268 1471 1305 1497 ut
1322 1466 1355 1496 in
1379 1475 1444 1506 quo
1471 1465 1613 1506 quisque
1630 1463 1737 1494 artifi-

1039 1518 1091 1548 cio
1108 1518 1307 1558 excelleret,
1325 1518 1351 1548 is
1376 1517 1408 1547 in
1426 1526 1485 1547 suo
1502 1525 1627 1557 genere
1655 1515 1737 1546 Ros-

1039 1568 1110 1599 cius
1127 1567 1326 1599 diceretur.y
1348 1567 1430 1598 Dae.

1082 1623 1095 1644 Y
1120 1618 1250 1649 Rustica
1264 1617 1398 1656 vinalia]
1413 1616 1508 1648 Idem
1522 1616 1620 1647 Varr.
1636 1615 1692 1645 lib.
1706 1624 1745 1645 v.

1039 1669 1048 1684 ‘
1065 1667 1206 1699 Rustica
1227 1668 1351 1698 vinalia
1377 1667 1537 1698 dicuntur
1553 1672 1631 1697 ante
1649 1665 1739 1696 diem

1039 1718 1274 1749 duodecimum
1314 1718 1488 1749 Kalendas
1521 1716 1743 1758 Septembris,

1041 1770 1128 1810 quod
1159 1775 1229 1802 tuni
1255 1769 1380 1800 Veneri
1412 1769 1569 1800 dedicata
1592 1767 1685 1807 aedis,
1707 1772 1743 1797 et

1040 1820 1127 1851 lrorti
1147 1821 1218 1861 ejus
1237 1820 1353 1851 tutelae
1371 1820 1598 1859 assignantur,
1617 1828 1656 1849 ac
1674 1822 1740 1848 tam

1040 1877 1119 1902 sunt
1135 1870 1246 1902 feriati
1265 1870 1428 1902 olitores.¹
1466 1871 1576 1901 Porro
1592 1869 1743 1909 duplicia

1042 1921 1138 1952 fuere
1162 1921 1301 1961 vinalia,
1329 1922 1434 1951 altera
1459 1921 1509 1951 vel
1540 1923 1589 1951 12.
1614 1920 1667 1950 vel
1692 1923 1744 1951 14.

1044 1973 1122 2004 Kal.
1149 1972 1324 2013 Septemb.
1348 1973 1456 2003 altera
1480 1975 1511 2002 9.
1536 1972 1614 2002 Kal.
1633 1971 1743 2001 Maias

1043 2023 1227 2055 celebrata.
1274 2022 1416 2053 Veneris
1444 2022 1522 2060 alia,
1553 2022 1617 2052 alia
1648 2021 1744 2052 Jovis

1042 2084 1150 2105 sacra.
1194 2073 1263 2105 Sed
1296 2072 1339 2104 de
1367 2073 1518 2114 utrisque
1545 2073 1593 2103 ita
1614 2072 1744 2102 dissen-

1045 2125 1134 2156 tiunt
1153 2124 1313 2161 Veteres,
1341 2127 1378 2153 nt
1398 2123 1477 2153 nillil
1495 2122 1579 2153 certi
1598 2131 1745 2162 nuquam

1044 2185 1086 2207 ex
1103 2176 1142 2206 iis
1158 2178 1350 2212 statuatur3
1376 2183 1452 2204 nam
1468 2173 1519 2204 vel
1537 2173 1608 2214 ipse
1626 2173 1747 2203 Festus

1045 2227 1100 2268 qui
1124 2225 1178 2257 hic
1196 2226 1317 2256 vinalia
1334 2226 1458 2256 mensis
1476 2224 1619 2264 Augusti
1636 2224 1746 2254 Vene-

1045 2278 1072 2309 ri
1090 2286 1186 2308 sacra
1202 2277 1298 2314 dicit,
1316 2276 1404 2307 idem
1421 2285 1461 2306 ea
1479 2273 1568 2305 infra
1582 2273 1679 2305 Jovis
1696 2283 1749 2303 sa-

1047 2338 1105 2359 cra
1122 2327 1225 2358 facit:
1258 2332 1369 2357 tamen
1399 2326 1505 2356 multo
1538 2324 1747 2355 verisimilius

1048 2384 1112 2416 est,
1127 2377 1250 2409 vinalia
1266 2376 1389 2407 mensis
1408 2375 1535 2416 Aprilis
1549 2374 1674 2405 veneri
1698 2374 1748 2404 ‹li-

1048 2435 1126 2461 cata
1152 2428 1255 2459 fuisse
1279 2427 1376 2468 eique
1404 2426 1520 2457 hortos
1552 2425 1750 2462 dedicatos;

1049 2489 1125 2510 nam
1143 2484 1179 2509 et
1203 2487 1244 2509 ea
1268 2475 1432 2518 ἀφροδίσια
1458 2481 1559 2507 vocat
1575 2475 1750 2506 Plutarch.

1049 2530 1184 2561 Vinalia
1207 2539 1287 2560 vero
1308 2529 1431 2560 mensis
1456 2527 1609 2566 Sextilis,
1626 2527 1667 2557 ad
1690 2526 1749 2558 Jo-

1049 2590 1122 2612 vem
1155 2579 1373 2620 pertinuisse.
1418 2577 1581 2611 Quamvis
1612 2581 1748 2607 contra-

1050 2632 1135 2662 rium
1154 2631 1253 2670 plane
1270 2629 1357 2670 apud
1381 2629 1564 2669 scriptores
1587 2627 1747 2667 reperias.

1049 2681 1137 2712 Vide
1159 2682 1168 2697 ⁴
1183 2679 1330 2720 Calpar.¹
1356 2680 1453 2710 Idem.

1092 2737 1105 2752 ²
1129 2731 1242 2771 Rosea]
1260 2732 1374 2763 Coesar
1390 2730 1566 2771 Vopiscus,
1581 2737 1655 2759 cum
1671 2736 1748 2758 can-
