1876 3025
276 168 361 208 844

742 179 887 210 SEXTl
924 179 1128 208 POMPEM
1163 179 1298 210 FEST!

277 274 493 316 Secundae
515 288 582 316 res
597 274 611 299 b
633 288 718 316 non
736 288 761 316 a
782 287 961 315 numero
984 274 1196 322 dicuntur,
1212 275 1290 316 sed
1311 277 1432 330 quia,
1454 280 1501 317 ut
1523 276 1727 326 velimus,

334 349 589 396 sequantur.

277 409 455 460 Secus,⁰
477 411 625 452 aliter:
657 409 778 451 haud
802 422 947 457 seeuS,
965 421 1052 448 non
1073 409 1217 450 aliter.

277 477 414 518 Seeus
451 477 638 530 Valgius
672 475 834 531 putatd
870 489 927 516 ex
967 475 1142 526 GraeCO‚
1179 477 1299 530 quod
1333 481 1401 519 est
1431 480 1530 526 ἑκὰς,
1560 478 1725 528 [FEST.

335 546 524 586 dietum:
558 545 746 586 absurde
781 544 986 586 scilicet:
1019 544 1236 596 significat
1266 547 1380 586 enim
1418 551 1568 599 aperte
1603 546 1730 588 aliter

334 614 548 667 exemplis
572 614 764 654 omnium
787 613 892 662 fere,
910 612 985 666 qui
1007 625 1104 652 eam
1127 626 1283 654 vocem
1306 619 1531 667 usurpant.

276 680 582 730 Sediculum,¹0
595 687 608 702 Ε
626 681 774 722 sedile.

1554 681 1732 733 [PAUL.

278 746 476 797 Sedum,f
505 749 578 789 alii
600 749 774 800 sadum,
796 752 1027 805 appellant
1049 754 1245 802 herbam,
1269 764 1402 806 quam
1424 749 1533 804 Opi-
1563 750 1729 803 [FEST.

333 817 420 856 lius
438 816 646 857 Aurelius
668 819 887 860 sesunium
912 822 1063 862 vocari
1084 822 1160 871 ait,
1182 833 1364 873 eamque
1386 820 1430 859 in
1452 819 1608 871 tegulis
1630 818 1728 868 seri,

332 897 412 925 nec
437 886 720 937 quamobrem
742 886 785 926 id
804 888 1091 937 fiat,indicat.

277 951 436 1004 Segesss
459 953 620 993 dicitur
655 967 708 994 ea
737 968 841 1008 pars
873 956 979 1010 agri,
1006 970 1105 1011 quae
1136 961 1273 1006 arata,
1308 958 1352 995 et
1386 953 1556 995 consita
1584 956 1665 1001 est,
1703 965 1729 993 a

334 1020 516 1061 serendo
533 1021 757 1062 videlicet.

277 1087 487 1140 Segestah
529 1103 627 1142 quae
668 1103 781 1132 nunc
818 1092 1086 1145 appellatur,
1127 1091 1342 1146 oppidum
1367 1091 1410 1131 in
1452 1090 1606 1131 Sicilia
1644 1094 1727 1138 est,

884 1211 1003 1223 ‘mee

320 1266 358 1294 10
383 1264 460 1296 Vet.
479 1264 537 1296 lib.
555 1265 743 1297 Saticulam.

1007 1211 1124 1224 eeeee

932 1354 1071 1387 NOTAE

319 1414 332 1434 ὓ
355 1414 505 1447 Secundoe
520 1417 584 1457 res]
610 1417 686 1449 Hoc
708 1423 771 1454 est,
798 1429 973 1459 prosperoe:

274 1475 350 1496 nam
378 1467 524 1497 secundus
546 1477 606 1507 pro
630 1478 774 1509 prospero
802 1470 927 1501 dicitur
955 1480 974 1501 a

273 1516 456 1557 sequendo.
490 1518 650 1549 Secundus
667 1529 746 1550 vero
764 1519 805 1550 de
822 1530 971 1561 numero,

273 1569 480 1607 asecundum‚
508 1570 596 1609 quod
619 1579 637 1599 a
664 1580 758 1600 secus.
805 1570 891 1602 Haec
908 1570 972 1602 fuit

272 1617 372 1647 Pauli
391 1619 442 1648 vel
462 1619 745 1652 Festisententia.
771 1622 972 1663 Quanquam

273 1673 307 1699 et
326 1675 468 1709 utraque
485 1670 618 1700 notione
628 1673 778 1703 secundus
794 1675 973 1713 asequendo

276 1724 369 1749 recte
387 1719 580 1750 deducitur.
605 1721 703 1752 Idem.

315 1774 327 1788 ⁰
351 1769 460 1810 δἐι-ηε]
487 1770 572 1800 vide
589 1772 598 1786 ‘
614 1771 745 1802 Sexus.y
770 1773 897 1805 Charis.
916 1773 973 1805 lib.

275 1829 298 1850 1.
324 1822 372 1851 ait
398 1830 484 1852 secas
508 1832 568 1862 pro
593 1833 667 1853 sexu
696 1823 775 1863 dici,
798 1829 833 1854 et
856 1825 974 1856 adver-

273 1871 363 1902 bium
396 1872 585 1911 significare
619 1874 764 1905 ‘aliter.'
811 1876 972 1907 Ceterum

273 1923 361 1962 quod
391 1923 510 1962 vulgus
541 1930 694 1964 usurpat,
727 1927 853 1957 ‘Secus
879 1927 972 1957 illum

272 1972 367 2010 sedi:
383 1972 445 2003 lioc
460 1979 524 2012 est,
542 1975 725 2005 secundum
744 1976 850 2017 illum,
872 1983 906 2007 et
922 1977 971 2008 fa·

271 2028 379 2063 tuum,
417 2029 453 2053 et
479 2024 650 2054 sordidum
678 2032 746 2057 est.
791 2026 879 2057 Hoec
905 2028 972 2058 ille.

271 2072 351 2103 Ant.
375 2073 458 2112 Aug.

315 2123 425 2162 Secns]
451 2124 529 2154 Non
555 2125 689 2155 ‘aliter'
720 2131 848 2156 tantum
865 2126 966 2166 signi-

272 2173 362 2210 ficat,
378 2174 435 2204 sed
451 2175 553 2204 etiam
567 2175 709 2215 ‘juxta‚'
726 2182 733 2193 ‘
746 2177 878 2217 prope.’
902 2178 971 2209 Un-

272 2223 314 2254 de
339 2224 370 2254 in
394 2224 505 2255 Gloss.
528 2225 667 2267 ‘Secus‚
693 2227 803 2267 ἑτέρως
824 2227 875 2258 καὶ
890 2234 971 2266 πλη-

272 2274 363 2305 aion!
381 2275 389 2290 ‘
404 2275 523 2313 ὅρους,
540 2276 652 2312 aliter,
669 2283 701 2307 et
718 2279 845 2319 prope.'
862 2280 942 2311 Dae.

312 2324 327 2344 <¹
350 2324 447 2356 Secus
467 2326 596 2365 Valgius
608 2327 715 2367 putat]
733 2329 816 2360 Cum
831 2331 972 2370 Valgius

270 2386 356 2406 secus
385 2376 483 2406 duxit
511 2387 528 2407 a
557 2378 679 2409 Graeeo
707 2379 791 2418 ἑκὰς,
815 2380 877 2411 hoc
907 2386 974 2419 est,

270 2427 372 2467 longe,
389 2437 464 2457 enm
482 2437 522 2458 eo
548 2430 739 2468 respexisse
757 2431 973 2468 crediderim,

271 2477 359 2518 quod
378 2478 457 2508 dnm
476 2478 549 2518 quis
568 2479 666 2510 aliter
693 2481 866 2520 quippiam
884 2480 968 2513 facit

270 2537 368 2567 quam
387 2527 503 2562 deber,
518 2528 544 2558 is
562 2533 630 2558 tum
649 2529 690 2560 ab
706 2529 815 2561 officio
840 2541 899 2562 suo
925 2533 971 2562 vi-

270 2577 371 2609 detur
389 2578 563 2609 recedere.
591 2579 687 2611 Idem.

313 2633 326 2648 ‘³
350 2629 544 2669 Sediculum]
568 2629 597 2660 A
623 2631 706 2670 sede,
722 2631 971 2673 ὑποκοριστικῶς,

274 2679 451 2709 sediculum.
478 2679 586 2709 Idem.

316 2728 324 2743 '‘
344 2729 472 2771 Sedum]
496 2730 608 2762 Stulte
633 2731 768 2772 quaerit,
793 2741 897 2773 quare
922 2743 969 2765 se-

1028 1421 1101 1451 dum
1114 1424 1247 1451 seratur
1263 1419 1295 1450 in
1312 1419 1447 1459 tegulis,
1460 1422 1581 1459 putans
1599 1416 1730 1448 scilicet

1029 1471 1073 1501 ob
1089 1471 1285 1511 religionem
1314 1470 1439 1510 potius,
1454 1479 1552 1510 quam
1572 1474 1727 1498 naturam

1028 1521 1117 1552 illius
1135 1521 1261 1561 lierbae,
1279 1522 1340 1552 hoc
1358 1519 1444 1551 fieri.
1468 1521 1537 1550 dos.
1556 1520 1641 1550 Scal.

1070 1571 1199 1611 Sedum]
1224 1571 1300 1602 Alio
1317 1571 1463 1608 nomine,
1489 1569 1586 1602 Jovis
1611 1568 1730 1607 caulis,

1027 1622 1288 1662 semper-vivum,
1322 1621 1417 1654 Jovis
1458 1621 1560 1651 barba
1589 1619 1728 1650 dicitur.

1028 1674 1120 1705 Gall.
1140 1672 1306 1704 Joutmrbe.
1354 1673 1398 1703 Et
1427 1671 1460 1701 in
1484 1670 1607 1711 tegulis
1634 1670 1729 1700 nasei

1028 1728 1130 1754 amat.
1176 1724 1290 1756 Quare
1318 1724 1425 1754 stulte
1458 1722 1580 1763 quaerit
1609 1721 1729 1751 Festus

1028 1784 1088 1804 cur
1106 1775 1136 1804 in
1156 1775 1279 1811 tegulis
1295 1779 1442 1812 seratur,
1460 1777 1582 1813 putans
1599 1771 1729 1802 scilicet

1029 1824 1070 1855 ob
1090 1824 1286 1863 religionen]
1305 1824 1430 1863 potius,
1446 1832 1543 1863 quam
1574 1827 1728 1852 naturam

1027 1875 1115 1905 illius
1146 1875 1274 1911 lierbae,
1305 1875 1366 1905 hoe
1395 1874 1480 1905 fieri.
1526 1876 1728 1913 Quanquam

1026 1925 1149 1956 alicubi
1163 1935 1215 1956 me
1231 1926 1353 1965 legisse
1367 1926 1480 1956 videor
1491 1926 1636 1955 Veteres
1653 1934 1727 1955 eam

1026 1975 1059 2005 in
1077 1977 1198 2015 tegulis
1208 1985 1321 2007 serere
1336 1977 1452 2007 solitos
1465 1975 1582 2006 fuisse:
1600 1975 1728 2015 qnippe

1027 2026 1079 2055 cui
1108 2026 1171 2055 vim
1196 2026 1340 2064 aliquam
1367 2025 1590 2056 sedandarum
1617 2024 1726 2055 fulini-

1028 2085 1104 2105 num
1123 2076 1232 2105 inesse
1249 2076 1444 2106 crederent.
1468 2076 1548 2106 Dae.

1070 2130 1085 2151 ἕ
1108 2125 1220 2164 Seges]
1244 2125 1389 2165 Proprie
1406 2126 1447 2156 de
1463 2124 1650 2163 frumento,
1667 2126 1725 2156 sed

1027 2185 1089 2216 per
1105 2176 1348 2216 Metonymiam
1366 2176 1407 2207 de
1432 2182 1523 2207 terra
1542 2178 1614 2217 ipsa
1632 2181 1728 2207 arata

1026 2231 1061 2256 et
1085 2226 1225 2257 consita.
1271 2227 1326 2258 Sic
1353 2227 1453 2257 Varr.
1470 2227 1512 2258 de
1532 2228 1571 2258 R.
1590 2228 1630 2258 R.
1655 2229 1724 2257 ‘se-

1027 2287 1085 2317 ges
1114 2277 1237 2308 dicitur
1260 2278 1348 2319 qnod
1379 2285 1509 2309 aratum
1538 2284 1644 2309 satum
1662 2284 1725 2314 est,

1030 2337 1146 2357 arvum
1162 2328 1248 2368 quod
1267 2334 1411 2368 aratum,
1428 2328 1574 2358 nondum
1587 2328 1722 2358 satum!

1030 2378 1260 2409 Veriimetiam
1300 2379 1342 2409 de
1381 2385 1474 2409 terra
1513 2375 1723 2419 simpliciter,

1027 2438 1222 2470 quaeneque
1240 2434 1347 2467 arata,
1362 2439 1472 2471 neque
1488 2436 1562 2460 sata
1579 2432 1633 2461 sit.
1651 2431 1725 2460 Vir-

1027 2480 1083 2520 gil.
1115 2480 1171 2510 lib.
1206 2489 1256 2512 iv.
1295 2481 1423 2520 Georg.
1479 2482 1488 2498 ‘
1502 2481 1577 2511 Nec
1610 2482 1724 2520 pecori

1027 2537 1221 2571 opportuna
1237 2541 1333 2572 seges
1354 2541 1416 2563 nec
1444 2533 1618 2563 commoda
1634 2532 1722 2563 Bac-

1029 2581 1116 2613 cho!
1141 2582 1238 2613 Idem.

1071 2632 1084 2653 ¹¹
1122 2633 1269 2675 Segesta]
1307 2633 1396 2665 Vide
1440 2634 1449 2651 ‘
1463 2633 1723 2665 Beneventum.'

1026 2684 1103 2716 Ant.
1118 2685 1204 2724 Aug.

1067 2735 1212 2776 Segesta]
1263 2736 1271 2752 ‘
1284 2736 1430 2777 Segesta
1467 2742 1520 2768 est
1559 2735 1720 2777 oppidum
