1876 3025
624 139 986 172 FRAGMENTUM.
1416 127 1527 168 1145

81 237 381 292 appellantur:
411 237 571 290 quibus
595 240 637 278 et
659 249 686 276 a
707 235 869 277 Naevio
890 234 1051 276 bellum
1074 232 1293 274 Punicum
1314 231 1526 285 scriptum

82 310 163 354 est,
187 307 232 345 et
250 318 277 346 a
296 305 443 345 multis
464 304 566 345 aliis
591 305 718 358 plura
739 302 988 356 composita
1008 304 1106 342 sunt
1125 299 1202 353 qui
1222 299 1345 340 Deus
1366 299 1407 338 in
1427 299 1527 339 sali-

83 374 229 414 aribus
259 372 520 413 Saturnus¹⁷
552 372 815 420 nominatur,
846 369 1050 411 videlicet
1075 381 1101 408 a
1123 366 1382 408 sationibus.
1442 366 1526 406 Sas

84 441 265 482 Verrius
287 446 415 495 putat
437 441 684 495 significare
703 452 795 489 eas,
817 442 926 479 teste
956 437 1113 487 Ennio,
1134 436 1212 490 qui
1238 435 1358 475 dicat
1377 433 1421 473 in
1440 433 1467 474 l.
1495 444 1527 472 1.

81 508 289 562 Virgines
308 523 405 549 nam
433 509 519 550 sibi
540 508 725 562 quisque
755 507 871 549 domi
893 505 1123 546 Romanus
1144 503 1274 544 habet
1294 514 1395 542 sas:
1427 513 1527 541 cum

82 588 187 616 suas
209 576 346 629 magis
375 576 576 617 videatur
615 574 881 628 significare:
926 572 1057 613 sicuti
1096 569 1296 625 ejusdem
1328 569 1404 610 lib.
1429 578 1529 609 1111.

82 644 309 685 fatendum
344 649 412 685 est
445 657 541 685 eam
576 642 827 696 significari,
865 654 964 681 cum
998 640 1082 681 ait:
1114 637 1261 680 Nec¹8
1292 637 1527 690 quisquam

81 712 410 766 philosophiam
421 726 520 766 quae
536 711 733 752 doctrina
748 714 780 741 ¹9
802 709 960 750 Latina
972 708 1121 760 lingua
1140 719 1227 747 non
1243 705 1391 754 habet,
1407 703 1529 756 sapi-

81 780 198 821 entia
218 793 318 834 quae
334 780 584 833 perhibetur
604 778 669 833 (in
690 776 852 818 somnis
873 775 982 816 vidit
1009 774 1144 827 prius,
1166 786 1299 827 quam
1323 785 1419 812 sam
1440 770 1529 811 dis-

81 860 178 887 cere
211 848 364 901 coepit.
394 847 511 887 idem
540 859 640 886 cum
663 846 722 886 ait
742 856 923 896 sapsam
945 855 1024 895 pro
1046 842 1163 894 ipsa,
1184 853 1266 880 nec
1290 840 1378 880 alia
1406 838 1530 891 ponit

80 914 127 955 in
147 915 223 955 lib.
244 926 359 955 X111.
419 914 524 965 Quo
546 926 614 954 res
638 924 776 966 sapsa
801 912 905 951 loca
937 922 1039 951 sese
1068 911 1359 961 ostentatque,
1385 906 1530 960 jubet-

82 995 191 1035 que:
212 986 253 1023 et
274 981 500 1023 Pacuvius
519 982 564 1021 in
584 980 781 1020 Teucro:
805 977 922 1018 Nam
942 977 1161 1017 Teucrum
1190 975 1280 1027 regi
1304 985 1439 1027 sapsa
1459 984 1529 1012 res

80 1049 369 1091 restibiliet.20
429 1049 667 1097 Scaevam?
697 1046 854 1098 volgus
888 1044 1070 1098 quidem
1094 1047 1138 1084 et
1165 1043 1210 1083 in
1243 1043 1377 1090 bona,
1409 1044 1454 1081 et
1483 1040 1528 1079 in

80 1117 200 1158 mala
223 1130 266 1157 re
292 1122 452 1158 vocat:
488 1129 587 1158 cum
610 1116 733 1156 aiunt
754 1112 873 1167 [134]
898 1113 1074 1160 bonam,
1101 1114 1144 1152 et
1163 1110 1321 1151 malam
1339 1120 1528 1147 scaevam:

81 1190 125 1223 at
152 1182 363 1237 scriptores
385 1185 427 1224 in
449 1183 566 1223 mala
588 1194 749 1235 ponere
777 1184 1080 1227 consueverunt,
1113 1184 1159 1217 ut
1193 1176 1308 1230 apud
1341 1174 1529 1216 Graecos

79 1250 285 1290 invenitur
313 1251 488 1304 positum
509 1263 590 1303 pro
612 1249 803 1290 sinistro.
830 1260 1022 1288 scaevum
1044 1244 1259 1299 usurpavit
1279 1242 1457 1284 Hostius
1483 1240 1529 1281 in

80 1317 184 1358 belli
207 1317 383 1358 Histrici
402 1316 505 1357 libro
587 1346 596 1356 .
715 1347 725 1356 .
804 1313 935 1355 sentit
956 1325 1146 1354 scaevum

81 1386 174 1426 abit
195 1385 371 1438 penitus
467 1415 477 1424 .
594 1415 603 1424 .
725 1411 733 1420 .
853 1410 862 1419 .
953 1378 1163 1434 saperdas
1185 1391 1320 1431 genus
1342 1375 1529 1430 pessimi

79 1451 198 1506 piscis
215 1467 227 1491 .·
259 1451 476 1505 sapientem
498 1450 620 1492 etiam
650 1448 883 1503 significat,
905 1461 1000 1489 cum
1020 1447 1080 1487 ait
1109 1445 1238 1486 Varro
1257 1461 1268 1484 .·
1302 1442 1528 1498 Belli,fes-

81 1518 157 1559 tivi
178 1519 397 1573 saperdae,
420 1533 515 1560 cum
530 1518 652 1558 simus
674 1531 819 1557 omnes.

82 1586 374 1627 Sanderacam
412 1586 473 1626 ait
511 1599 588 1626 esse
620 1599 748 1640 genus
780 1582 938 1631 coloris,
972 1581 1091 1635 quod
1133 1580 1284 1621 Graeci
1325 1575 1529 1618 sandicem

81 1653 304 1708 appellant.
364 1653 564 1704 Naevius,
586 1651 746 1694 merula
762 1648 1023 1691 sanderacino
1041 1647 1182 1688 colore.
1241 1646 1395 1687 Sabini
1411 1644 1529 1699 quod

80 1721 223 1761 volunt
242 1721 458 1772 somniant,
483 1729 595 1761 vetus
625 1719 910 1774 proverbium
942 1730 1041 1767 esse,
1072 1722 1110 1756 et
1140 1714 1232 1755 inde
1262 1727 1443 1753 manasse
1469 1711 1529 1751 ait

80 1789 263 1830 Sinnius
303 1789 487 1843 Capito,
509 1786 618 1843 quod
656 1786 930 1842 quotiescunq.
970 1783 1224 1825 sacrificium
1265 1780 1528 1835 proterviam

65 1856 206 1909 fieret,
224 1856 419 1897 hominem
437 1857 647 1898 Sabinum
663 1860 709 1897 at
723 1860 734 1878 ¹
759 1852 865 1895 illud
880 1852 1071 1893 adhibere
1086 1850 1266 1891 solebant
1284 1864 1295 1888 .·
1316 1862 1415 1889 nam
1430 1848 1497 1888 his
1512 1852 1527 1869 ²

81 1924 349 1977 promittebat
370 1938 408 1964 se
427 1938 501 1977 pro
524 1923 577 1963 eis
592 1922 887 1964 somniaturum
909 1935 917 1960 :
940 1920 1099 1973 idemq.
1108 1925 1324 1973 postquam
1341 1914 1528 1971 evigilas-

79 1997 150 2040 set,
171 2005 284 2031 sacra
304 1991 566 2033 facientibus
587 1989 788 2031 narrabat
809 2003 921 2031 omne
947 1986 1141 2044 quicqu-id
1166 1988 1209 2028 in
1232 1985 1381 2039 quiete
1404 1981 1527 2024 vidis-

684 2141 924 2156 eeeeeeeeeeee

123 2257 163 2285 17
186 2253 210 2285 f.
229 2255 472 2286 Satirnus.—18
491 2253 515 2284 f.
531 2254 698 2294 Neq.-—l9
720 2253 744 2287 f.
760 2253 952 2294 philosophia
967 2249 1089 2294 (quam)
1103 2247 1373 2280 doctrinam-20
1398 2244 1423 2276 f.
1450 2244 1528 2276 Teu-

81 2306 134 2328 cro
149 2307 278 2337 regnum
293 2307 384 2338 sapsa
399 2307 448 2328 res
461 2297 671 2329 stabiam-1
699 2297 722 2329 f.
738 2299 855 2329 (ιώ-2
878 2296 903 2327 f.
919 2296 960 2328 z‘s.

739 2448 881 2481 NOTAE

124 2541 136 2556 ¹
159 2534 310 2574 Scoevam]
344 2534 488 2565 Plautus
517 2534 549 2565 in
580 2534 774 2566 Pseudolo:
831 2533 920 2564 nium
938 2531 971 2562 in
993 2528 1180 2570 Sapen-dae:
1207 2526 1355 2558 ‘Omnes
1373 2523 1527 2554 videmur

82 2591 89 2603 ¹
110 2587 202 2616 Bene
221 2585 391 2625 praedatus
410 2585 484 2615 ibo:
505 2584 590 2615 bona
601 2594 713 2615 scaeva
724 2589 777 2616 est
831 2583 925 2614 nobis
942 2591 1015 2613 esse
1033 2580 1126 2619 belli,
1142 2578 1267 2613 festivi,
1281 2574 1433 2617 saperdae
1451 2584 1525 2606 cum

83 2635 185 2668 mihi!
228 2635 315 2665 Vide
336 2635 523 2665 Varronem
539 2644 587 2667 v1.
830 2634 931 2666 simus
947 2631 1082 2671 σαπροί.’

128 2693 139 2707 ⁸
159 2684 311 2726 Superda]
336 2685 442 2716 Varro
466 2685 582 2716 Modio
600 2685 688 2726 apud
706 2685 774 2717 No-
