1876 3025
291 182 354 211 DE
389 180 664 211 VERBORUM
699 178 1108 209 SIGNlFlCATIONE
1146 178 1237 208 Llss.
1273 178 1402 208 XVII.

118 285 405 339 Spintyrnixk
428 290 494 327 est
512 286 608 328 avis
631 299 770 338 genus
794 286 935 339 turpis
958 286 1123 338 figurae,
1146 296 1349 324 occursa-

1488 168 1571 209 893

1405 282 1570 337 [Fsss'iu

175 354 260 395 trix
294 354 522 405 artificum,
545 354 717 407 perdita
744 354 1021 407 spinturnix:
1067 365 1121 393 ea
1144 351 1302 392 Graece
1326 350 1504 400 dicitur,
1528 355 1576 390 ut

178 421 238 462 ait
255 421 428 467 Santra,
449 419 651 476 σπινθαρῖς.

122 489 253 543 Spira
274 486 459 539 dicitur,l
482 495 524 531 et
544 489 669 530 basis
692 489 909 530 columnae
930 488 1057 528 unius
1087 487 1183 535 tori,
1212 490 1287 526 aut
1309 486 1509 535 duorum,
1534 490 1578 525 et

179 570 314 609 genus
338 557 484 610 operis
503 557 696 611 pistorii,
732 560 773 597 et
798 556 916 596 funis
939 555 1141 596 nauticus
1164 555 1207 595 in
1231 555 1380 594 orbem
1412 566 1575 593 convo-

180 624 331 676 lutus3
363 626 418 666 ab
441 626 595 666 eadem
619 638 771 666 omnes
793 623 1089 665 similitudine.

1156 621 1381 662 Pacuvius
1401 633 1411 659 z
1460 619 1581 670 Quid

182 694 367 734 cessatis
391 693 502 734 socii
535 693 696 746 ejicere
733 693 875 746 spiras
903 691 1135 745 sparteas?
1197 690 1368 730 Ennius
1401 688 1580 742 quidem

180 759 403 801 hominum
425 760 749 801 multitudinem
770 760 834 800 ita
862 759 1074 812 appellat,
1092 771 1192 799 cum
1227 757 1316 798 ait:
1347 756 1498 811 Spiras
1520 755 1581 795 lea

183 828 387 880 gionibus
405 833 583 869 nexunt.

127 895 351 948 Spirillum
366 901 390 917 ‘¹‘
415 896 561 936 vocari
582 895 647 936 ait
668 893 862 947 Opillius
885 891 1093 934 Aurelius
1114 905 1261 946 caprae
1280 893 1481 933 barbam.

132 963 357 1015 Spirillum
378 964 518 1004 barba
539 975 686 1016 caprae
710 961 973 1015 appellatur.

1403 959 1584 1012 [ΡΑυμ.

129 1030 359 1083 Spondere
378 1035 558 1084 putatur
580 1030 760 1079 dictum,
783 1028 905 1082 quod
934 1033 1091 1082 sponte
1127 1040 1225 1077 sua,
1260 1027 1303 1067 id
1328 1032 1410 1077 est,
1434 1027 1587 1067 voluu-

187 1102 293 1147 tate,
316 1099 607 1151 promittatur.

136 1164 362 1218 Spondere
378 1170 395 1187 ¹¹
418 1165 605 1207 Verrius
627 1168 756 1219 putat
778 1164 959 1214 dictum,
983 1163 1100 1218 quod
1120 1166 1277 1217 sponte
1300 1175 1397 1214 sua,
1421 1161 1588 1214 [FEsTo

790 1378 931 1410 NOTAE

178 1454 191 1474 k
216 1454 423 1496 Spintyrm'x]
455 1454 686 1485 Desideratur
717 1462 838 1484 nomen

137 1504 254 1536 Poetae
266 1506 363 1546 cujus
373 1505 477 1536 verba
488 1505 698 1535 referuntur.
723 1504 840 1534 Plaut.

135 1559 248 1585 autem
276 1555 309 1585 in
348 1555 461 1586 Milite
489 1555 553 1586 hoc
585 1555 690 1586 verbo
720 1555 840 1586 utitur.

134 1606 143 1620 ‘
162 1605 354 1637 Pithecium
371 1606 445 1637 haec
463 1610 513 1636 est
526 1615 594 1647 proe
612 1606 727 1644 illa,et
743 1605 840 1645 Spin-

137 1656 343 1688 turnicium!
381 1657 472 1687 Plin.
487 1657 545 1687 lib.
559 1666 595 1687 x.
607 1666 684 1696 cap.
699 1659 750 1687 13.
765 1657 773 1672 ‘
785 1656 841 1686 In-

137 1706 342 1737 cendi-ariam
381 1716 477 1738 avem
510 1706 566 1737 alii
599 1706 843 1746 spinturnicem

139 1761 279 1795 vocant,
295 1756 354 1787 sed
378 1756 452 1788 haec
478 1757 564 1797 ipsa,
582 1766 658 1797 quae
675 1762 768 1788 esset
794 1757 841 1787 in-

140 1812 191 1837 ter
207 1817 297 1847 aves,
315 1807 370 1848 qui
392 1817 427 1839 se
443 1808 529 1839 scire
552 1808 696 1848 diceret,
712 1818 778 1839 nou
796 1808 842 1838 in-

166 1858 269 1890 veni.’
293 1859 370 1890 Ant.
388 1859 475 1898 Aug.

184 1909 392 1950 Spintyrnix]
417 1909 499 1940 Avis
519 1909 741 1951 incendiaria,
758 1921 844 1941 σπιν-

143 1960 236 1999 θαρὶς,
254 1970 272 1991 a
289 1961 436 1991 scintilla
462 1971 536 2001 quae
559 1961 681 1992 Graece
705 1962 845 2002 σπινθὴρ.

143 2011 234 2042 Ptin.
251 2011 310 2043 lib.
331 2019 367 2042 x.
387 2021 463 2052 cap.
483 2014 536 2043 13.
570 2012 578 2028 ‘
596 2012 846 2044 Incendiariam

144 2072 239 2093 avem
266 2062 323 2093 alii
345 2062 590 2102 spintyrnicem
619 2068 762 2095 vocant:
788 2063 847 2094 sed

141 2112 214 2144 haec
240 2112 313 2152 ipsa
330 2122 403 2153 quae
421 2117 511 2143 esset
529 2113 619 2144 iuter
641 2123 721 2144 aves
737 2113 793 2155 qui
811 2123 848 2144 se

143 2164 229 2194 scire
246 2163 391 2203 diceret,
413 2173 480 2194 non
509 2163 647 2194 inveni!
688 2164 846 2204 Spintyr-

145 2213 268 2244 niciam
298 2213 498 2244 diminutive
522 2213 610 2244 dixit
633 2213 748 2245 Plaut.
772 2214 850 2245 Mil.

146 2262 242 2294 Glor.
261 2267 329 2294 act.
349 2272 401 2294 lv.
418 2272 465 2294 sc.
483 2265 513 2293 1.
537 2265 546 2280 ⁴
566 2264 760 2295 Pithecium
776 2264 849 2295 haec

148 2318 202 2344 est
229 2324 299 2354 prae
317 2314 374 2345 illa
398 2318 433 2345 et
457 2315 742 2355 spintyrnicium.'
784 2317 851 2347 Uhi

147 2363 329 2394 Salmasi'us
344 2365 565 2405 spintyrnicem
581 2375 647 2396 non
666 2376 776 2405 avem,
793 2365 851 2396 sed

150 2413 405 2453 quadrupedem
440 2425 513 2446 esse
547 2416 643 2455 dicit,
676 2417 852 2457 sphingem

151 2464 293 2503 scilicet,
322 2464 482 2505 additque
511 2466 673 2506 quosdam
690 2467 851 2497 Veterum

150 2514 192 2544 de
204 2523 264 2543 ave
276 2522 349 2544 esse
366 2514 621 2556 interpretatos,
634 2516 722 2557 quod
738 2516 854 2548 Gr‘aeci

152 2565 258 2595 alatas
275 2564 433 2604 sphinges
456 2574 498 2595 ex
524 2564 640 2596 fabula
660 2566 852 2607 pingerent,

155 2625 239 2656 quas
255 2614 406 2654 AEgyptii
428 2614 498 2645 sine
523 2616 597 2650 alis,
615 2620 652 2646 ut
676 2621 773 2647 erant
801 2625 852 2647 re-

152 2674 245 2697 vera.
269 2664 336 2696 Sed
348 2665 545 2696 salmasium
557 2664 627 2696 falli
644 2671 737 2705 puto.
760 2667 852 2707 Spin—

154 2717 263 2757 tyrnz'x
284 2720 317 2746 et
338 2715 530 2746 incendiaria
552 2716 617 2746 uris
639 2716 745 2752 dicta,
763 2718 851 2758 quod

155 2768 198 2798 de
217 2767 312 2798 husto
330 2766 446 2798 sudem
460 2766 562 2798 tectis
577 2765 731 2807 inferret,
751 2774 852 2808 atque

890 1453 939 1484 ita
951 1451 1146 1483 incendium
1160 1450 1303 1482 faceret.
1350 1450 1400 1481 Ea
1415 1449 1594 1481 Aristoteli

890 1504 1018 1535 dicitur
1049 1502 1221 1543 σπίνδασις,
1253 1503 1410 1542 interque
1444 1511 1535 1532 raras
1561 1506 1596 1532 et

891 1555 1092 1597 peregrinas
1108 1564 1186 1585 aves
1201 1557 1410 1584 recensetum
1431 1553 1514 1583 Dae.

934 1604 941 1627 ¹
958 1607 1056 1646 Spira
1074 1604 1207 1644 dicitur]
1226 1604 1323 1644 Spiret
1339 1614 1355 1633 a
1370 1603 1494 1633 Graeco
1511 1603 1597 1633 σπεῖ-

892 1669 941 1697 ρα,
965 1666 1032 1696 quo
1056 1656 1192 1687 nomine
1217 1655 1378 1685 dicuntur
1399 1653 1516 1684 circuli
1544 1654 1597 1683 vel

894 1707 994 1737 orbes
1011 1715 1077 1736 non
1094 1705 1279 1735 redeuntes
1294 1703 1326 1733 in
1340 1712 1387 1741 se,
1400 1708 1437 1733 ut
1452 1702 1597 1740 funium,

895 1762 1106 1797 serpentum,
1123 1757 1187 1786 ἀΰ.
1232 1754 1319 1785 Inde
1332 1754 1417 1793 epira
1433 1752 1524 1783 basis
1543 1763 1599 1783 co-

894 1807 1016 1837 lumnae
1043 1806 1204 1837 Vitruvio
1232 1805 1290 1835 lib.
1322 1813 1455 1835 xxxvl.
1486 1814 1515 1834 c.
1545 1806 1599 1833 23.

895 1859 904 1875 ‘
920 1858 960 1888 In
979 1857 1136 1898 Ephesiae
1150 1857 1273 1887 Dianae
1292 1854 1366 1885 aede
1384 1855 1526 1894 primum
1545 1864 1601 1885 co-

895 1908 1017 1938 lumnis
1035 1907 1135 1946 spirae
1153 1905 1300 1936 subditae
1315 1909 1350 1935 et
1366 1904 1529 1944 capitella
1543 1903 1602 1934 ad-

897 1957 990 1989 dita.’
1035 1958 1078 1988 Et
1100 1966 1206 1997 genus
1233 1955 1346 1994 operis
1367 1955 1497 1994 pistorii
1516 1956 1601 1985 Cato

897 2019 927 2041 c.
941 2012 994 2040 77.
1019 2009 1028 2026 ‘
1044 2008 1177 2049 Spiram
1196 2008 1243 2038 sic
1262 2006 1392 2038 facito.’
1437 2007 1525 2037 Item
1542 2006 1600 2036 ho<

896 2060 1022 2090 minum
1038 2057 1232 2094 multitudo,
1246 2057 1334 2087 unde
1349 2056 1438 2096 apud
1452 2056 1604 2095 Hesych.

899 2110 1025 2150 σπεῖρα,
1058 2109 1189 2145 πλῆθος,
1221 2106 1410 2147 στράτευμα,
1443 2105 1604 2144 τάγματα.

899 2162 908 2179 ‘
925 2162 1038 2201 Spira,
1063 2159 1260 2200 multitudo,
1287 2159 1422 2198 cohors,
1447 2157 1608 2188 ordines!

904 2212 1002 2243 Idem.

943 2268 966 2283 m
982 2262 1164 2303 spirillum]
1191 2263 1320 2293 Forsan
1338 2259 1427 2301 quod
1443 2260 1554 2290 crines
1573 2260 1605 2289 iu

901 2315 1035 2347 modum
1055 2315 1156 2355 spirae
1174 2313 1305 2344 intorti.
1339 2313 1416 2350 Vel,
1431 2311 1532 2352 idque
1552 2321 1606 2341 ve-

902 2367 981 2402 rius,
999 2365 1088 2406 quod
1115 2366 1213 2404 spirae
1236 2363 1313 2394 inde
1338 2362 1484 2399 fierent3
1509 2361 1605 2391 funes

904 2417 991 2447 enim
1009 2416 1086 2447 olim
1106 2425 1146 2446 ex
1169 2415 1245 2455 pilis
1263 2413 1421 2453 caprinis.
1459 2411 1526 2442 Sed
1547 2421 1606 2451 pro

902 2467 1055 2506 spirillum
1084 2467 1115 2496 in
1141 2465 1318 2496 Catholico
1349 2463 1477 2503 legitur
1507 2462 1600 2491 εἰπέ)-

905 2518 968 2547 lum
983 2517 1032 2546 his
1060 2516 1188 2547 verbis:
1215 2517 1224 2532 ⁶
1241 2514 1403 2545 Stirillum
1430 2511 1535 2542 barba
1553 2521 1605 2541 cu-

908 2577 991 2608 prae,
1017 2572 1052 2597 et
1075 2567 1201 2597 dicitur
1225 2576 1243 2595 a
1261 2565 1354 2597 stria,
1375 2562 1460 2603 quod
1480 2561 1607 2600 pendet

907 2617 947 2648 ad
967 2616 1102 2647 modum
1128 2615 1244 2647 striae.²
1290 2616 1345 2645 De
1363 2612 1451 2644 striis
1470 2611 1607 2641 Vitruv⁰

911 2668 1010 2698 Idem.

952 2723 966 2737 ¹³
993 2716 1166 2756 Spondere]
1194 2714 1219 2744 Α
1240 2716 1355 2753 εροηίε,
1373 2714 1409 2741 ut
1427 2711 1534 2740 Varro
1552 2709 1608 2740 lib.

909 2777 942 2799 v.
967 2771 974 2783 ‘
995 2766 1170 2806 Spondere
1196 2770 1247 2794 est
1271 2763 1385 2794 dicere
1414 2760 1564 2802 spondeo
1589 2769 1608 2789 a
