1876 3025
631 173 933 205 FRAGMENTU
945 171 990 200 M.
1424 159 1536 200 1052}

90 272 241 329 capati,
281 271 555 325 devastatique
587 273 793 323 tanquam
830 281 886 309 ex
920 267 1032 307 hoste
1072 270 1259 319 receptOS,
1304 264 1535 304 restituere.-

91 341 370 383 nomz'nandos
400 338 566 393 publice
588 336 742 378 edixit:
774 335 841 375 secl
869 349 958 375 cam
989 332 1191 388 querelam
1223 332 1392 372 audiret
1421 345 1538 373 com-

91 423 253 451 munem
279 421 427 457 eorum,
461 420 630 462 quorum
658 418 756 459 ager
778 409 992 456 occupatas
1015 405 1084 442 est
1120 414 1146 441 a
1178 400 1383 454 privatis,
1411 400 1539 453 jussit

93 477 187 518 dari
207 490 339 531 agros,
369 489 447 515 non
478 488 572 528 quos
602 471 665 513 illi
696 465 988 524 accepissent,
1019 467 1088 508 sed
1116 467 1396 522 occupaticios.
1461 467 1542 507 Or-

95 543 221 585 clzitin
255 542 433 583 Acci11s⁷
468 541 728 592 Philologus
751 540 791 579 iu
815 536 1065 577 collectaneis
1097 536 1157 576 ait
1187 548 1265 576 esse
1291 549 1418 590 genas
1449 534 1541 575 oleae

96 613 275 653 ductum
296 624 352 652 ex
383 609 541 651 Graeco
573 606 710 662 ὄρχεις,
729 605 836 660 quod
855 604 1128 645 testiculorum
1150 604 1202 644 sit
1222 603 1542 658 magnitudinis,

98 681 207 732 itaq.
246 678 386 718 vocari
418 691 463 716 ex
493 690 535 716 eo
568 674 740 715 orchitin
858 704 866 712 .
986 703 995 711 .
1116 702 1125 711 .
1244 703 1253 713 .
1374 703 1381 710 .
1499 674 1543 711 to

98 746 351 799 grandiore:
388 743 618 794 Orchestra,
651 742 757 782 locus
786 741 829 781 in
864 755 1003 786 scama,
1037 754 1113 794 quo
1148 742 1292 789 antea,
1324 739 1400 792 qui
1430 751 1544 779 nunc

98 813 337 868 planipedes
357 812 630 867 appellantur,
652 824 737 851 non
761 809 1095 850 admittebantur
1111 806 1333 856 histriones,
1355 805 1434 846 nisi
1454 812 1547 845 tau-

101 890 184 923 tum
206 882 369 922 interim
391 881 495 921 dum
526 880 688 921 fabulae
720 876 1050 931 explicarentur,
1074 890 1159 930 quae
1184 875 1266 915 sine
1289 875 1383 928 ipsis
1405 875 1548 928 expli-

102 949 193 991 cari
213 961 298 989 non
321 952 535 1001 poterant.
598 945 768 986 Ricim'a
802 950 936 984 autem
960 944 1210 997 portabant,
1239 956 1329 998 quo
1353 944 1547 997 aequiore

103 1015 246 1057 habitu
263 1013 494 1069 prodirent,
508 1019 629 1068 atque
647 1019 693 1052 ut
714 1010 806 1052 inde
828 1024 986 1052 nomen
1007 1011 1233 1051 ducerent.
1297 1008 1407 1052 Orsa
1426 1024 1549 1065 genus

104 1083 269 1123 marina:
292 1080 413 1121 belua:
435 1081 670 1121 maximum
693 1079 862 1123 dicitur,
893 1077 951 1118 ad
971 1079 1083 1133 cujus
1104 1077 1409 1118 similitudinem
1442 1091 1553 1119 vasa

106 1164 284 1206 quoque
305 1148 468 1200 ficaria,
485 1162 582 1189 orcae
605 1146 824 1187 clicwetar:
855 1152 949 1185 sant
968 1146 1070 1185 enim
1090 1146 1251 1195 teretia,
1275 1149 1364 1199 atq.
1385 1145 1556 1186 informi

106 1217 231 1272 specie
348 1247 359 1258 .
478 1247 487 1255 .
603 1245 613 1255 .
733 1244 741 1252 ‚
860 1244 869 1253 .
989 1241 998 1250 .
1116 1243 1124 1252 .
1239 1213 1366 1254 malae
1387 1217 1430 1253 et
1450 1218 1553 1253 ante

1374 1311 1382 1319 .
1420 1293 1557 1334 quan·-

109 1358 165 1395 tae
187 1366 240 1394 ne
351 1382 358 1390 .
476 1382 486 1391 .
607 1380 615 1388 .
733 1380 741 1389 .
860 1378 870 1387 .

110 1421 199 1474 [31]
220 1417 352 1470 Orirz',
366 1417 490 1467 nasci,
510 1416 574 1458 vel
593 1430 768 1472 surgere.
806 1414 925 1456 Orba
940 1415 1058 1468 apud
1079 1414 1229 1468 poetas
1250 1414 1452 1469 sz'gng‘ficat
1467 1416 1559 1469 pri-

110 1495 247 1528 vatam
268 1486 406 1541 aliqua
428 1498 616 1540 persona
632 1497 757 1525 cara:
776 1484 890 1536 apud
915 1490 1109 1531 oratores,
1126 1496 1212 1537 qace
1227 1489 1392 1536 patrem
1410 1484 1559 1533 amisit,

113 1560 186 1597 aut
220 1554 366 1595 matr.8
401 1557 449 1595 ut
480 1553 570 1594 Ser.
606 1551 807 1606 Sulpicius
844 1551 919 1601 ait,
956 1564 1041 1605 quce
1075 1547 1221 1589 liberos
1251 1550 1368 1604 quasi
1388 1551 1558 1592 oculos:

115 1623 220 1663 orba
241 1626 310 1662 est

116 1690 192 1730 tris
209 1693 278 1730 est
298 1692 398 1729 ante
431 1719 440 1727 .
560 1718 569 1727 .
687 1717 696 1727 .
817 1717 825 1725 .
941 1717 951 1727 .
1070 1714 1079 1725 .

122 1755 278 1797 Gallus
301 1756 446 1795 AElius
554 1785 562 1793 .
682 1784 689 1792 .
810 1783 818 1791 .
940 1784 949 1793 .
983 1751 1021 1792 O
1077 1782 1088 1791 .

120 1825 305 1866 stantior
422 1853 430 1860 .
550 1852 560 1862 .
679 1852 688 1862 .
811 1851 820 1860 .
938 1819 981 1859 in
1002 1832 1055 1860 eo
1075 1819 1188 1859 libro

379 1888 635 1944 pontificatu
683 1918 692 1927 .
812 1917 820 1925 .
941 1919 949 1927 .
1070 1917 1079 1926 .
1200 1918 1210 1928 .
1306 1888 1453 1940 puella
1470 1889 1565 1930 sine

766 1967 904 1995 sacrae
940 1985 948 1994 .
1068 1988 1077 1996 .
1199 1985 1207 1993 .
1327 1984 1336 1992 .
1429 1961 1568 2011 nupta

125 2024 256 2067 alicui
277 2025 433 2065 fuisset
510 2055 518 2062 .
642 2054 650 2062 .
817 2053 825 2061 .
946 2053 956 2063 .
1074 2051 1085 2062 .
1204 2052 1212 2061 .
1301 2022 1567 2065 Cornificius

124 2094 169 2134 in
260 2122 269 2131 .
388 2123 396 2132 .
516 2122 524 2130 .
593 2129 596 2132 ,
644 2119 653 2128 .
810 2120 820 2130 .
908 2103 963 2131 on
985 2089 1154 2143 Uginus
1203 2116 1212 2126 ·

125 2160 381 2202 interserunt
515 2189 524 2198 .
802 2188 810 2196 .
928 2187 937 2197 .
1052 2163 1209 2199 nactos

399 2237 486 2266 sse.
538 2221 719 2278 Ortygia
742 2222 848 2262 dicta
870 2229 925 2263 est
942 2223 1086 2274 insula,
1109 2239 1195 2279 qua>
1210 2224 1416 2266 vocitatur
1435 2224 1571 2266 nuncb

731 2353 964 2366 eeeeeeeeeeee

174 2427 193 2454 7
218 2422 242 2453 f.
260 2422 446 2453 Ateius.—8
468 2420 490 2452 f.
504 2424 645 2471 Jnatrem„

789 2505 926 2538 NOTAE

179 2571 193 2591 ¹³
219 2569 328 2609 Nunc]
368 2568 452 2599 Cum
483 2568 515 2598 in
550 2567 736 2607 exemplari
769 2567 827 2598 ad·
883 2570 918 2600 in
950 2569 1035 2601 libro
1059 2570 1318 2611 Augustiniam,
1347 2580 1419 2608 non,
1447 2569 1573 2600 editum

137 2621 292 2652 verbium
320 2629 400 2650 nunc
420 2629 439 2650 a
468 2619 603 2650 librario
627 2619 726 2650 duab.
752 2619 828 2650 lite·
883 2620 947 2658 sit;
980 2625 1082 2661 atque
1112 2620 1209 2650 unius
1238 2620 1347 2650 literae
1379 2620 1474 2659 lapsu
1504 2623 1576 2649 tota

139 2674 183 2704 ris
212 2672 476 2712 superimposita
497 2672 584 2702 linea
605 2671 643 2703 fic
662 2673 828 2713 scriptum
882 2670 1050 2701 sententia
1064 2669 1242 2701 immutata
1258 2668 1311 2699 sit,

138 2723 270 2762 fuisset,
285 2732 377 2754 error
392 2722 471 2754 inde
488 2721 598 2763 fluxit,
610 2728 645 2754 ut
661 2732 722 2764 pro
737 2732 828 2762 nunc,
