1876 3025
726 168 947 200 SCHEDAE.
1446 152 1556 194 1181

105 273 248 313 sacta:
279 273 327 311 ut
348 268 517 309 Accius
548 268 593 307 in
626 265 908 306 Hellenibus:
951 263 1085 316 Signa
1124 260 1350 314 extemplo
1389 273 1559 310 canere,

106 353 158 381 ac
179 339 267 380 tela
289 339 344 378 ob
367 336 532 377 xnoenia
557 335 709 375 offerre
734 333 934 385 imperat.
995 329 1223 383 Significat
1247 329 1377 369 etiam
1400 328 1560 370 officia.

108 407 299 447 Plautus
321 406 360 445 in
384 402 670 444 Nervolaria:
686 404 701 422 ²
733 400 1018 452 Prohibentq.
1041 398 1203 438 moenia
1226 397 1328 444 alia,
1349 396 1461 437 unde
1481 410 1562 449 ego

106 474 292 528 fungor-³
335 485 447 512 mea.
511 470 756 511 Murrinam
796 480 934 519 genus
997 497 1007 506 .
1069 496 1080 507 .
1143 496 1150 503 .
1214 496 1223 506 .
1284 463 1477 504 Manuos
1517 465 1562 504 in

109 541 337 583 carminib.
375 538 572 580 saecular.
605 537 752 577 [Elius
795 535 908 575 Stilo
947 532 1193 586 significare
1225 532 1285 571 ait
1316 531 1485 572 bonos:
1521 536 1564 572 et

110 610 241 651 Inferi
275 608 318 648 di
352 607 511 648 Manes
542 618 620 659 pro
643 604 749 645 boni
771 603 975 643 dicuntur
995 614 1022 640 a
1043 600 1306 654 suppliciter
1326 612 1403 639 eos
1431 612 1564 639 vene-

108 677 307 718 rantibus
342 678 523 729 propter
555 677 718 713 metum
759 670 930 719 mortis,
970 676 1019 710 ut
1057 664 1274 708 immanes
1311 679 1444 721 quoq.
1485 679 1563 720 pro

109 745 237 786 valde
258 748 311 786 A4
371 773 380 782 .
445 772 453 781 .
515 773 526 784 .
589 770 599 780 .
660 740 879 780 dicuntur.
941 736 1205 777 Muscerdas
1227 735 1373 789 prima
1393 734 1566 787 syllaba

110 813 328 867 producta
356 811 561 852 dicebant
588 808 761 859 antiqui
783 812 952 847 stercus
972 817 1160 845 murum.
1220 802 1424 856 Mapalia
1445 814 1564 843 casae

111 881 310 922 Poenicae
335 878 637 932 appellantur:
671 876 715 915 in
737 875 903 928 quibus
926 873 1030 926 quia
1059 871 1169 912 nihil
1199 874 1265 912 est.
1297 870 1472 918 secreti,
1496 882 1566 910 so-

110 949 172 989 let
199 947 341 988 solute
362 945 613 986 viventibus
644 943 764 984 obici
795 941 839 982 id
866 941 1144 982 vocabulum.
1206 938 1320 979 Cato
1341 936 1567 990 Originum

111 1017 223 1057 libro
252 1019 407 1068 quarto
425 1026 435 1055 ε
469 1012 672 1066 Mapalia
690 1013 902 1051 vocantur
920 1008 1000 1049 ubi
1019 1007 1241 1048 habitant:
1272 1018 1325 1045 ea
1345 1005 1472 1059 quasi
1492 1017 1568 1044 co-

112 1084 258 1125 hortes
291 1081 487 1122 rotundae
526 1085 639 1121 sunt.
704 1078 906 1119 Metalli⁵
943 1077 1148 1117 dicuntur
1181 1075 1225 1114 in
1261 1074 1359 1126 lege
1395 1072 1569 1114 militari

113 1151 243 1206 quasi
273 1149 541 1190 mercenarii.
601 1146 770 1187 Accius
802 1143 1014 1186 Annalib.
1038 1151 1208 1182 XXVIL
1270 1140 1475 1187 Calones,
1504 1140 1570 1181 sa-

112 1219 265 1272 muliq.
288 1214 516 1269 metalliq.⁶
547 1215 765 1267 caculaeq.
788 1226 813 1254 a
836 1225 924 1266 quo
947 1223 1100 1264 genere
1129 1208 1350 1249 hominum
1373 1207 1570 1249 Caeciliae

113 1287 294 1328 familiae
308 1296 550 1337 cognomen
568 1286 696 1337 putat
713 1281 903 1322 ductum.
965 1277 1102 1329 Quod
1118 1280 1183 1317 est

344 1352 531 1393 Manum
552 1354 595 1391 et
613 1353 818 1397 mentum,
835 1346 1113 1401 proverbium
1130 1348 1198 1384 est
1212 1354 1272 1384 ex
1289 1341 1450 1383 Graeco
1467 1342 1572 1383 duc-

115 1427 223 1471 tum,
258 1421 377 1474 quod
413 1423 495 1470 est,
526 1419 654 1458 πολλοὶ
682 1415 825 1469 μεταξὺ
855 1413 957 1455 πέλει
990 1412 1138 1459 κύλικος
1174 1410 1238 1450 καὶ
1266 1408 1415 1465 χείλεος
1444 1412 1573 1464 ἄκρου.

117 1490 402 1530 Calchantem
418 1487 519 1528 vitis
541 1490 755 1528 serentem
771 1483 947 1538 quidam
965 1494 1102 1534 augur
1115 1479 1286 1520 vicinus
1300 1479 1573 1531 praeteriens,

117 1557 230 1597 dixit
251 1568 415 1596 errare:
446 1567 533 1595 non
561 1554 673 1593 enim
694 1554 733 1593 ei
754 1551 823 1593 fas
851 1564 950 1591 esse
974 1561 1136 1590 novum
1165 1547 1313 1586 vinum

119 1623 389 1664 Minusculae
412 1622 702 1675 quinquatrus
723 1619 1004 1672 appellantur
1025 1615 1135 1657 Idus
1155 1613 1257 1655 Jun.
1280 1612 1400 1666 quod
1421 1612 1458 1652 is
1481 1612 1574 1652 dies

117 1691 259 1732 festus
279 1694 344 1730 est
363 1689 606 1737 tibicinum,
620 1687 698 1741 qui
715 1687 867 1728 colunt
889 1685 1162 1725 Minervam:
1193 1681 1322 1734 cujus
1346 1680 1455 1720 Deae
1477 1693 1575 1732 pro-

120 1759 213 1812 prie
251 1757 392 1798 festus
433 1755 530 1796 dies
571 1760 643 1796 est
678 1754 983 1807 Quinquatrus
1024 1763 1173 1791 mense
1215 1748 1397 1789 Martio.
1458 1747 1575 1787 Muli

121 1825 311 1867 Mariani
333 1823 422 1864 dici
457 1824 602 1864 solent
635 1836 662 1863 a
696 1821 747 1863 C.
782 1820 898 1861 Mari
930 1818 1147 1868 instituto,
1179 1816 1308 1871 cujus
1340 1815 1501 1855 milites
1529 1816 1574 1855 in

120 1893 247 1934 furca
263 1895 365 1933 sunt
386 1891 559 1945 posita⁷
591 1889 754 1931 tabella
774 1887 1023 1929 varicosius
1046 1898 1181 1926 onera
1202 1897 1282 1925 sua
1303 1887 1475 1937 portare
1505 1895 1574 1923 as-

122 1964 369 2003 sueverant.

730 2052 967 2066 eeeeeeeeeeee

166 2162 186 2191 2
209 2157 233 2188 f.
251 2157 435 2188 sacha-3
459 2155 711 2194 al.fung*ar.—4
735 2151 759 2184 f.
785 2161 804 2183 Δ
820 2161 881 2182 non
897 2151 1058 2183 bonis.-5
1083 2148 1108 2182 f.
1124 2148 1325 2180 Metelli.—-6
1349 2147 1372 2179 f.
1387 2149 1575 2189 metelliq.-

125 2206 143 2234 7
169 2201 192 2233 f.
216 2200 421 2241 superposita.
