1876 3025
312 115 425 157 1122
756 127 903 157 SEXTl
942 127 1142 157 POMPEII
1178 128 1313 159 unsri

315 220 433 263 Osce
453 225 609 272 totum,
632 225 673 262 et
687 223 873 263 solidum
897 223 1133 276 significat:
1166 223 1282 264 unde
1303 224 1389 265 tela
1410 223 1611 277 quaedam
1643 224 1760 265 solu·

313 289 499 330 ferrea¹⁵
533 295 750 331 vocantur
782 294 878 333 tota
913 292 1067 341 ferrea,
1109 296 1152 332 et
1186 291 1318 332 homo
1357 292 1570 333 bonarum
1605 294 1761 333 artium

315 357 483 408 sollers,
506 362 550 399 et
564 371 665 411 quae
687 359 806 400 nulla
822 364 945 413 parte
964 359 1133 408 laxata,
1148 372 1301 413 cavaq.
1322 363 1437 408 sunt,
1459 359 1604 400 solida
1623 361 1762 400 nomi-

312 431 471 466 nantur
493 440 502 465 ε
526 430 614 480 atq.
635 427 789 467 harum
809 427 1054 468 hostiarum
1076 428 1267 468 omnium
1295 427 1496 468 inviolati
1516 432 1618 467 sunt
1637 428 1763 479 tauri,

313 506 415 546 quae
455 506 557 547 pars
588 494 754 535 scilicet
794 493 1035 536 creditur¹⁶
1067 495 1111 535 in
1143 495 1424 543 castratione,
1456 498 1554 535 sunt
1585 495 1764 548 quidem

315 560 393 612 qui
424 563 647 613 portent‚¹7
682 573 738 601 ex
771 562 870 603 trib.
903 562 1060 602 hostiis
1091 562 1316 615 praecipue
1351 575 1506 603 nomen
1546 562 1764 602 inclusum

314 639 416 667 cum
454 627 596 668 solido
630 629 760 680 tauri,
802 630 920 683 quod
953 630 1228 683 amplissima
1259 631 1317 672 sit
1350 643 1533 671 earum:
1583 629 1764 683 quidam

315 694 516 735 dixerunt
532 696 724 736 omnium
745 696 875 737 trium
895 697 1118 738 voeabula
1140 697 1316 738 confixa
1334 697 1366 721 ¹⁸
1391 698 1500 748 suis,
1521 698 1631 746 ovis,
1653 698 1765 739 tauri

314 761 574 803 adeffecisse
607 763 668 811 id,
710 765 827 817 quod
859 777 950 805 uno
987 764 1121 805 modo
1157 765 1485 818 appellarentur
1523 765 1766 807 universae:

314 829 470 882 quodsi
487 835 519 861 ¹9
553 843 579 871 a
616 831 741 881 sollo,
772 836 814 873 et
848 833 985 873 tauris
1020 845 1168 873 earum
1198 833 1440 874 hostiarum
1472 832 1656 873 ductum
1697 838 1767 874 est

313 909 489 946 nomen,
512 899 706 952 antiquae
732 900 1061 941 consuetudinis
1084 905 1119 923 20
1139 914 1215 954 per
1236 902 1422 944 unum'fssi,
1443 901 1653 941 enuntiari
1676 914 1766 942 non

314 968 381 1004 est
397 965 568 1015 mirum,
587 967 693 1020 quia
711 968 834 1009 nulla
850 974 953 1010 tunc
971 969 1275 1021 geminabatur
1291 969 1417 1010 litera
1436 968 1480 1008 in
1503 968 1736 1009 scribendo
1755 979 1765 1007 :

317 1044 448 1084 quam
473 1035 830 1076 consuetudinem
854 1036 1021 1077 Ennius
1042 1037 1280 1077 mutavisse
1302 1035 1447 1086 fertur,
1468 1040 1622 1089 utpote
1644 1035 1769 1077 Grae-

313 1113 391 1140 cus
414 1101 574 1143 Graeco
596 1116 717 1144 more
738 1117 859 1153 usuS,
883 1104 1003 1158 quod
1036 1104 1099 1145 illi
1121 1117 1249 1158 aeque
1271 1104 1510 1145 scribentes
1541 1117 1594 1144 ac
1624 1104 1767 1156 legen-

313 1171 380 1208 tes
411 1168 702 1222 duplicabant
732 1171 851 1225 [102]
883 1177 1027 1213 mutas
1059 1170 1340 1221 semivocales,
1372 1177 1408 1211 et
1439 1169 1633 1226 liquidas,
1698 1170 1768 1211 Se-

316 1234 500 1277 cordiam
522 1239 701 1291 quidam
717 1254 796 1292 pro
819 1239 987 1294 ignavia
1003 1246 1245 1293 posueruut.

317 1301 382 1345 M.
419 1304 528 1346 Cato
559 1319 638 1359 pro
669 1307 846 1347 stultitia
871 1306 1027 1361 posuit,
1063 1305 1284 1361 Originum
1321 1307 1390 1347 lib.
1431 1319 1516 1348 vll.
1562 1320 1661 1349 cum
1707 1308 1768 1349 ait

1071 1372 1119 1414 ob
1143 1374 1392 1416 immensam
1427 1374 1702 1425 timiditatem,
1723 1389 1769 1414 ac

316 1438 534 1479 secordiam
556 1455 675 1481 causa
697 1449 800 1493 erac,
822 1455 877 1483 ne
901 1442 1005 1496 quid
1029 1442 1187 1495 negotii
1202 1441 1372 1496 publici,
1393 1442 1459 1483 vel
1478 1442 1638 1496 privati
1655 1456 1770 1497 gere-

316 1509 455 1547 retur:
488 1509 777 1562 compositum
815 1517 951 1550 autem
973 1508 1134 1550 videtur
1170 1524 1217 1550 er
1248 1524 1301 1560 se,
1338 1511 1457 1564 quod
1497 1515 1566 1551 est
1594 1511 1700 1561 sine,
1733 1516 1771 1550 et

317 1571 447 1612 corde.

317 1639 463 1681 Semis
500 1644 731 1695 semodius,
761 1645 988 1685 semuncia:
1019 1659 1099 1700 qua
1125 1645 1295 1686 ratione
1328 1658 1384 1686 ex
1419 1645 1569 1687 Graeco
1599 1643 1769 1686 trallun-

317 1713 386 1746 tur
405 1708 518 1754 alut,-
549 1725 650 1764 quae,
682 1711 726 1762 ’ς,
759 1713 931 1754 literam
964 1725 1043 1766 pro
1078 1712 1326 1765 aspiratione
1361 1727 1496 1753 eorum
1530 1713 1704 1763 habent,
1722 1717 1771 1753 ut

317 1777 412 1814 ἑπτὰ
432 1784 591 1830 septem,
609 1777 695 1818 ὅλαι
719 1781 873 1834 sylvae,
898 1780 964 1821 sic
990 1780 1066 1820 ista
1097 1779 1149 1819 ab
1170 1794 1226 1831 eo,
1248 1781 1356 1835 quod
1384 1779 1448 1821 illi
1469 1781 1582 1833 ἥμισυ
1605 1780 1769 1830 dicunt,

317 1841 521 1884 declinata
542 1846 748 1888 videntur.

318 1909 595 1953 Subliciuma
628 1922 797 1968 pontem
827 1914 995 1970 quidam
1025 1922 1179 1969 putant
1211 1918 1482 1971 appellatum
1511 1931 1609 1959 esse
1632 1932 1656 1956 α
1679 1916 1770 1957 sub-

319 1975 476 2028 licinus,
492 1980 692 2033 peculiari
711 1984 925 2024 vocabulo
946 1983 1226 2034 Volscorum,
1245 1999 1331 2039 qua:
1359 1992 1450 2025 suut
1473 1985 1588 2040 tigna
1611 1986 1655 2026 in
1677 1985 1772 2026 lati-

317 2044 508 2086 tudinem
542 2055 717 2100 extensa,
750 2065 836 2104 quae
864 2065 943 2090 uon
977 2049 1101 2091 aliter
1143 2051 1368 2093 Formiani
1407 2059 1559 2103 vocent,
1593 2067 1714 2107 quam
1742 2067 1767 2091 α

928 2181 1170 2194 eeeeeeeeeeee

365 2280 403 2308 15
429 2276 453 2309 f.
470 2278 740 2316 solliferrea.—16
764 2277 786 2311 f.
812 2281 1040 2313 canditum—17
1065 2281 1088 2312 f.
1112 2285 1324 2322 putent.—18
1348 2282 1370 2314 f.
1388 2283 1611 2321 consusa.—19
1634 2281 1658 2314 f.
1684 2291 1725 2313 sc.
1749 2282 1770 2313 i.

321 2321 552 2353 scilicet.-20
577 2321 600 2352 f.
625 2323 753 2363 antiqua
773 2325 1000 2356 consuetudine.

978 2427 1121 2460 NOTAE

364 2491 378 2507 ὃ
409 2487 595 2528 Sublicium]
637 2488 776 2519 Sublices
808 2489 970 2521 dicuntur
999 2501 1018 2521 a
1075 2494 1185 2530 πῆγες,
1202 2492 1230 2523 οἱ
1246 2494 1278 2523 ἐν
1301 2493 1428 2533 ποταμῷ
1456 2492 1514 2530 τὴν
1538 2491 1675 2532 ’γέφυραν
1700 2492 1771 2522 ὑπο-

322 2537 426 2568 Festo
451 2539 646 2569 Volscorum
666 2540 788 2578 lingua,
817 2550 892 2580 quae
910 2540 1021 2571 Subli-
1075 2542 1309 2581 βαστάζοντες.’
1354 2543 1422 2574 Sed
1450 2543 1651 2574 ‘sublicibus
1676 2552 1772 2573 cava·

322 2598 372 2619 cae
397 2589 438 2619 ab
464 2590 535 2620 aliis
561 2590 787 2630 appellantur.
845 2591 1021 2623 Vitruvius
1077 2594 1131 2624 tis'
1147 2594 1273 2625 dixisse
1292 2594 1424 2626 videtur
1450 2593 1627 2625 Sallustius
1656 2592 1688 2623 in
1713 2591 1770 2622 lib.

322 2640 382 2670 lib.
402 2649 456 2671 ιιι.
473 2651 549 2682 cap.
573 2644 603 2671 3.
650 2641 831 2682 Sublicaeq.
857 2641 1020 2673 machinis
1075 2653 1127 2675 iv.
1144 2644 1261 2676 histor.

325 2691 517 2733 adiguntur.
564 2692 737 2724 Glossar.‘
753 2692 906 2734 subiicae,
923 2704 1017 2724 κατα-
