1876 3025
258 144 341 184 533ss

716 151 864 183 SEXTI
900 151 1103 181 POMPEll
1139 150 1274 182 FESTI

315 261 565 303 procerum,
593 247 706 289 unde
741 251 908 301 tegetes
937 246 1076 287 fiunt:
1106 245 1209 287 inde
1244 246 1524 301 proverbium
1557 251 1625 287 est
1657 245 1702 287 in

316 329 391 358 eas
412 322 561 356 natum
598 329 682 365 res,
705 329 802 369 quae
824 314 987 355 nullius
1021 314 1323 367 impedimenti
1347 320 1464 365 sunt,
1485 315 1528 355 in
1552 315 1702 367 scirpo

314 384 481 425 nodum
504 396 713 436 quaerere.
748 383 913 423 Ennius
931 396 941 423 :
964 381 1181 432 Quaerunt
1199 382 1243 422 in
1264 383 1429 436 scirpo,
1445 383 1564 423 soliti
1585 382 1704 436 quod

314 452 476 501 dicere,
501 451 679 492 nodum.
739 451 797 491 Et
818 450 1011 491 Plautus
1035 451 1077 490 in
1102 449 1350 492 Aulularia:
1384 450 1527 501 Quasi
1549 448 1706 504 pueri,b

314 519 393 573 qui
415 532 517 559 nare
535 519 725 568 discunt,
744 518 892 571 scirpo
914 518 1120 559 induetur
1140 519 1262 560 ratis.
1314 518 1490 560 Novius
1505 520 1548 559 in
1571 518 1705 559 Phoe-

314 588 449 628 nicis:
468 591 500 610 ¹2
532 586 665 627 Sume
687 599 822 636 arma,
838 586 880 626 id
899 590 978 636 est,
1001 599 1058 627 an
1074 586 1272 627 occidam
1295 587 1423 628 clava
1442 587 1656 639 scirpia.¹³

259 656 507 704 Sciscito,¹4
527 655 786 696 sententiam
807 655 941 695 dico.c

1528 654 1708 709 [PAUL.

259 723 382 764 Soita
403 719 576 776 plebeid
607 722 886 776 appellantur
915 736 982 771 ea,
1004 735 1105 776 quae
1127 723 1256 776 plebs
1278 736 1360 764 suo
1381 722 1590 775 suffragio
1611 723 1706 763 sine

314 790 515 844 patribus
532 789 684 843 jussit,
708 791 881 843 plebeio
903 792 1161 844 magistratu
1181 797 1376 845 rogante.

260 859 431 900 Scitum
453 857 636 911 populie
667 855 880 897 dicebatur
920 856 1028 912 quod
1056 857 1138 897 sine
1165 857 1282 912 plebe
1315 861 1492 899 cunctus
1544 856 1707 907 [FEST.

863 989 983 1000 eeeeee

987 988 1104 1000 eeeeee

303 1070 342 1098 12
368 1066 430 1097 Ed.
445 1067 531 1098 Scal.
547 1067 818 1098 Pl1oeuissis.-13
841 1067 850 1083 ‘
865 1067 1006 1106 Optime
1023 1067 1112 1097 hunc
1128 1066 1230 1097 Novii
1245 1075 1378 1097 versum
1403 1065 1595 1096 emendavit
1611 1065 1709 1096 Voss.

260 1109 353 1141 Sume
368 1120 466 1141 arma.
494 1111 578 1145 Quid
594 1109 664 1142 est?
680 1121 719 1141 an
735 1112 869 1142 occidam
885 1112 970 1140 clava
986 1111 1112 1150 scirpea.
1142 1108 1210 1139 Alii
1227 1120 1233 1138 :
1251 1110 1345 1139 Sume
1360 1118 1456 1139 arma.
1499 1109 1604 1149 Tydea
1616 1107 1645 1138 n'
1661 1118 1710 1138 oc-

258 1153 359 1184 cidam
382 1154 467 1183 clara
491 1151 653 1193 scirpea?’
691 1155 778 1184 Dae.

836 1154 896 1183 Vir
921 1153 1014 1184 doct.
1042 1154 1074 1183 iu
1098 1162 1202 1192 marg.
1230 1153 1283 1182 ed.
1315 1152 1402 1182 Scal.
1431 1151 1571 1191 conjicit
1598 1151 1631 1181 id
1654 1154 1713 1184 est,

252 1196 322 1233 jam
339 1200 369 1227 te
383 1197 617 1227 occidam—14
633 1195 687 1227 Id.
706 1195 788 1227 ibid.
805 1195 921 1227 scisco.
956 1195 1153 1236 Legendum
1171 1201 1285 1226 monet
1302 1197 1387 1227 Dae.
1403 1195 1499 1226 dicito
1515 1203 1574 1236 pro
1589 1194 1710 1225 dico.—

917 1323 1056 1355 NOTAE

260 1398 429 1439 significat.
466 1398 521 1428 lib.
560 1398 702 1429 XVIII.
754 1399 871 1439 Incipit
906 1400 960 1430 lib.

264 1450 369 1480 XIX.
395 1449 553 1488 Scriptum
570 1453 625 1484 est,
641 1450 692 1488 ξε.
714 1451 797 1480 alias
819 1450 960 1490 Scirpus.

261 1501 378 1531 Plaut.
404 1501 412 1516 ‘
425 1500 565 1539 Scirpva
583 1499 755 1531 inducitur
772 1500 879 1536 ratis,’
896 1501 961 1539 vel,

263 1557 300 1581 ut
338 1551 409 1580 vult
440 1550 605 1585 Faernus,
632 1550 784 1587 induitur,
821 1557 963 1592 propter

263 1611 409 1632 versum.
433 1602 510 1631 Ant.
528 1601 613 1639 Aug.

304 1650 448 1691 Scirpus]
488 1652 630 1688 Σχοῖνος,
657 1651 792 1692 juncus,
818 1657 852 1683 et
885 1652 962 1683 inde

263 1707 378 1732 natum
399 1702 627 1741 proverbium,
643 1706 651 1719 ¹
666 1703 698 1732 iu
710 1703 822 1743 scirpo
840 1703 963 1734 nodum

263 1752 440 1792 quaerere,’
470 1753 548 1793 quia
576 1753 655 1783 nibil
686 1755 810 1784 rectius
835 1759 900 1790 est,
929 1760 964 1785 et

264 1803 533 1843 enodiusj11nco.
559 1803 638 1833 Duc.

307 1853 320 1874 ὓ
347 1854 446 1889 Quasi
460 1853 568 1894 pueri]
594 1853 677 1885 Vide
693 1855 725 1885 in
744 1864 824 1886 voce
840 1856 848 1872 ‘
863 1854 964 1885 nare!

267 1904 365 1934 Idem.

306 1959 320 1975 c
344 1954 490 1992 sciscito,
515 1955 703 1986 senientiam
734 1955 816 1995 dico]
851 1956 964 1994 Lego:

265 2004 408 2043 Sciscita,
423 2006 607 2035 sententium
624 2006 739 2035 dicitu.-
763 2015 805 2035 ex
823 2006 967 2044 ipsomet

267 2055 370 2086 Festo
388 2055 420 2085 iu
437 2057 446 2072 ⁶
464 2055 585 2095 Niqnis
602 2055 725 2085 scivit.’
762 2056 848 2086 Nam
866 2055 965 2084 ‘scis-

265 2105 357 2141 cito‚’
385 2105 506 2145 inquit,
537 2110 544 2122 ¹
563 2105 732 2144 significat
763 2105 964 2135 seutentiam

267 2155 383 2190 dicito,
397 2154 592 2195 suffragium
611 2155 722 2186 ferto.’
751 2156 844 2186 Idem.

308 2205 322 2225 ‘³
346 2206 436 2237 Soita
459 2206 571 2246 plebei]
599 2206 795 2245 plebeiscito,
823 2205 871 2235 vel
902 2207 965 2244 ple-

267 2257 389 2288 biscita.
426 2258 475 2287 Ea
491 2262 567 2288 suut
589 2267 663 2297 quae
682 2257 816 2287 tributis
835 2262 966 2287 tantum

268 2308 411 2339 comitiis
439 2308 535 2348 plebs
561 2308 674 2346 scivit,
700 2308 837 2338 tribuno
862 2307 967 2347 plebis

268 2363 419 2397 rogante.
465 2359 538 2389 Liv.
566 2359 621 2389 lib.
649 2367 754 2389 xxvi.
782 2360 790 2375 ‘
809 2358 848 2388 Id
877 2357 967 2398 apud

267 2410 411 2449 majores
434 2413 566 2439 nostros
592 2410 624 2439 iu
647 2408 815 2440 Sutrianis
840 2407 967 2438 factum

269 2465 334 2499 est,
351 2468 426 2489 cum
445 2458 665 2494 defecissent,
682 2464 718 2489 ut
735 2459 782 2489 M.
799 2458 967 2489 Antistius

268 2510 439 2541 Tribunus
474 2509 582 2549 plebis
626 2511 719 2549 prius
756 2509 966 2548 rogationem

269 2558 388 2598 ferret,
420 2560 590 2600 sciretque
619 2559 714 2599 plebs
746 2559 794 2589 uti
826 2558 969 2597 senatui,

269 2608 310 2639 de
339 2609 516 2647 Sutrianis‚
542 2609 721 2640 sententiae
746 2608 898 2639 dicendae
912 2608 966 2647 jus

271 2659 383 2689 esset!
408 2660 496 2690 Vide
511 2658 611 2700 infra,
623 2660 708 2691 etin
724 2659 732 2675 ‘
749 2659 864 2700 populi
878 2668 967 2690 com-

271 2709 394 2739 mune.'
419 2710 516 2741 Idem.

1054 1404 1068 1419 θ
1089 1399 1210 1430 Scitum
1223 1397 1345 1439 populi]
1368 1398 1437 1428 Pro
1457 1397 1712 1438 plebiscit0‚vel

1014 1451 1127 1490 potius
1156 1459 1216 1489 pro
1239 1449 1314 1488 lege
1340 1448 1468 1478 dietum
1494 1457 1566 1478 esse
1597 1447 1714 1477 verisi-

1013 1500 1091 1530 mile
1108 1505 1178 1530 est:
1204 1509 1278 1529 nam
1294 1498 1400 1538 plebis
1414 1497 1645 1537 appellatione
1657 1506 1714 1528 ne-

1016 1560 1079 1590 que
1097 1549 1244 1590 patricii,
1268 1558 1378 1587 neque
1406 1554 1582 1578 senatores
1606 1548 1714 1578 conti-

1015 1607 1148 1639 nentur,
1172 1610 1246 1631 cum
1261 1600 1283 1630 ii
1302 1601 1332 1629 iu
1351 1599 1476 1639 populo
1493 1599 1572 1629 siut.
1613 1598 1714 1631 Quod

1015 1652 1118 1692 igitur
1145 1651 1289 1690 patricio
1315 1650 1548 1689 interrogante
1571 1649 1714 1689 populus

1015 1705 1084 1733 suls
1101 1700 1267 1741 suffragiis
1280 1701 1395 1741 jussit,
1411 1700 1524 1730 scitum
1547 1700 1651 1739 populi
1667 1699 1717 1729 di-

1016 1758 1135 1783 cetur:
1162 1752 1252 1793 quod
1278 1761 1358 1781 vcro
1379 1751 1476 1780 Tru).
1504 1751 1594 1790 pleb.
1621 1759 1717 1788 roga-

1018 1805 1065 1833 vit
1083 1803 1227 1843 plebem,
1251 1801 1283 1832 id
1296 1802 1491 1841 plebiscitum
1508 1807 1571 1832 est.
1601 1800 1717 1831 Scitus

1016 1855 1118 1885 etiam
1138 1854 1269 1893 peritus
1287 1863 1303 1882 a
1323 1852 1431 1892 poetis
1452 1852 1564 1882 dictus
1581 1858 1655 1882 est:
1682 1855 1718 1880 et

1017 1905 1105 1935 bona
1121 1904 1205 1934 facie
1222 1913 1320 1943 puer,
1335 1908 1369 1933 et
1393 1904 1507 1942 puella
1524 1903 1623 1933 scita.
1656 1902 1718 1932 Te-

1017 1961 1105 1986 rent.
1132 1956 1164 1985 in
1183 1954 1330 1985 Andria:
1359 1955 1367 1971 ‘
1386 1954 1591 1984 l'erecastor
1616 1953 1718 1983 >citus

1018 2012 1070 2036 est
1099 2015 1180 2045 puer
1205 2010 1303 2034 natus
1327 2002 1528 2043 Pamphilo)
1564 2004 1657 2034 Idem
1684 2005 1718 2033 in

1017 2056 1122 2086 Phor.
1140 2057 1148 2071 ‘
1166 2054 1280 2090 Satis‚'
1297 2055 1417 2094 inquit,
1435 2055 1444 2070 ‘
1462 2054 1548 2084 scita
1565 2059 1634 2084 est:
1650 2053 1658 2066 '
1683 2059 1718 2084 et

1019 2106 1050 2136 in
1094 2105 1285 2135 Heautont.
1325 2110 1332 2121 ⁴
1351 2103 1398 2135 At
1426 2105 1452 2135 si
1485 2105 1585 2142 scias,
1616 2114 1717 2145 quam

1017 2156 1102 2186 scite
1132 2156 1163 2185 in
1188 2161 1334 2185 mentem
1362 2154 1516 2185 venerit?
1553 2155 1640 2185 Haec
1667 2156 1719 2186 vel

1018 2206 1067 2236 liis
1085 2206 1206 2235 similia
1225 2205 1342 2235 Festus
1359 2205 1489 2236 scribit.
1518 2205 1594 2235 Ant.
1611 2206 1696 2243 Aug.

1062 2256 1181 2286 Scitum
1202 2255 1322 2295 populi]
1347 2255 1431 2285 Cum
1459 2255 1506 2284 ait
1533 2255 1623 2285 Fest.
1646 2255 1719 2284 Sci-

1021 2311 1090 2336 tum
1106 2306 1221 2346 populi
1235 2315 1308 2335 esse
1327 2305 1414 2345 quod
1444 2305 1575 2343 rogavit
1596 2305 1720 2344 magis-

1021 2362 1130 2388 tratus
1159 2356 1336 2396 patricius,
1353 2356 1405 2385 vel
1432 2355 1633 2389 Praetorem,
1664 2356 1717 2385 vel

1021 2408 1215 2443 Consulem,
1231 2406 1282 2435 vel
1302 2406 1527 2443 metatorem,
1545 2406 1595 2436 vel
1610 2406 1719 2436 Inter-

1021 2468 1150 2498 regem,
1166 2458 1218 2487 vel
1236 2458 1467 2497 Decemviros,
1484 2459 1535 2487 vel
1552 2458 1719 2488 Tribunos

1021 2510 1164 2539 militum
1193 2507 1450 2548 intelligendum
1474 2514 1537 2539 est.
1583 2510 1637 2539 De
1656 2509 1721 2540 sci-

1024 2559 1065 2589 tis
1082 2559 1196 2599 populi
1222 2564 1256 2588 et
1276 2559 1462 2598 plebiscitis
1485 2559 1560 2589 vide
1578 2559 1610 2589 iu
1635 2559 1643 2575 ‘
1662 2569 1720 2599 po·

1024 2609 1092 2650 puli
1108 2618 1299 2639 commune:
1316 2608 1323 2619 ’
1348 2614 1382 2639 ct
1405 2619 1505 2649 supra
1524 2609 1554 2639 in
1571 2611 1579 2625 ‘
1598 2609 1720 2640 scitum

1023 2658 1126 2700 pleb.'
1165 2659 1289 2689 Verum
1314 2664 1366 2689 est
1389 2659 1479 2699 quod
1505 2660 1601 2690 addit
1630 2660 1717 2690 Fost.

1024 2708 1112 2749 quod
1129 2709 1237 2749 aliquo
1255 2709 1487 2749 interrogante
1509 2719 1550 2739 ex
1570 2710 1718 2749 patribus
