1876 3025
717 194 936 226 sanoAE.
1434 184 1543 226 1201

108 307 134 335 a
155 297 263 335 terra
283 291 515 346 pavienda,
537 305 638 333 nam
660 292 824 346 pavire,
846 294 912 331 est
927 289 1065 339 ferire,
1088 302 1115 331 a
1136 303 1226 344 quo
1248 294 1290 331 et
1319 290 1547 343 pavimen-

106 365 176 402 ta:
208 360 252 401 id
274 373 330 400 ex
352 359 527 410 Graeco,
547 359 665 413 quod
684 358 749 399 illi
766 356 896 406 παίειν,
923 357 1040 411 quod
1062 371 1142 398 nos
1162 357 1288 398 ferire

104 441 221 469 mum
243 428 433 468 intactus
452 440 555 468 usur
617 457 626 466 .
766 456 774 463 .
833 425 1083 474 Taminare,
1098 425 1260 469 violare
1323 455 1331 464 .
1394 455 1402 463 .
1466 455 1472 461 .
1536 455 1545 465 .

106 499 149 536 et
168 495 479 545 contaminare,
502 495 665 536 dictum
688 494 895 535 videlicet
946 522 956 532 .
1015 521 1027 532 .
1089 524 1098 534 .
1165 523 1172 530 .
1224 493 1403 533 ilintate.
1462 493 1545 533 Te-

105 575 174 603 res
196 568 264 604 est
285 563 330 602 in
361 562 629 615 longitudine
659 560 962 603 rotundatum:
995 561 1151 614 quales
1183 572 1355 601 asseres
1391 563 1549 601 natura

106 630 333 671 ministrat.
391 629 636 681 Temetum,
657 630 820 671 vinum.
863 629 1048 669 Plautus
1071 629 1113 668 in
1131 627 1386 669 Aulularia:
1419 627 1549 668 Cere—

105 696 185 738 rin'
207 697 399 738 Strobile
418 698 497 739 has
517 697 676 739 facturi
697 697 904 751 nuptias?
938 696 1047 749 qui?
1078 696 1181 748 quia
1202 695 1348 736 temeti
1367 694 1471 735 nihil
1490 695 1550 735 al-

105 765 240 806 latum
262 765 404 806 video.
465 765 738 819 Pomponius
770 765 813 805 in
847 764 1057 805 Decima:
1119 763 1224 804 Non
1247 762 1368 803 multi
1391 762 1548 811 temeti,

107 832 184 873 sed
206 833 394 886 plurimi.
455 833 629 875 Novius
651 834 694 874 in
716 832 887 873 duobus
915 831 1156 872 Dossenis:
1189 829 1430 883 Sequimini
1451 842 1547 883 pre-

106 900 286 949 minate,
303 912 483 952 sequere
503 900 649 940 temeti
667 900 820 940 timor:
852 898 972 939 Idem
998 899 1041 939 in
1064 899 1257 939 Funere:
1302 896 1452 948 Agite,
1472 909 1550 937 ex·

106 967 181 1016 ite,
203 966 507 1007 temulentum¹
541 966 711 1008 tollite:
743 970 784 1007 et
812 966 856 1006 in
887 965 1051 1006 Surdo:
1086 965 1224 1005 Filias
1253 965 1395 1004 habeo
1416 967 1550 1004 temu-

105 1034 266 1082 lentas,
291 1033 368 1073 sed
389 1045 521 1074 eccas
540 1032 668 1074 video
687 1032 900 1073 incedere.
951 1032 1158 1073 Afranius
1174 1033 1217 1072 in
1232 1030 1549 1072 Consobrinis:

108 1101 193 1141 Pol
215 1101 355 1153 magis
375 1099 505 1141 istius
525 1101 789 1150 temulentae,
821 1099 973 1141 futilis.
1032 1100 1285 1140 Tintinnare
1306 1102 1402 1138 est²
1434 1097 1551 1150 apud

110 1168 319 1209 Naevium
353 1169 436 1209 hoc
460 1167 618 1208 modo:
650 1168 840 1208 Tantum
877 1168 938 1208 ibi
970 1167 1131 1208 molaea
1172 1167 1386 1219 crepitum
1418 1165 1553 1205 facie-

108 1236 231 1284 bant,
253 1235 548 1275 tintinnabant
568 1234 832 1288 compedes:
863 1239 907 1275 et
927 1235 1046 1287 apud
1068 1233 1295 1274 Afranium
1316 1248 1325 1272 z
1370 1232 1553 1272 Ostiarii

108 1302 419 1355 impedimenta
464 1301 680 1342 tintinnire
728 1301 872 1342 audio.
931 1301 1213 1342 Tributorum
1252 1300 1553 1348 conlationem,

111 1382 241 1422 quom
276 1370 335 1409 sit
374 1368 462 1408 alia
500 1369 543 1409 in
574 1368 732 1421 capite,
779 1367 914 1408 illud³
948 1381 1003 1409 ex
1035 1380 1184 1416 censu,
1216 1367 1377 1408 dicitur
1422 1366 1554 1406 etiam

110 1436 330 1489 quoddam
354 1435 644 1485 temerarium,
666 1439 714 1476 ut
734 1440 840 1488 post
864 1435 1027 1476 Urbem
1050 1449 1075 1476 a
1091 1435 1234 1476 Gallis
1252 1440 1428 1488 captam
1452 1446 1553 1473 con-

109 1504 246 1544 latum
265 1506 343 1552 est,
366 1503 473 1556 quia
495 1502 712 1556 proximis
735 1513 821 1542 xv,
837 1503 961 1542 annis
978 1514 1134 1542 census
1153 1501 1270 1542 alius
1283 1505 1302 1530 4
1316 1499 1331 1522 r,
1346 1512 1431 1540 non
1447 1502 1554 1539 erat.

111 1570 220 1611 Item
240 1570 361 1610 bello
386 1570 558 1610 Punico
590 1568 783 1610 secundo
807 1568 871 1608 M.
895 1567 1076 1608 Valerio
1109 1568 1306 1616 Laevino,
1332 1567 1397 1607 Μ.
1420 1565 1556 1607 Clau-

111 1637 186 1678 dio
211 1637 422 1677 Marcello
444 1649 534 1677 cos.
556 1649 687 1689 quom
710 1640 755 1675 et
776 1635 982 1684 Senatus,
1000 1640 1043 1676 et
1065 1635 1255 1688 populus
1274 1635 1316 1675 in
1338 1634 1555 1682 aerarium,

113 1703 232 1757 quod
266 1704 447 1749 habuit‚⁵
481 1703 651 1744 detulit.
708 1702 1018 1756 Tentipellium
1052 1701 1258 1743 Artorius
1294 1705 1420 1755 putat
1456 1713 1555 1741 esse

109 1771 444 1812 calciamentum
476 1770 700 1818 ferratum,
721 1783 806 1824 quo
828 1770 967 1824 pelles
1002 1771 1307 1818 extenduntur,
1343 1769 1554 1821 indeque⁰

113 1838 344 1879 Afranium
370 1838 487 1892 [192]
518 1838 685 1879 dixisse
705 1838 749 1878 in
764 1837 925 1879 Promo
940 1837 970 1879 :⁶
1002 1838 1090 1878 Pro
1112 1838 1318 1881 manibus
1333 1835 1461 1877 credo
1482 1834 1558 1875 ha-

114 1906 216 1946 bere
249 1918 330 1957 ego
356 1906 457 1946 illos
491 1905 794 1958 tentipellium.
854 1904 1064 1945 Titinium
1099 1905 1161 1946 ait
1193 1903 1373 1944 Verrius
1403 1901 1557 1942 existi-

716 2024 792 2037 ‘OM
796 2023 950 2036 ”effecte

162 2118 175 2146 1
210 2116 251 2145 al.
278 2114 624 2154 temulentismzque.—2
648 2114 689 2145 al.
718 2114 948 2145 Tiamaa—3
982 2115 1023 2144 al.
1055 2113 1217 2144 aliud.—4
1241 2110 1261 2141 f.
1289 2109 1492 2150 populus.-5
1517 2107 1560 2138 al.

113 2158 292 2198 potum—6
317 2158 359 2188 al.
379 2158 498 2188 Primo.

767 2231 907 2264 NOTAE

117 2297 275 2337 pavium:
302 2296 417 2336 pavire
435 2296 522 2326 enim
540 2295 641 2326 ferire
658 2295 733 2334 est‚'
748 2297 812 2327 &c-

121 2346 303 2386 Tripudium
317 2346 475 2376 dicebatur
488 2346 522 2376 in
545 2346 700 2385 auspiciiS,
718 2345 812 2376 vide-

869 2294 994 2325 tissima
1012 2291 1234 2331 inscriptione
1251 2289 1307 2320 sit.

910 2349 924 2363 ὃ
947 2343 1017 2373 Pro
1045 2342 1146 2379 molle,
1173 2340 1238 2379 vel,
1264 2343 1301 2368 nt
1326 2337 1382 2367 alii
1406 2336 1562 2367 emenda-

119 2406 174 2427 tur
190 2395 291 2426 fuisse
307 2395 339 2425 in
356 2396 564 2436 exemplari:
589 2395 712 2426 deinde
733 2395 812 2425 Fes-

119 2452 171 2478 tus
204 2445 367 2476 afferebat
395 2446 586 2486 exemplum
622 2455 664 2476 ex
701 2445 813 2485 aliquo

118 2496 285 2536 scriptore
300 2495 489 2534 disciplinae
505 2496 682 2535 auguralis·
715 2494 813 2526 Quod

120 2551 234 2577 autem
259 2544 353 2575 addit
371 2545 550 2584 pavimenta
575 2544 667 2575 dicta
693 2553 766 2574 esse
794 2553 815 2573 a

123 2596 253 2635 pavire,
281 2598 316 2624 et
343 2594 459 2633 pavire
483 2604 501 2624 a
522 2594 645 2624 Graeco
660 2592 771 2627 παίειν,
787 2592 814 2622 si

123 2653 239 2675 verum
256 2648 321 2682 est,
338 2653 450 2673 verum
467 2643 532 2674 erit
552 2649 588 2674 et
613 2642 706 2682 illud,
726 2643 815 2683 paire

123 2705 185 2736 pro
200 2693 307 2734 pavire
320 2693 565 2734 antiquioribus
579 2694 611 2724 in
625 2704 686 2725 usu
701 2692 817 2731 fuisse,

125 2754 200 2775 cum
215 2744 371 2783 paimenta
387 2752 446 2783 pro
462 2744 639 2782 pavimenta
655 2744 687 2774 in
704 2748 817 2773 vetus·

213 2797 323 2836 Delqth.
336 2800 365 2828 et
384 2796 457 2828 Var.
474 2797 558 2827 Clas.

749 2796 855 2834 Pomp.
876 2795 959 2825 Festi

869 2397 960 2431 runt,
989 2393 1120 2430 mollem,
1149 2391 1181 2420 in
1221 2388 1351 2419 schedis
1382 2391 1435 2417 est
1464 2388 1564 2425 moloe,

870 2452 974 2483 eaque
992 2452 1070 2472 vera
1086 2441 1188 2471 lectio
1206 2443 1267 2469 est.

912 2492 925 2511 ¹³
949 2492 1079 2531 Opinoi·
1096 2490 1129 2520 in
1145 2487 1330 2527 exemplari
1354 2486 1472 2524 fuisse,
1494 2495 1562 2516 cen-

869 2551 920 2571 sus
940 2542 1079 2581 populus,
1097 2544 1132 2570 et
1148 2539 1271 2569 deinde
1299 2537 1434 2567 verbum
1457 2537 1566 2575 poplus

870 2592 903 2622 in
928 2591 1006 2622 atius
1042 2594 1233 2621 mutatum:
1266 2592 1385 2618 extant
1412 2586 1567 2617 lectionis

872 2641 1018 2681 antiquae
1035 2639 1179 2678 vestigia
1194 2639 1226 2668 in
1244 2637 1386 2668 schedis.

913 2697 927 2712 0
950 2691 1083 2730 Indeque
1100 2699 1158 2730 pro
1175 2690 1265 2723 idem,
1284 2687 1401 2718 melius
1425 2685 1456 2716 in
1472 2685 1566 2716 sche-

872 2741 935 2771 dis.

1408 2789 1482 2820 4G
