1876 3025
292 173 377 216 980

739 184 886 216 SEXTI
921 185 1015 215 POM
1025 185 1099 215 PEl
1109 186 1124 215 I
1160 185 1298 216 FESTI

292 280 483 334 Topper,
500 280 614 322 cito:
637 284 686 321 ut
704 280 812 322 illud
831 280 990 323 Nelei:
1012 279 1194 335 Topper
1213 281 1401 324 fortunae
1423 294 1540 324 coin·
1564 281 1684 334 [PAU
1699 293 1737 323 [2.

349 353 572 390 mutantur
591 348 857 389 hominibus.

291 416 481 457 Torrens
503 421 545 456 et
565 415 865 468 participium,
887 420 934 457 et
955 429 1113 457 nomen
1136 419 1216 457 est.

289 481 506 525 Torrensd
545 483 883 537 participialiter
924 496 1001 537 pro
1037 496 1227 525 exurens
1265 483 1461 537 ponitur,
1500 487 1547 524 ut
1577 484 1738 533 [FEsT.

346 556 413 593 est
435 551 552 605 apud
572 551 819 592 Pacuvium
841 551 884 592 in
910 550 1129 605 Antiopa:
1158 552 1362 592 flammeo
1383 564 1548 605 vapore
1569 558 1735 592 torrens

353 624 479 660 terrae
503 620 637 660 fetum
659 620 895 660 exusserit.
942 619 1176 672 Significat
1209 619 1341 659 etiarn
1368 619 1552 660 fluvium
1582 619 1744 660 subitis

352 688 562 728 imbribus
593 688 873 737 concitatum,
903 688 980 741 qui
1011 687 1174 741 alioqui
1205 687 1486 728 siccitatibus
1506 687 1747 728 exarescit:

353 756 553 809 quamvis
568 759 598 805 †
631 768 793 808 aquam
822 755 984 808 ipsam,
1005 770 1102 809 quae
1125 755 1235 805 fluit,
1257 755 1417 796 flumen
1438 758 1553 796 recte
1576 754 1665 795 dici
1683 753 1746 794 ait

353 822 502 863 [Elius
523 822 685 863 Gallus
706 823 821 864 libro
843 824 1060 874 secundo,
1079 837 1179 877 quae
1203 823 1257 864 ad
1272 823 1349 877 jus
1368 824 1600 876 pertinent.

1661 822 1747 863 Ce-

354 894 490 930 terum
511 889 627 942 volgi
651 891 968 932 consuetudine
991 895 1222 945 utrumque
1252 891 1346 945 jam
1379 891 1465 932 dici
1497 890 1672 938 flumen,
1703 895 1749 930 et

354 969 586 1009 perennem
605 955 802 1008 fluvium,
824 962 868 998 et
887 962 1131 999 torrentem.

298 1023 508 1065 Torret-ee
546 1037 572 1064 a
609 1024 775 1065 torreo⁸
808 1025 1067 1067 deductum:
1099 1027 1275 1080 proprie
1316 1025 1534 1078 significat
1564 1025 1748 1072 siccare,

357 1097 489 1145 atque
512 1092 744 1142 arefacere,
767 1093 845 1133 sed
873 1099 1129 1146 usurpatum
1153 1098 1223 1134 est
1247 1094 1339 1147 jam
1362 1106 1442 1147 pro
1464 1106 1532 1142 eo,
1555 1092 1674 1146 quod
1695 1093 1752 1132 sit

357 1161 453 1212 igue
474 1173 611 1202 urere.

673 1160 886 1202 Plautus:
918 1160 1004 1215 (in)
1035 1174 1121 1201 una
1143 1161 1298 1202 eadem
1313 1166 1329 1191 9
1363 1173 1495 1214 opera
1516 1161 1559 1201 in
1579 1159 1751 1200 furnum

355 1227 546 1268 calisium
572 1228 766 1277 condito,
790 1233 921 1282 atque
943 1229 1003 1269 ibi
1027 1233 1199 1269 torreto.

908 1358 1043 1370 ooooooo

1049 1358 1147 1370 aaaaa

346 1451 359 1477 ’r
386 1445 462 1476 Vet.
480 1445 555 1477 cod.
575 1446 741 1486 (μὴμὴ-8
767 1447 895 1479 Torrere
910 1457 927 1477 a
944 1451 1028 1478 torro
1045 1447 1179 1478 emend.
1198 1447 1284 1478 Dae.
1303 1451 1340 1476 ut
1367 1446 1397 1475 in
1422 1445 1507 1476 Mss.
1534 1450 1568 1475 et
1593 1444 1640 1475 sic
1664 1445 1672 1461 ‘
1686 1454 1754 1475 om-

304 1488 383 1518 niuo
400 1489 591 1528 legendum,
606 1490 813 1529 astipulante
833 1501 864 1521 v.
883 1490 926 1521 c.’
941 1491 986 1520 ait
1006 1490 1120 1523 Gifan.
1142 1490 1214 1520 ind.
1231 1490 1263 1519 iu
1284 1490 1418 1520 Lucrct.
1438 1498 1469 1519 v.
1484 1488 1653 1519 Serascere.
1677 1488 1755 1518 Vet.

306 1531 381 1562 cod.
400 1531 430 1562 in
449 1541 556 1572 marg.
573 1532 628 1563 ed.
644 1532 735 1564 Scal.
755 1533 880 1564 Torrerz'
894 1545 911 1564 α
930 1537 1089 1565 torres—9
1113 1534 1191 1563 Vct.
1208 1532 1283 1563 cod.
1298 1532 1376 1562 edet.

964 1650 1103 1682 NOTAE

304 1726 459 1759 rinuntur,
491 1725 553 1756 hoc
587 1729 651 1762 est,
680 1725 871 1756 inseruntur.
911 1726 1006 1757 Unde

304 1775 471 1814 Scaliger:
499 1775 616 1815 Topper
632 1776 690 1805 cite·
711 1776 751 1806 ad
772 1776 849 1807 tedis
871 1776 1008 1807 venimus

309 1826 411 1856 (Ἔνθα)
423 1825 525 1856 Simul
537 1828 705 1856 duonorznn
716 1827 853 1866 portavit
865 1828 904 1857 ud
915 1837 1009 1857 nares

305 1877 405 1908 milia.
429 1876 504 1908 Alia
520 1877 551 1907 iu
564 1877 671 1907 iisdem
689 1877 911 1908 inserinuntur.
939 1877 1007 1908 Ad-

306 1928 424 1968 ditque
450 1928 522 1958 liaec
541 1928 652 1968 potius
680 1929 885 1959 seutentiam
909 1938 1008 1969 quain

308 1977 414 2007 verba
432 1977 571 2007 Homeri
589 1977 791 2016 exprimere.
827 1977 911 2009 Quae
930 1981 1010 2007 sunt

310 2027 418 2067 Odys.
441 2025 484 2065 μ’.
523 2027 594 2057 Οὐδ’
618 2027 676 2067 ἄρα
699 2027 813 2067 Κίρκην
831 2028 881 2066 Ἐξ
903 2027 1011 2057 Ἀΐδεω

309 2075 454 2107 ἐλθόντες
470 2075 629 2114 ἐλήθομεν·
648 2076 734 2106 ἀλλὰ
753 2075 826 2114 μάλ’
847 2075 1010 2107 ὦκαἾ-ὶλέΐ

311 2125 509 2165 ἐντυναμένη·
528 2126 590 2165 ἅμα
605 2127 629 2156 δ’
645 2126 818 2166 ἀμφίπολοι
830 2125 925 2167 φέρον
935 2127 1013 2168 αὐτῇ

310 2180 414 2217 Σῖτον,
440 2177 489 2209 καὶ
507 2179 580 2218 κρέα
602 2177 720 2217 πολλὰ,
738 2177 787 2209 καὶ
809 2178 919 2208 αἴθοπα
933 2176 1013 2207 οἶνον

310 2230 444 2271 ἐρυθρόν.
478 2230 517 2261 Id
536 2236 606 2261 est:
623 2231 631 2247 ‘
647 2230 768 2270 Neque
784 2239 863 2260 vero
881 2229 1012 2259 circem

312 2291 355 2312 ex
383 2280 506 2312 Inferis
536 2281 719 2312 redeuntes
751 2280 924 2320 latuimus,
955 2278 1014 2309 sed

313 2332 410 2363 valde
441 2332 602 2363 celeriter
636 2332 731 2362 venit
758 2330 1015 2369 festinabunda,

312 2383 411 2413 simul
441 2388 552 2414 autem
587 2381 722 2413 famul-:1²
753 2380 909 2412 ferebant
938 2390 1013 2412 cum

312 2433 385 2473 ipsa
402 2442 505 2473 panes
524 2438 557 2463 et
575 2442 694 2463 carues
710 2432 831 2463 multas
848 2437 883 2462 et
901 2432 1012 2461 viuum

313 2482 472 2523 uigrum.'
496 2483 595 2513 Idem.

356 2532 370 2553 ‘¹
397 2534 546 2574 Torrens]
572 2532 657 2563 Haec
683 2532 824 2563 Pacuvii
847 2531 949 2563 verba
967 2532 1014 2562 in-

315 2585 439 2623 telligit
456 2584 564 2614 Varro
589 2583 646 2614 lib.
673 2592 695 2614 1.
715 2582 758 2613 de
778 2583 817 2614 R.
837 2583 877 2614 R.
893 2592 967 2622 cap.
982 2584 1013 2611 2.

316 2639 323 2651 ‘
343 2636 466 2664 Verum
487 2634 575 2665 enim
589 2637 638 2663 est
655 2632 738 2663 illud
760 2632 972 2671 Pacuvii‚sol
987 2631 1014 2661 si

316 2691 483 2725 perpetuo
510 2685 567 2723 sit,
592 2688 650 2714 aut
677 2693 754 2723 nox,
781 2681 935 2714 flammeo
962 2692 1016 2712 va-

315 2744 410 2775 pore,
426 2740 483 2766 aut
500 2733 625 2775 frigore
639 2739 739 2765 terrae
756 2732 889 2765 fructus
903 2741 1016 2765 omnes

1063 1726 1225 1757 interire:
1257 1725 1345 1756 Nam
1367 1725 1477 1754 Varro
1495 1722 1676 1762 saepissime
1694 1731 1759 1753 non

1064 1782 1131 1807 tam
1152 1776 1251 1806 verba
1267 1776 1352 1814 ipsa,
1374 1784 1471 1814 quam
1489 1783 1603 1805 eorum
1626 1783 1760 1803 sensum

1064 1833 1297 1868 repraesentat.
1336 1826 1483 1856 'ron-ens
1512 1825 1613 1855 etiam
1637 1823 1762 1854 dicitur·

1063 1879 1200 1908 Fluvius
1226 1876 1347 1907 subitis
1375 1875 1536 1905 imin-ibus
1560 1874 1763 1912 concitatus,

1064 1933 1099 1959 et
1130 1938 1149 1958 a
1174 1927 1343 1958 montibus
1374 1927 1407 1956 in
1435 1924 1538 1955 valles
1568 1924 1764 1962 decurrens,

1065 1979 1171 2009 amnis
1188 1977 1368 2018 hybernus,
1382 1973 1576 2014 χειμάῤῥους,
1591 1983 1656 2004 non
1674 1972 1762 2013 quod

1065 2028 1278 2059 siccitatibus
1294 2031 1486 2062 exarescat,
1511 2031 1547 2054 ut
1567 2024 1614 2054 ait
1631 2024 1762 2063 Festus,

1066 2078 1124 2109 sed
1151 2077 1239 2118 quod
1265 2081 1406 2116 propter
1431 2075 1646 2114 rapiditatem
1673 2084 1763 2104 exae-

1066 2131 1170 2158 stuet.
1206 2126 1304 2156 Unde
1335 2130 1371 2155 et
1397 2124 1539 2164 quilibet
1571 2123 1625 2153 alii
1653 2123 1762 2154 Fluvii

1066 2181 1234 2209 torrentes
1250 2175 1350 2206 etiam
1369 2174 1463 2205 dicti.
1487 2174 1583 2204 Idem.

1109 2232 1121 2248 ⁰
1146 2224 1292 2264 Torrere]
1318 2225 1433 2255 Plaut.
1458 2225 1490 2254 iu
1515 2223 1664 2255 Casina:
1695 2223 1766 2254 Una

1067 2277 1183 2317 oedepol
1214 2286 1306 2316 opera
1342 2275 1375 2305 in
1405 2275 1552 2313 sarnum,
1589 2275 1642 2313 ἔξω.
1682 2272 1763 2304 Aut.

1069 2328 1157 2368 Aug.

1114 2379 1241 2409 Torrere
1266 2388 1284 2407 a
1308 2374 1424 2414 torreo]
1462 2375 1566 2414 Lege.
1594 2373 1721 2403 Tor-rere
1747 2383 1766 2402 α,

1069 2433 1162 2459 torro.
1198 2429 1242 2459 Et
1273 2427 1321 2457 ita
1349 2426 1380 2457 iu
1398 2425 1482 2456 Mss.
1516 2425 1629 2455 Tan-rus
1653 2428 1765 2453 autem

1067 2480 1137 2509 sive
1157 2479 1266 2517 Torus,
1283 2477 1384 2507 unico
1405 2486 1433 2515 r,
1450 2481 1487 2506 ut
1504 2474 1606 2513 infra,
1623 2474 1766 2504 Veteres

1069 2528 1226 2559 dicebant
1244 2538 1303 2567 pro
1327 2526 1466 2567 torrido,
1485 2526 1659 2566 aridoque.
1691 2525 1766 2555 Est-

1071 2589 1134 2620 que
1151 2583 1237 2609 torus
1254 2588 1271 2608 a
1287 2577 1387 2617 τείρω,
1405 2575 1565 2614 arefacio,
1579 2577 1679 2605 sicco.
1705 2574 1767 2604 Lo·

1070 2640 1145 2662 cum
1167 2624 1286 2661 Plauti
1305 2628 1391 2660 iufra
1416 2627 1490 2658 vide
1515 2627 1547 2657 in
1564 2628 1572 2643 ‘
1594 2624 1768 2656 Rubidusss

1073 2681 1153 2712 Duc.
