1876 3025
258 175 320 205 DE
354 173 627 204 VERBORUM

662 169 1072 203 SlGNIFICATlONE
1108 170 1203 199 Llss.
1239 169 1344 200 XVI.

1460 158 1545 200 785

102 268 214 310 Rosa
236 268 277 309 in
291 283 390 324 agro
412 268 568 310 reatino
582 276 598 291 ὃ
629 281 802 322 campus
824 266 1086 321 appellatur,
1108 264 1218 320 quod
1235 264 1275 304 in
1297 278 1340 304 eo
1376 264 1543 318 [FEST.

154 350 255 376 ανυα
278 351 368 376 rore
391 336 565 377 humida
585 349 757 389 semper
779 339 978 376 serunt-2⁰

99 404 359 445 Rotundum
376 409 386 427 ¹
425 403 568 445 aedem
590 402 743 444 Vestae
761 401 776 424 ¹³
809 402 958 442 Numa
982 400 1234 453 Pompilius
1257 399 1361 439 Rex
1382 399 1546 440 Roma-

153 484 307 511 norum
345 483 632 511 consecrasse
667 470 857 517 videtur,
892 467 1013 523 quod
1045 466 1224 507 eandem
1254 479 1351 506 esso
1373 470 1545 514 terram,

154 550 244 592 qua
259 538 352 578 vita
371 538 591 578 hominum
611 539 941 585 sustentaretur,
964 533 1215 582 crediderit,
1239 545 1426 585 eamque
1444 532 1546 585 pilae

153 605 294 646 forma
315 618 411 645 esse
429 618 440 644 t
472 609 518 646 ut
540 606 606 645 sui
625 604 756 644 simili
778 602 942 654 templo
967 602 1066 641 Dea
1085 601 1316 640 coleretur.

99 672 352 713 Rotundam
374 673 597 713 faciebant
618 671 759 711 aedem
777 669 928 710 Vestae
951 669 1008 709 ad
1041 668 1145 721 pilae
1175 666 1329 707 simili·
1361 666 1543 718 [PAUL.

156 740 364 789 tudinem,
389 740 506 793 quod
528 737 711 779 eandem
734 736 973 776 credebant
993 739 1149 775 terram
1166 746 1277 773 esse.

100 805 305 847 Rubidus
326 807 444 859 apud
468 806 674 846 Plautum
697 804 825 856 panis
842 805 1017 844 vocatur
1038 814 1188 855 parum
1213 804 1369 841 coctus
1390 813 1398 840 :
1436 799 1543 839 item

154 877 333 914 scorteae
354 874 560 926 ampullae
584 884 755 923 rugosae
776 870 944 911 rubidae
967 870 1053 910 dici
1080 869 1238 909 solent.

104 936 321 979 Ιίῑιόἱαίιες
334 939 459 993 panis
480 937 713 993 appellatur
735 950 887 991 parum
905 941 1092 984 coctus,z
1117 948 1216 976 cum
1241 933 1363 973 rubro
1386 934 1545 985 [Fsssr.

703 1055 739 1067 ee
745 1055 942 1067 “streete“

141 1138 183 1165 20
207 1133 303 1165 Idem
322 1135 452 1172 serunt.
499 1134 539 1165 In
565 1134 617 1164 ed.
642 1133 734 1164 Scal.
760 1135 854 1163 extat
881 1132 1056 1162 serena-1
1084 1129 1165 1160 Vet.
1189 1129 1263 1160 cod.
1292 1129 1547 1160 mennatum—2

102 1178 197 1209 Fulv.
215 1177 330 1210 Ursin.
354 1178 486 1218 legebat
502 1180 670 1217 percoctum

746 1281 892 1313 NOTAE

97 1370 167 1391 sam
193 1359 282 1401 apud
306 1360 474 1391 Censores
501 1363 632 1399 ageret,
659 1367 796 1398 campos

104 1410 219 1442 Roseae
249 1410 337 1441 dixit
362 1411 472 1441 ltaliae
503 1419 618 1441 sumen
649 1418 736 1446 esse,
763 1409 797 1438 in

99 1461 221 1503 quibus
247 1462 396 1502 perticas
424 1462 531 1502 pridie
558 1461 695 1491 relictas
723 1469 798 1498 gra-
840 1458 993 1495 feruntur
1017 1466 1078 1497 pro
1103 1457 1261 1486 seruntur.

99 1521 174 1542 men
191 1512 355 1552 operiret.
386 1511 451 1543 Sed
471 1522 535 1542 uon
553 1511 616 1541 nisi
635 1510 675 1540 ad
693 1509 798 1550 pabu-

99 1562 165 1592 lum
184 1562 382 1602 probantur.
426 1563 516 1593 Plin.
532 1562 589 1593 lib.
608 1569 702 1592 xvu.
723 1569 798 1600 cap.

102 1614 135 1643 4.
160 1612 238 1643 Ant.
257 1613 342 1651 Aug.

141 1666 157 1682 ὃ
183 1663 281 1693 Rosea
306 1663 338 1693 in
363 1673 439 1701 agro
466 1661 602 1701 reatino]
627 1661 725 1691 Varr.
744 1660 798 1691 lib.
824 1663 828 1665 ’

100 1723 124 1744 ι.
138 1713 181 1744 de
197 1714 235 1743 R.
251 1714 290 1743 R.
315 1714 323 1730 ‘
337 1714 452 1744 Caesar
462 1713 628 1752 Vopiscus
642 1711 798 1741 aedilititis

100 1773 234 1794 causam
265 1773 339 1794 cum
369 1768 487 1802 ageret
515 1762 604 1803 apud
631 1762 798 1792 Censores

102 1813 245 1853 Campos
274 1813 392 1843 Roseae
419 1813 525 1843 Italiae
551 1812 638 1842 dixit
654 1821 727 1842 esse
747 1821 799 1841 su-

101 1872 192 1901 men,
218 1863 250 1893 in
268 1872 331 1904 quo
349 1863 468 1893 relicta
486 1863 617 1903 pertica
635 1861 799 1902 postridie

102 1922 166 1942 nou
182 1918 362 1953 appareret
381 1917 520 1953 propter
536 1910 699 1942 herbam?
723 1911 798 1941 Vir-

101 1963 160 2002 gil.
176 1972 241 1994 vu.
259 1962 393 1993 AEneid.
415 1963 424 1978 ‘
443 1962 509 1994 Qui
526 1962 730 1992 Nomentum
746 1971 798 1991 ur·

101 2012 187 2048 bem,
220 2014 276 2053 qui
307 2011 417 2043 Rosea
448 2023 526 2043 rura
550 2011 686 2042 Velini.’
731 2011 798 2042 Ubi

101 2062 237 2092 Servius
251 2073 261 2092 :
294 2063 303 2079 ‘
318 2063 456 2093 Velinus
493 2063 586 2093 locus
620 2066 673 2092 est
707 2062 799 2092 circa

102 2112 209 2144 Reate
219 2113 320 2153 juxta
337 2123 453 2153 agrum
466 2113 522 2153 qui
538 2113 727 2143 Rosulanus
744 2121 798 2142 vo-

100 2166 209 2193 catur.
233 2163 343 2193 Varro
357 2169 468 2193 tamen
478 2162 561 2193 dicit
576 2163 683 2192 lacum
697 2161 798 2197 hunc,

102 2221 120 2241 a
137 2212 281 2252 quodam
298 2213 435 2243 consule
460 2212 493 2242 in
511 2212 641 2251 Naran,
659 2212 711 2242 vel
730 2211 798 2242 Na—

104 2270 161 2292 ren
185 2260 335 2298 fluvium,
352 2272 428 2293 nam
453 2267 635 2303 utrumqne
662 2261 800 2300 dicitur,

103 2320 176 2342 esse
193 2311 361 2343 diffusum.
407 2313 490 2343 Post
518 2312 606 2352 quod
628 2316 723 2342 tanta
747 2315 800 2342 est

104 2370 145 2391 ea
174 2362 250 2392 loca
277 2367 395 2393 secuta
421 2361 593 2398 fertilitas,
627 2366 664 2392 ut
696 2361 799 2393 etiam

108 2411 249 2451 perticae
264 2412 507 2452 longitudinem
522 2413 666 2444 altitudo
683 2421 799 2452 super·

104 2462 169 2492 arit
192 2461 392 2494 herbarum:
417 2465 495 2504 quin
513 2465 612 2494 etiam
635 2468 795 2505 quantum

107 2521 168 2552 per
195 2512 282 2542 diem
303 2512 449 2543 demtum
467 2518 571 2551 esset,
590 2518 718 2544 tantum
735 2522 796 2553 per

103 2566 219 2593 noctes
236 2563 421 2594 crescebat.
464 2564 562 2596 Quod
577 2563 739 2603 Virgilius
755 2562 797 2593 ad

107 2622 198 2643 suam
227 2613 433 2653 provinciam
462 2614 645 2654 transtulit,
661 2613 798 2644 dicens:

106 2665 114 2680 ¹
132 2664 175 2694 Et
191 2668 350 2704 quantum
367 2663 473 2703 longis
490 2669 632 2704 carpent
649 2667 801 2694 armenta

107 2713 238 2748 diebus,
270 2713 398 2753 Exigua
428 2717 556 2743 tantuin
588 2712 717 2754 gelidus
748 2722 800 2742 ros

196 2767 307 2807 Delpli,
322 2770 349 2797 ee
370 2766 443 2797 γαν.
462 2767 544 2797 Clas.

739 2766 847 2805 Pomp,
867 2765 949 2796 chl.

850 1360 950 1388 nocte
968 1354 1150 1396 reponet.'’
1195 1353 1234 1384 In
1253 1352 1363 1383 verbis
1378 1353 1469 1384 Festi
1487 1362 1547 1393 pro

846 1411 955 1438 serunt
971 1406 1149 1447 legendum
1159 1404 1283 1442 ferunt,
1299 1410 1332 1434 et
1348 1403 1380 1433 iu
1398 1404 1549 1443 epitome

1308 1453 1432 1494 Neque
1457 1454 1548 1483 enim

849 1507 1025 1538 serebatur
1050 1507 1181 1537 Roseus
1210 1514 1303 1545 ager,
1319 1504 1351 1534 in
1374 1513 1441 1544 quo
1467 1504 1549 1534 nihil

848 1557 920 1588 fere
938 1561 1066 1597 praeter
1091 1561 1200 1596 prata,
1216 1560 1252 1586 ut
1270 1564 1311 1585 ex
1328 1554 1446 1585 eodem
1464 1555 1550 1585 Var-

850 1618 932 1639 rone
958 1607 1072 1646 colligi
1102 1611 1228 1647 potest,
1254 1606 1311 1636 lib.
1348 1615 1372 1636 1.
1409 1615 1485 1645 cap.
1516 1608 1547 1636 7.

850 1660 964 1691 Quare
979 1663 1012 1688 et
1025 1657 1121 1698 equis
1135 1655 1398 1695 abundavit‚qui
1410 1655 1547 1685 Roseuni

850 1708 932 1738 dicti
950 1712 1038 1738 sunt.
1068 1707 1148 1737 Dae.

892 1757 906 1778 b
930 1758 1107 1789 Rotundum
1133 1757 1230 1787 oedem
1250 1754 1367 1793 Vestoe]
1392 1754 1431 1784 In
1455 1759 1549 1785 vete-

851 1807 942 1838 ribus
959 1807 1101 1838 nummis
1115 1806 1228 1836 Vestae
1247 1804 1407 1844 templum
1425 1813 1465 1834 ea
1479 1803 1549 1834 for-

850 1869 903 1891 ma
940 1859 1105 1899 hodieque
1143 1857 1306 1887 cernitur.
1353 1855 1464 1895 Hujus
1500 1854 1549 1884 rei

850 1919 985 1940 causam
1002 1909 1102 1938 aliam
1126 1906 1230 1937 tradit
1246 1905 1416 1935 Plutarch.
1444 1905 1546 1934 ‘Tra-

850 1958 966 1998 ditur‚'
1011 1957 1133 1998 inquit,
1170 1956 1179 1972 ‘
1202 1955 1346 1986 Numam
1384 1954 1547 1985 custodiae

849 2020 951 2040 causa
976 2007 1116 2048 perenni
1141 2008 1219 2046 igne
1244 2005 1356 2035 Vestae
1384 2004 1548 2044 templum

849 2058 1122 2096 circumdedisse,
1147 2055 1235 2097 quod
1252 2054 1431 2086 rotundum
1449 2055 1490 2083 ab
1507 2063 1548 2084 eo

850 2113 1041 2141 extructum
1059 2113 1123 2143 est,
1140 2116 1204 2137 nou
1222 2112 1258 2136 ut
1271 2110 1381 2144 terrae,
1398 2104 1491 2145 quasi
1508 2113 1549 2134 ea

849 2161 955 2191 Vesta
980 2163 1081 2196 esset,
1097 2157 1155 2188 sed
1181 2160 1216 2186 ut
1240 2154 1383 2186 universi
1404 2153 1548 2194 figuram

850 2210 1070 2250 exprimeret,
1107 2207 1141 2237 in
1170 2206 1264 2246 cujus
1295 2203 1405 2235 medio
1435 2204 1548 2244 ignem

850 2261 1051 2291 collocatum
1068 2255 1270 2297 Pythagorei
1284 2258 1437 2292 censent,
1454 2263 1548 2284 eum-

850 2319 914 2350 que
930 2310 1070 2340 Vestam
1097 2311 1133 2338 et
1159 2306 1323 2336 unitatem
1353 2302 1552 2344 appellant.'

851 2360 917 2391 Sed
934 2360 1007 2390 haec
1024 2367 1126 2389 merae
1143 2365 1254 2396 uugae,
1269 2365 1343 2385 nam
1361 2356 1427 2385 alia
1443 2355 1547 2384 etiam

851 2409 979 2449 templa
995 2417 1087 2449 saepe
1114 2416 1155 2438 ea
1182 2405 1288 2437 fornia
1310 2404 1414 2435 fuisse
1430 2408 1547 2435 notum

851 2464 915 2491 est.
937 2459 1035 2490 Idem.

894 2515 907 2531 c
931 2509 1087 2550 Rubidus]
1107 2509 1220 2539 Plaut.
1234 2507 1267 2538 in
1282 2506 1423 2538 Casina:
1449 2510 1456 2523 ‘
1472 2507 1547 2536 Una

854 2560 986 2601 aedepol
1002 2569 1106 2600 opera
1118 2559 1149 2589 in
1167 2558 1298 2589 furnum
1311 2556 1453 2588 calidum
1469 2565 1547 2586 con·

854 2611 939 2650 dito,
956 2610 1070 2651 Atque
1095 2609 1140 2640 ibi
1167 2612 1294 2640 torreto
1317 2616 1368 2637 me
1384 2616 1444 2647 pro
1462 2615 1546 2645 pane

854 2661 971 2691 rubido
988 2660 1092 2691 hera!
1115 2660 1193 2690 Ant.
1212 2660 1296 2697 Aug.

899 2711 1055 2751 Rubiclus]
1082 2710 1187 2749 Infra,
1213 2710 1352 2740 Rubidm
1375 2707 1463 2747 panis
1492 2717 1544 2748 ap-

1388 2764 1405 2791 3
1432 2761 1459 2790 D
