1876 3025
272 142 386 184 1062
728 149 879 181 sEx‘m
913 149 1113 179 ΡοΜΡΕιι
1149 149 1285 179 ΕΕεΤι

274 249 355 290 cis.
434 246 596 288 Plantae
616 246 880 301 appellantur
899 244 1051 286 semina
1074 244 1240 295 olerum,
1264 243 1371 298 quod
1382 243 1521 298 plana:
1539 249 1654 295 sunt,
1679 252 1723 286 ut

273 314 535 369 appellantur
552 313 703 368 planta?
719 320 946 353 nostrorum
962 311 1112 366 pedum
1133 326 1180 352 ex
1201 325 1339 353 causa
1357 311 1495 353 simili.
1557 310 1724 352 Plancoe

273 382 512 423 dicebantur
534 381 683 422 tabulae
697 380 848 434 Plance,
868 380 916 420 ab
939 394 1066 434 quam
1090 394 1252 420 causum
1281 386 1319 420 et
1342 378 1494 420 Planci
1514 378 1725 433 appellan-

272 458 356 501 tur,
374 450 445 505 qui
473 464 597 504 supra
617 448 777 489 modum
798 449 946 503 pedib.
968 447 1110 502 planis
1138 456 1246 489 suut.
1311 446 1550 488 Plaustrum
1565 447 1726 501 perculi

273 518 439 573 antiqui
458 517 665 558 dicebant
686 516 739 556 ab
760 531 819 568 eo,
839 517 911 572 qui
934 515 1038 571 pede
1064 523 1206 556 onusta
1235 516 1422 571 plaustra
1446 514 1650 569 perculit.-
1681 514 1726 554 id

273 592 344 631 est,
366 584 519 626 evertit
538 600 550 625 .·
570 582 679 639 quod
692 590 835 637 postea
853 583 956 624 abiit
972 583 1014 623 in
1033 583 1293 638 proverbium
1307 584 1368 632 id,
1383 583 1501 636 quod
1519 598 1542 622 α
1566 581 1723 622 Plauto

272 653 314 692 in
356 651 528 706 Epidico
568 650 774 692 Comoedia
805 651 979 692 relatum
1019 658 1074 691 est
1093 667 1104 691 :
1147 650 1367 705 Epidicus
1402 649 1499 690 mihi
1533 649 1724 705 magister

259 719 382 775 fuit;
408 719 545 773 perii:
574 733 674 773 pene
693 719 935 774 plaustrum
962 720 1145 773 perculi.
1207 718 1419 759 Plebeium
1440 718 1723 773 magistratum

271 787 473 830 neminem
494 788 598 828 licet
620 802 780 843 capere,
808 788 886 828 uisi
916 787 988 843 qui
1009 801 1055 827 ex
1072 787 1187 842 plebe
1218 794 1301 827 est:
1331 787 1443 842 cujus
1461 786 1628 841 generis
1657 789 1724 825 est

271 855 398 896 omnis
414 855 691 910 magistratus,
715 856 786 910 qui
804 854 1057 910 appellaturi
1072 855 1155 896 isto
1174 856 1362 895 nomine.
1427 852 1570 893 Plutei
1585 852 1723 892 dicun-

271 931 340 964 tur
360 930 487 963 crates
509 924 615 965 corio
645 924 774 966 crudo
796 926 1001 974 intentae‚⁵
1037 938 1124 979 qua:
1145 922 1325 963 solebant
1356 922 1505 977 opponi
1524 918 1722 961 militibus

270 1004 385 1046 opus
406 992 630 1033 facientib.
652 999 690 1033 et
712 992 1028 1047 appellabantur
1054 992 1253 1032 militares
1271 1007 1283 1032 .·
1304 1004 1416 1032 nunc
1439 991 1572 1031 etiam
1594 990 1721 1030 tabu—

269 1058 333 1109 lae,
354 1059 463 1114 quib.
480 1059 582 1114 quid
592 1061 848 1115 prasepitur,
869 1059 1001 1102 eodem
1017 1061 1192 1102 nomine
1212 1060 1433 1101 dicuntur.
1486 1055 1629 1097 Plebei
1648 1055 1722 1096 AE-

268 1128 367 1169 cliles
382 1136 397 1152 ¹¹
429 1145 507 1170 uon
530 1130 661 1170 minus
677 1130 910 1184 populique
930 1130 1208 1184 plebeiscito,
1230 1142 1314 1183 quoe
1336 1127 1384 1168 de
1415 1141 1457 1167 eo
1477 1125 1722 1180 magistratu

271 1198 442 1239 creando
461 1199 715 1251 suffragium
740 1197 853 1249 tulit,
878 1205 920 1238 ut
941 1198 1063 1239 sacris
1082 1196 1230 1238 cedibus
1247 1201 1475 1251 prccesseut‚
1496 1200 1598 1235 sunt
1619 1207 1724 1234 con-

268 1266 432 1307 stituti:
462 1280 560 1321 quos
587 1265 726 1306 Tribu.
752 1265 812 1319 pt.
837 1266 1041 1306 ministros
1060 1264 1197 1320 fuisse
1217 1264 1387 1305 dicunt:
1421 1264 1496 1316 qui
1515 1275 1603 1304 una
1622 1275 1722 1303 cum

271 1330 435 1374 ,Plebeis
452 1333 623 1374 AEclilib.
638 1340 729 1374 suut
751 1334 890 1384 creati,
907 1333 1133 1374 dissidente
1154 1333 1282 1387 plebe
1305 1345 1331 1372 a
1351 1329 1518 1371 Patrib.
1545 1329 1576 1369 ii
1588 1328 1722 1369 taber-

271 1415 342 1441 nas
359 1400 568 1456 feceruut,
589 1416 697 1457 quas
727 1416 864 1444 novas
899 1407 1083 1444 vocant:
1106 1415 1185 1443 nos
1206 1407 1339 1441 autem
1361 1399 1536 1454 quinque
1552 1398 1720 1438 dicimus

270 1482 338 1510 eas
354 1483 455 1510 esse
478 1475 522 1511 et
545 1475 714 1524 septem
738 1471 950 1521 seruntur,
983 1476 1020 1510 et
1040 1469 1212 1524 plebeios
1234 1467 1395 1524 quidem
1414 1467 1677 1521 appellamus
1694 1480 1720 1508 a

269 1549 423 1588 genere
442 1535 534 1590 [40]
558 1538 839 1590 magistratus
859 1551 867 1579 :
889 1551 965 1578 eas
989 1539 1103 1579 enim
1125 1537 1351 1578 faciendas
1373 1540 1632 1577 curaverunt
1653 1534 1720 1575 M.

267 1604 433 1646 Junius
450 1606 626 1647 Brutus.
660 1605 719 1656 Q.
731 1605 910 1660 Oppius
924 1606 1099 1646 AEdiles
1115 1606 1175 1660 pl.
1208 1606 1348 1646 Plexa
1364 1605 1573 1657 colligata
1587 1603 1721 1656 signi-

269 1672 371 1713 ficat
402 1687 459 1714 ex
493 1674 674 1724 Graeco,
710 1675 781 1716 cui
811 1688 890 1715 nos
924 1675 1056 1715 etiam
1097 1674 1455 1727 praepositionem
1492 1672 1722 1713 adicimus,

269 1754 370 1781 cum
391 1741 576 1783 dicimus
598 1743 823 1796 perplexa.
884 1743 1067 1783 Plentur
1083 1742 1250 1796 antiqui
1273 1741 1405 1782 etiam
1428 1740 1524 1780 sine
1544 1752 1720 1792 praepo-

268 1809 506 1850 sitionibus
528 1809 748 1851 dicebant.
811 1811 941 1852 Plera
969 1811 1141 1851 dixisse
1168 1810 1373 1862 antiquos
1395 1809 1521 1849 testis
1542 1811 1612 1847 est
1633 1806 1720 1846 Pa-

269 1877 437 1927 cuvius,
460 1891 558 1918 cum
582 1878 667 1919 ait:
696 1879 831 1919 Plera
853 1893 959 1933 pars
981 1877 1304 1932 pessumdatur.
1364 1876 1618 1917 Ploximum
1642 1886 1719 1927 ap-

267 1944 423 1996 pellari
454 1946 516 1987 ait
547 1946 767 1997 Catullus,
792 1959 972 2000 capsam
996 1946 1038 1985 in
1067 1947 1192 1994 cisio,
1217 1942 1442 1998 capsave⁶
1474 1956 1573 1983 cum
1592 1942 1717 1990 dixit,

267 2012 466 2064 gingivas
490 2026 592 2054 vero
612 2014 798 2067 ploximi
821 2014 952 2055 habet
968 2014 1140 2055 veteris.
1202 2012 1414 2061 l'lorai·e,⁸
1440 2011 1555 2059 flere,
1579 2008 1716 2050 incla-

874 2143 1110 2155 eeeeeeeeeeee

309 2234 326 2261 5
352 2229 376 2262 f.
394 2230 594 2262 iutectoe.———6
611 2230 634 2262 f.
651 2241 822 2271 capsamve.

923 2329 1062 2361 NOTAE

309 2421 321 2435 ¹¹
347 2415 454 2446 Plebei
470 2416 607 2456 AEdiles]
634 2417 815 2457 Dionysius
836 2417 893 2449 lib.
912 2426 961 2449 v1.
1018 2418 1102 2449 duos
1120 2427 1137 2448 e
1155 2417 1254 2458 plebe
1276 2416 1540 2451 constituerunt,
1554 2415 1607 2456 qui
1626 2414 1715 2446 AEdi-

262 2467 390 2499 AEdiles
431 2467 594 2507 plebeios,
644 2473 682 2499 ut
727 2469 960 2501 Tribunornm
1018 2469 1065 2499 les
1084 2468 1243 2508 appellati
1266 2467 1369 2499 suut.’

265 2517 375 2557 plebis
402 2522 515 2548 essent
541 2518 698 2556 ministri,
726 2524 760 2550 et
787 2525 824 2550 ut
855 2519 959 2551 sacris
1057 2524 1071 2539 x
1096 2517 1433 2557 Plorure,25·c.]13stod
1450 2517 1481 2547 in
1499 2517 1572 2557 lege
1591 2517 1712 2547 Numae

266 2567 396 2598 aedibus
424 2572 620 2606 praeessent,
642 2568 723 2599 dicit
750 2574 884 2601 creatos
908 2569 960 2600 fu-
1014 2569 1116 2601 habet
1129 2570 1302 2609 exemplar
1317 2580 1323 2599 ε
1338 2574 1371 2599 et
1386 2569 1434 2599 ita
1444 2568 1711 2608 antiquosscrip-

265 2619 339 2649 isse.
388 2619 522 2659 Digest.
539 2617 596 2649 lib.
614 2628 638 2649 1.
654 2620 707 2650 tit·
724 2622 753 2651 2.
777 2621 785 2636 ‘
804 2620 961 2661 Itemque
1015 2621 1095 2652 sisse
1113 2620 1217 2651 tradit
1230 2620 1461 2653 Quintilianus
1480 2619 1628 2650 adducto
1645 2624 1710 2650 tes-

265 2676 303 2702 ut
327 2675 452 2710 essent,
477 2671 532 2712 qui
558 2671 686 2702 aedibus
710 2678 909 2712 praeessent,
927 2673 959 2704 in
1017 2671 1154 2702 timonio
1183 2682 1225 2702 ex
1256 2671 1327 2702 basi
1356 2671 1519 2701 columnae
1554 2674 1710 2700 rostratae

266 2722 386 2762 quibus
413 2721 524 2753 onmia
546 2722 628 2753 scita
653 2722 747 2763 plebs
771 2722 961 2760 deferebat,
1018 2723 1134 2762 Duilli,
1150 2723 1181 2754 in
1199 2733 1265 2764 qua
1281 2726 1342 2754 est.
1366 2730 1492 2753 ALTon.
1517 2729 1647 2756 MAmD,
1664 2725 1709 2760 et,
