1876 3025
252 124 337 166 728

690 135 837 167 SEXTI
873 136 968 166 POM
980 136 1075 168 PE11
1112 137 1251 168 FES‘rl

255 229 409 271 Rectae
431 230 710 285 appellantur
730 232 997 273 vestimenta
1018 232 1176 284 virilia,
1199 247 1300 288 quae
1324 247 1351 276 a
1371 238 1491 276 stan·
1517 235 1698 289 [PAUL.

311 298 442 348 tibus,
461 303 501 339 et
521 299 567 338 in
589 299 859 340 altitudinem
881 305 1104 342 texuntur.

255 365 398 406 Recto
416 366 557 407 fronte
574 364 589 387 ¹¹
625 372 799 408 ceteros
823 367 946 420 sequi
968 368 1006 408 si
1027 368 1152 409 norit.

1214 368 1327 410 Cato
1349 368 1394 410 in
1414 368 1505 410 dis—
1536 369 1701 423 [FEST.

309 434 539 475 sertatione
587 434 862 476 consulatus.
909 436 1101 490 antiquae
1145 437 1479 479 consuetudinis
1518 437 1614 487 fuit,
1655 441 1702 478 ut

309 514 409 541 cum
440 503 503 542 ait
532 503 698 543 Ennius
719 516 912 556 quoque,
944 517 971 545 a
1000 505 1136 559 stirpe
1167 518 1400 558 supremo:
1432 509 1475 546 et
1505 505 1592 546 Ilia
1627 504 1702 545 dia

306 581 468 622 nepos:
499 573 541 610 et
561 571 691 623 lupus
709 570 817 612 foeta
834 570 861 611 :8
878 569 887 592 ¹
916 576 959 613 et
977 572 1098 614 nulla
1118 577 1264 613 metus
1281 569 1310 613 :k
1339 577 1381 614 et
1403 573 1499 627 jam
1519 573 1563 614 in
1583 585 1702 614 com-

306 638 530 678 mentariis
551 651 774 679 sacrorum
796 639 1115 692 pontificalium
1136 640 1382 694 frequenter
1405 645 1472 682 est
1492 640 1561 681 hic
1584 639 1700 690 ovis,

307 709 351 746 et
370 705 467 747 haec
487 720 641 760 agnus,
664 720 715 747 ac
744 720 924 760 porcus,
947 722 1047 762 quae
1070 722 1155 750 non
1188 713 1237 750 ut
1256 708 1379 760 vitia,
1412 708 1487 749 sed
1509 712 1559 749 ut
1589 707 1699 749 anti-

307 786 437 826 quam
459 774 816 815 consuetudinem
837 777 1046 817 testantia
1067 777 1277 818 debemus
1300 777 1515 830 accipere.

251 838 617 882 Redentruare9¹
664 841 822 883 dicitur
853 843 895 882 in
935 843 1154 885 Saliorum
1193 844 1558 894 exultationibus,
1600 856 1699 885 cum

854 974 971 987 eeeeee

974 974 1090 986 eeeeee

290 1060 309 1087 8
332 1055 400 1088 Alii
416 1057 740 1098 leguntfemina.—9
764 1060 844 1091 Vet.
858 1059 918 1091 lib.
936 1060 1198 1101 Redampiruare.

902 1169 931 1200 N
938 1170 1040 1200 OTAE

247 1239 310 1271 bus
323 1240 460 1277 usitata,
475 1247 699 1284 praeterquam
715 1244 881 1284 AEgyptiis
894 1245 950 1285 qui

247 1292 406 1323 deorsum
424 1304 554 1324 versum
572 1296 747 1327 texebant.
782 1296 947 1328 Herodot.

244 1342 302 1372 lib.
327 1351 367 1374 11.
403 1342 581 1383 ὑφαίνουσιν
605 1345 633 1375 οἳ
668 1345 727 1383 μὲν
758 1345 861 1385 ἄλλοι,
887 1346 948 1377 ἄνω

246 1392 304 1430 τὴν
316 1392 428 1433 κρόκην
442 1394 598 1434 ὠθέοντες,
622 1395 784 1436 Αἰγύπτιοι
800 1396 831 1427 δὲ
849 1395 946 1433 κάτω,

246 1443 280 1473 id
299 1449 376 1476 est:
411 1450 418 1462 ¹
433 1446 567 1477 Texunt
587 1448 723 1488 quidem
747 1457 859 1478 omnes
888 1449 943 1479 alii

247 1504 373 1525 sursum
392 1505 520 1536 versuS,
537 1502 572 1528 et
589 1499 620 1528 in
641 1499 857 1530 altitudinem
875 1504 942 1530 tra-

245 1554 332 1575 mam
350 1546 539 1578 trudentes.
587 1548 732 1589 AEgyptii
751 1558 829 1579 vero
847 1549 942 1580 deor-

243 1605 314 1626 sum
346 1597 485 1630 versus.’
530 1598 633 1639 Apud
660 1605 792 1630 ceteras
822 1606 943 1640 gentes

245 1655 319 1677 cum
344 1651 454 1679 trama
476 1650 529 1679 vel
555 1650 610 1680 fila
642 1649 730 1682 infra
758 1656 885 1687 essent,
909 1652 942 1683 in

243 1698 474 1736 superioribus
493 1700 675 1731 texebatur
693 1701 943 1741 vestimentum,

243 1746 342 1777 etsie
360 1752 467 1779 trama
482 1759 616 1790 semper
633 1751 768 1791 pectine
785 1751 825 1783 ad
843 1762 941 1792 supe-

242 1798 366 1828 riorem
396 1804 528 1838 partem
554 1801 743 1832 ducebatur
764 1807 798 1832 et
825 1803 938 1833 trude-

241 1847 352 1882 batur,
370 1854 469 1889 atque
483 1850 515 1880 id
534 1860 663 1882 sursum
674 1861 791 1883 versus
808 1858 939 1892 texere,

242 1898 295 1929 vei
324 1899 357 1929 iu
388 1900 614 1939 altitudinem,
630 1903 808 1934 vocabant.
854 1904 940 1934 Con-

242 1950 348 1980 trario
362 1950 460 1981 modo
476 1951 638 1992 AEgyptii,
654 1962 696 1983 ex
709 1953 941 1993 superioribus

241 1999 298 2030 ubi
324 2007 422 2031 erant
444 2001 511 2040 fila,
538 2003 589 2033 vel
613 2003 702 2038 licia,
720 2003 760 2034 ad
779 2003 941 2035 inferiora

240 2050 485 2090 procedebant,
514 2052 569 2082 ubi
609 2053 847 2097 vestimentum
885 2055 937 2085 vel

242 2102 311 2132 tela
327 2113 401 2142 quae
426 2103 608 2134 texebatur
634 2105 756 2135 inerat.
801 2105 869 2136 Sed
897 2105 939 2136 de

239 2157 313 2181 arte
330 2154 475 2183 textoria
494 2153 569 2183 vide
588 2154 785 2185 Doctissimi
811 2156 940 2186 Salma-

241 2201 281 2231 sii
297 2202 417 2233 librum
434 2203 475 2233 de
489 2213 523 2233 re
542 2204 711 2243 vestiaria,
730 2210 764 2235 et
782 2206 852 2246 ejus
884 2217 942 2237 uo-

241 2257 292 2283 tas
309 2253 351 2284 ad
368 2254 563 2293 Vopiscum.
611 2254 699 2285 Nam
724 2255 771 2285 ita
788 2266 856 2286 rem
874 2267 944 2287 om-

241 2312 317 2333 nem
335 2304 498 2343 explicuit
518 2304 643 2335 utniliil
660 2315 759 2345 supra
775 2305 853 2336 addi
868 2317 944 2346 pos-

240 2353 293 2383 sit.
311 2354 391 2384 Dae.

280 2402 295 2423 ¹¹
319 2404 549 2444 Rectosronte]
578 2406 677 2435 Ennii
703 2415 820 2436 versus
837 2416 855 2436 a
873 2407 942 2437 No-

238 2454 294 2485 nio
326 2454 519 2486 referuntur
538 2457 585 2486 sic
615 2457 673 2487 lib.
688 2466 709 2487 1.
735 2457 844 2487 ‘Inde
871 2462 941 2488 tue-

241 2505 362 2536 turibi
386 2507 483 2546 iupus
509 2505 648 2537 foemina
676 2507 846 2547 conspicit
875 2518 942 2537 am-

240 2556 312 2586 neis
328 2556 348 2586 z’
373 2562 406 2587 et
427 2557 483 2587 lib.
503 2566 534 2588 v.
582 2562 589 2574 ‘
606 2557 753 2588 Nomine
776 2558 942 2598 Pyrrhus,

243 2607 292 2637 uti
315 2612 513 2645 memorant,
532 2618 549 2638 a
566 2608 673 2648 stirpe
691 2608 880 2649 supremo:'
907 2614 942 2640 et

240 2662 374 2693 incerto
386 2658 471 2689 libro
484 2669 491 2689 ε
505 2659 514 2675 ‘
528 2659 593 2689 Ilia
605 2658 659 2688 dia
672 2668 789 2700 nepos,
800 2670 882 2701 quas
899 2670 942 2691 ae-

243 2717 376 2740 rumnas
394 2710 537 2741 tetulisti
554 2710 574 2740 :’
599 2709 677 2741 item
696 2721 704 2741 :
740 2711 804 2743 ‘Ni
831 2715 941 2742 metus

1004 1246 1075 1276 ulia
1101 1251 1197 1278 tenet
1216 1247 1322 1278 teneri
1339 1246 1468 1278 virtute
1483 1246 1661 1287 quieseunt
1679 1245 1699 1275 :'

1003 1301 1037 1327 et
1053 1297 1155 1329 alibi:
1180 1302 1188 1315 ⁴
1203 1298 1337 1337 Vivam,
1352 1307 1393 1328 an
1411 1297 1544 1333 moriar,
1561 1296 1651 1327 milla
1667 1296 1700 1326 in

1003 1356 1054 1376 me
1071 1352 1124 1377 est
1140 1347 1271 1379 metus.’
1317 1348 1461 1380 Quintil.
1488 1347 1544 1378 lib.
1570 1356 1595 1377 1.
1623 1355 1702 1386 cap.

1002 1399 1053 1427 10.
1099 1398 1320 1438 ‘Quanquam
1340 1398 1448 1429 Varro
1473 1399 1505 1429 in
1531 1406 1571 1428 eo
1600 1396 1701 1436 libro,

1001 1457 1067 1487 quo
1085 1447 1180 1479 initia
1197 1448 1361 1479 Romanae
1379 1448 1472 1479 urbis
1487 1452 1636 1486 enarrat,
1652 1448 1701 1478 lu-

998 1507 1080 1538 pum
1104 1498 1274 1530 foeminam
1293 1499 1387 1535 dicit,
1412 1500 1569 1538 Ennium,
1586 1499 1701 1530 Picto-

998 1558 1136 1589 remque
1156 1550 1296 1580 Fabium
1314 1550 1477 1581 secutus!
1514 1551 1602 1581 Vide
1621 1554 1701 1581 ante

998 1599 1257 1638 ‘Stiricidium‚'
1288 1605 1322 1631 et
1346 1600 1527 1640 ‘Specus,'
1546 1606 1581 1632 et
1604 1599 1702 1640 ‘Spi-

997 1649 1095 1689 cum,’
1112 1655 1146 1680 et
1160 1655 1168 1668 ‘
1184 1649 1324 1681 Metus.'
1347 1650 1426 1682 Ant.
1442 1651 1528 1689 Aug.

1039 1700 1271 1741 Rectosroute]
1289 1700 1426 1731 Genera
1442 1701 1614 1731 nominum
1629 1701 1701 1741 ple·

996 1760 1102 1791 raque
1119 1757 1218 1782 erant
1229 1751 1387 1792 ambigna
1403 1756 1440 1782 et
1456 1751 1620 1792 duplicia.
1643 1752 1700 1784 Sic

995 1802 1178 1833 Veteribus
1208 1807 1353 1844 utroque
1387 1813 1512 1843 genere
1543 1804 1699 1835 enuntia-

995 1853 1116 1884 bantur
1134 1854 1142 1869 ‘
1159 1852 1274 1891 Deus,'
1292 1858 1299 1869 ‘
1314 1852 1430 1891 frons,’
1445 1854 1454 1871 ‘
1469 1853 1596 1894 stirps,’
1610 1858 1617 1870 ‘
1631 1863 1701 1884 me-

996 1903 1074 1941 tus,’
1090 1904 1098 1919 ‘
1113 1904 1245 1943 aguus‚’
1258 1906 1266 1921 ‘
1282 1903 1402 1945 lupus,'
1422 1906 1431 1922 ‘
1444 1904 1590 1944 porcus‚’
1605 1905 1614 1921 ‘
1628 1914 1696 1935 am-

996 1953 1068 1992 nis,’
1083 1956 1091 1970 ‘
1105 1954 1223 1993 alviis,'
1238 1956 1300 1985 ἃς.
1328 1954 1411 1986 Duc.

1037 2003 1044 2023 ⁵
1068 2004 1277 2044 Lupusfoetn]
1303 2005 1394 2044 Lege
1413 2008 1451 2035 ut
1468 2005 1510 2035 al.
1528 2006 1620 2044 lupus
1634 2005 1698 2043 foe-

988 2055 1082 2085 mina·
1105 2055 1114 2071 ‘
1129 2055 1346 2086 Endotuetur
1361 2055 1406 2086 ibi
1420 2056 1518 2095 lupus
1532 2054 1698 2087 foemina.’

993 2105 1094 2136 Idem.

1036 2155 1049 2175 ¹<
1068 2157 1166 2187 Nulla
1180 2157 1293 2197 metus]
1319 2155 1409 2186 Vide
1428 2156 1460 2186 in
1477 2157 1485 2173 ‘
1498 2156 1630 2187 metus.’
1649 2158 1701 2189 111.

1035 2206 1042 2225 ¹
1068 2207 1301 2247 Redemi-nare]
1336 2206 1480 2237 Pacuvii
1510 2216 1626 2237 versus
1655 2217 1697 2237 ex

996 2259 1107 2289 Nonio
1131 2264 1220 2299 suut,
1243 2268 1285 2289 ex
1310 2259 1425 2290 fabula
1450 2259 1593 2300 Chryse.
1616 2259 1696 2291 Ant.

996 2309 1081 2346 Aug.

1045 2360 1273 2400 Ii'edanlrunre]
1299 2359 1415 2400 Lege:
1448 2360 1697 2400 Recinmptrnare

996 2411 1121 2444 dicitur,
1139 2411 1170 2440 in
1188 2411 1345 2441 Saliorum
1361 2412 1614 2446 exultationibus,
1629 2421 1697 2442 cum

995 2461 1109 2499 proesul
1123 2461 1325 2499 ampiruavit,
1341 2462 1421 2500 quod
1445 2464 1502 2495 est,
1519 2464 1616 2491 motus
1632 2461 1696 2491 etli-

996 2510 1054 2546 (lit,
1071 2514 1099 2540 et
1124 2510 1302 2547 reseruntur
1322 2510 1454 2541 invicem
1476 2511 1568 2541 iidem
1585 2513 1695 2541 motus.

996 2559 1168 2590 Lucillius:
1194 2560 1319 2591 Prcesul
1334 2563 1369 2591 ut
1383 2564 1555 2601 amptruat,
1572 2562 1642 2591 imle
1664 2565 1695 2591 et

996 2609 1097 2647 totgu'
1121 2611 1334 2650 redumptruat
1357 2611 1420 2641 olli.
1464 2612 1694 2641 Pacuvius:...

992 2663 1201 2701 promerenda?
1221 2662 1336 2700 gratim
1362 2662 1462 2693 Simul
1485 2672 1553 2693 cum
1573 2661 1693 2691 videam

1000 2712 1115 2743 Graios
1149 2712 1228 2743 nihil
1259 2713 1455 2744 mediocriter
1485 2713 1692 2752 Redampcru-
