1876 3025
278 119 363 161 774

722 126 873 157 SEXTI
908 123 1110 154 POMPEII
1145 122 1281 153 FESTI

336 225 453 279 quod
483 224 529 264 in
560 236 708 264 omnes
728 222 926 263 homines
949 232 1075 260 resve
1099 218 1293 272 populus
1316 217 1461 267 scivit,
1480 216 1553 256 lex
1575 213 1723 268 appel-

333 293 462 333 latur.

280 359 496 413 Rogatio*
525 361 603 409 est,
635 371 733 399 cum
764 355 958 410 populus
981 354 1223 396 consulitur
1246 353 1300 394 de
1320 365 1406 394 uno
1429 351 1528 404 plu·
1559 349 1723 402 [FEST-

334 430 508 470 ribusve
538 426 805 474 hominibus,
839 424 961 478 quod
991 436 1075 463 non
1097 422 1152 463 ad
1180 434 1330 462 omnes
1351 420 1586 474 pertineat,
1605 419 1646 457 et
1667 415 1721 456 de

336 510 424 538 una
460 494 718 550 pluribusve
748 493 892 541 rebus,
915 490 968 531 de
990 491 1168 544 quibuS,
1190 502 1278 529 non
1309 488 1528 535 omnibus,
1551 484 1724 526 sancia-

336 570 420 606 tur.
463 563 582 605 Nam
604 561 723 616 quod
756 560 797 600 in
830 572 977 600 omnes
998 559 1192 599 homines
1213 570 1335 597 resve
1356 554 1554 609 populus
1578 552 1724 600 scivit,

334 634 411 674 lex
451 630 707 684 appellatur.

768 627 930 680 Itaque
961 626 1122 667 Gallus
1154 624 1301 666 AElius
1333 624 1407 671 ait,
1442 623 1553 661 inter
1584 620 1723 672 legem

337 706 381 742 et
400 700 671 753 rogationem
691 697 777 737 hoc
799 697 1007 736 interest:
1040 694 1212 747 rogatio
1234 696 1302 733 est
1320 703 1456 744 genus
1478 689 1600 741 legis,
1621 700 1721 740 quae

334 769 413 810 lex
433 779 520 807 non
541 766 744 806 continuo
766 777 821 804 ea
841 763 1009 816 rogatio
1028 766 1095 803 est
1115 761 1325 816 (rogatio)
1347 771 1434 800 non
1459 761 1605 811 potest
1634 768 1723 797 non

332 849 429 878 esse
450 837 536 884 lert,
556 834 593 874 si
612 832 744 874 modo
760 832 895 886 justis
919 830 1106 872 comitiis
1127 834 1281 882 rogata
1300 833 1379 870 est.

280 905 471 947 Romam
487 910 503 925 ¹¹
525 902 793 956 appellatam
816 913 915 941 esse
937 899 1161 953 Cephalon
1184 896 1455 950 Gergithius,
1476 895 1550 949 qui
1571 895 1624 935 de
1647 893 1728 934 ad-

932 1088 1070 1122 NOTAE

321 1181 329 1200 ῐ
372 1179 523 1219 Rogatio]
572 1181 777 1219 Rogationem
823 1179 974 1219 appellat

275 1231 354 1261 Sex.
400 1231 597 1272 Pompeius,
642 1231 731 1271 quod
775 1230 973 1271 privilegium

277 1282 418 1320 Cicer03
443 1292 516 1312 eam
533 1283 654 1322 legem,
671 1292 735 1322 qua
751 1282 791 1312 de
818 1292 882 1312 uno
900 1282 972 1322 plu-

276 1331 411 1363 ribusve
434 1333 636 1371 hominibus,
661 1339 718 1363 aut
742 1333 782 1363 de
808 1342 873 1362 una
902 1332 972 1371 plu-

275 1383 411 1413 ribusve
427 1383 528 1414 rebus
544 1383 766 1414 constitutum
784 1388 845 1414 est.
870 1383 971 1422 Legis

275 1432 392 1473 itaque
422 1442 527 1472 genus
553 1442 640 1471 esse,
668 1432 702 1463 id
736 1437 798 1468 est,
822 1433 971 1473 speeiem

276 1481 457 1521 quandam,
473 1483 719 1523 intelllgemus;
743 1490 790 1521 et,
817 1488 852 1514 ut
870 1484 973 1514 AElius

275 1532 395 1563 Gallus
421 1533 573 1572 dicebat,
599 1544 665 1564 non
685 1536 790 1565 omnis
805 1535 859 1565 lex
877 1544 973 1574 roga-

276 1583 323 1613 tio
351 1588 425 1614 est:
454 1586 559 1614 omnis
581 1589 693 1615 tamen
719 1585 850 1624 rogatio
869 1585 972 1625 justis

276 1635 423 1665 comitiis
448 1641 580 1675 rogata,
611 1636 665 1666 lex
693 1639 755 1666 est.
802 1635 889 1666 Haec
921 1639 974 1665 est

275 1684 368 1715 Festi
386 1685 565 1716 sententia.
603 1685 644 1716 In
661 1685 772 1716 verbis
791 1691 903 1716 autem
921 1690 973 1716 est

274 1736 424 1767 nonnihil
452 1736 673 1766 mendosum:
717 1746 862 1777 namque
893 1740 972 1766 ante

273 1786 330 1817 illa
347 1786 462 1825 verba,
483 1796 542 1816 non
565 1790 665 1826 potest
687 1797 746 1816 non
762 1797 838 1825 esse,
862 1786 972 1824 deest,

275 1842 313 1867 ut
343 1837 501 1871 arbitror,
530 1837 668 1867 verbum
695 1837 844 1877 Rogana.
904 1837 970 1868 Sed

275 1897 466 1928 quanquam
494 1888 566 1918 haec
582 1889 626 1918 sit
649 1888 741 1919 Festi
760 1890 885 1929 opinio.
912 1888 969 1918 mi-

273 1938 308 1968 hi
333 1938 517 1978 rogationis
551 1938 689 1968 verbum
723 1939 820 1969 latius
852 1943 970 1979 patere

274 1988 432 2026 videtur3
459 1993 493 2019 et
512 1998 626 2018 omnes
650 1989 755 2028 leges,
782 1988 824 2018 de
851 1989 972 2029 quibus

276 2039 317 2069 ad
336 2038 494 2079 populum
511 2037 651 2077 feratur,
674 2039 972 2079 comprehendere.

276 2090 385 2129 Leges
401 2098 480 2119 vero
498 2089 575 2119 latae
592 2093 682 2126 sunt,
702 2098 775 2119 cum
794 2099 849 2119 eas
868 2099 971 2129 popu·

275 2140 326 2170 lus
348 2139 505 2179 accepit:
540 2144 639 2170 antea
672 2140 892 2180 promulgatae
923 2141 972 2170 di-

275 2194 410 2229 cuntur,
425 2199 501 2228 qim
516 2189 710 2220 trinundino
726 2190 780 2220 die
796 2195 873 2221 sunt
897 2200 971 2230 pro·

276 2241 417 2281 positae3
462 2241 593 2280 rogatio
621 2250 700 2270 vero
731 2239 781 2279 fit,
813 2250 889 2271 cum
922 2250 974 2271 ro·

276 2298 397 2333 gantur
416 2291 535 2330 tribus,
553 2292 561 2307 ‘
575 2290 719 2329 Velim,y
742 2290 911 2331 ‘jubeatis
928 2292 974 2322 ita

273 2341 379 2373 fieri:’
413 2341 527 2373 si‘uti
554 2341 695 2380 rogatae’
725 2342 975 2382 responderint,

276 2399 347 2424 tum
365 2393 420 2423 lex
438 2397 502 2423 est.
548 2393 599 2422 Ex
618 2392 726 2423 verbis
743 2399 853 2423 tamen
872 2393 970 2433 Capi-

276 2445 364 2475 tonis
383 2454 401 2474 a
418 2443 527 2474 Gellio
545 2443 659 2473 relatis
689 2443 745 2473 lib.
765 2452 799 2473 x.
814 2453 889 2483 cap.
917 2447 970 2475 20.

275 2500 311 2526 et
327 2505 368 2526 ex
387 2494 542 2525 Gelliana
565 2494 849 2533 interpretatione
863 2496 969 2535 suspi-

277 2555 335 2575 cor
352 2545 480 2584 aliquos
496 2541 610 2578 fuisse,
631 2543 752 2583 quibus
780 2544 969 2584 hujusmodi

275 2595 453 2635 privilegia
470 2595 562 2634 leges
578 2603 644 2624 non
661 2593 878 2633 viden-eninm
897 2596 970 2627 ideo

277 2645 483 2676 eredendum
504 2654 577 2675 esse
594 2645 641 2675 eis
664 2654 784 2675 nomen
802 2647 969 2685 generalis

275 2694 364 2726 illius
390 2695 573 2736 rogationis
601 2695 745 2736 dedisse,
772 2702 970 2729 conservato

1028 1176 1110 1217 legis
1149 1175 1283 1206 nomine
1330 1171 1543 1215 generalibus
1580 1170 1726 1211 legibus,

1028 1238 1102 1268 quae
1130 1227 1170 1258 ad
1208 1235 1324 1257 omnes
1351 1224 1512 1262 immines,
1542 1230 1724 1262 omnesque

1028 1288 1079 1309 res
1095 1278 1316 1318 pertinerent.
1343 1276 1419 1307 Ant.
1434 1275 1518 1314 Aug.
1714 1278 1717 1280 “

1073 1328 1225 1369 Rogulio]
1242 1327 1320 1357 Vid.
1337 1327 1426 1358 Gen.
1444 1327 1502 1357 lib.
1522 1334 1557 1356 x.
1575 1333 1652 1364 cap.
1668 1326 1723 1354 20.

1027 1379 1093 1410 Sed
1111 1378 1199 1420 quod
1224 1378 1277 1409 hic
1302 1377 1345 1408 ab
1373 1377 1458 1408 AElio
1482 1376 1580 1407 Gallo
1605 1374 1724 1405 discri-

1028 1439 1102 1460 men
1121 1430 1209 1460 inter
1226 1428 1334 1468 legem
1351 1432 1386 1458 et
1403 1427 1613 1467 rogationem
1631 1424 1726 1465 poni·

1029 1486 1094 1516 tur,
1107 1480 1289 1511 Veteribus
1303 1490 1368 1510 non
1384 1480 1599 1510 observatum
1612 1476 1728 1516 fuisse,

1029 1532 1142 1562 multis
1157 1531 1362 1571 argumentis
1376 1530 1482 1561 evinci
1495 1534 1619 1570 potest.
1643 1528 1725 1559 Om-

1028 1591 1087 1612 nes
1106 1582 1194 1612 enim
1220 1582 1323 1621 leges,
1345 1581 1386 1611 de
1408 1581 1527 1621 quibus
1552 1578 1641 1619 apud
1666 1588 1726 1618 po-

1028 1632 1143 1672 pulum
1161 1630 1350 1671 ferebatur,
1362 1631 1551 1670 rogationes
1568 1628 1725 1659 dicebau-

1028 1690 1104 1722 tur;
1123 1685 1212 1724 leges
1230 1694 1322 1724 vero,
1346 1693 1419 1714 cum
1437 1692 1492 1713 eas
1508 1680 1651 1722 populus
1671 1689 1726 1710 ac-

1027 1740 1177 1775 ceperat.
1236 1734 1350 1765 Antea
1381 1733 1602 1774 promuigatae
1649 1740 1725 1762 cum

1028 1784 1224 1815 trinundino
1262 1784 1316 1815 die
1357 1784 1541 1825 propositae
1581 1782 1726 1813 fuerant.

1028 1835 1113 1866 Haec
1132 1835 1213 1866 trita
1229 1840 1318 1865 sunt.
1368 1835 1488 1874 Porro,
1509 1832 1598 1874 quod
1621 1832 1727 1872 scrip-

1028 1895 1101 1916 sere
1118 1886 1179 1915 viri
1191 1885 1297 1924 docti,
1309 1885 1362 1916 hic
1376 1886 1564 1923 rogationem
1579 1894 1619 1914 ex
1634 1883 1726 1914 Gaui

1027 1936 1102 1967 AElii
1134 1940 1169 1966 et
1200 1936 1290 1965 Festi
1322 1936 1490 1965 sententia
1521 1934 1608 1964 idem
1641 1943 1725 1966 esse,

1028 1986 1113 2026 quod
1131 1979 1222 2026 apud
1248 1987 1448 2018 Ciceronem
1477 1985 1486 2001 ⁶
1501 1983 1723 2025 privilegium'

1028 2036 1162 2071 dicitur,
1189 2036 1221 2066 id
1244 2037 1379 2067 omnino
1405 2035 1525 2066 falsum
1547 2040 1622 2065 est:
1650 2043 1725 2064 nam

1028 2087 1158 2126 rogatio
1194 2093 1260 2127 tam
1288 2088 1320 2118 in
1347 2087 1466 2118 bonam
1484 2096 1581 2127 quam
1607 2086 1639 2116 in
1658 2095 1727 2116 ma-

1028 2138 1093 2167 lam
1122 2142 1250 2176 partein
1279 2138 1487 2175 sumebatur,
1512 2137 1725 2178 privilegium

1029 2198 1094 2219 non
1112 2189 1204 2228 item,
1222 2190 1349 2230 quippe
1367 2190 1455 2231 quod
1474 2190 1506 2219 in
1530 2195 1633 2229 caput
1651 2195 1724 2219 tan-

1031 2246 1098 2271 tum
1129 2247 1163 2272 et
1199 2242 1381 2281 perniciem
1420 2241 1544 2281 privati
1582 2240 1724 2270 hominis

1028 2301 1161 2331 semper
1192 2292 1279 2332 apud
1315 2291 1515 2321 vetustiores
1557 2290 1725 2321 Romanos

1029 2343 1132 2373 latum
1161 2349 1225 2384 est,
1260 2349 1297 2374 ut
1332 2342 1486 2383 superius
1515 2345 1723 2372 annotatum.

1030 2396 1109 2426 Dae.

1068 2451 1081 2465 ¹¹
1109 2445 1255 2484 Romam]
1277 2445 1317 2475 In
1336 2444 1492 2484 exemplo
1517 2443 1721 2483 Cephalonis

1027 2495 1211 2536 Gergium,
1228 2495 1373 2526 discedit
1391 2506 1409 2524 a
1434 2495 1604 2526 sententia
1621 2495 1724 2534 ipsius

1025 2547 1186 2577 historici.
1233 2547 1434 2586 Dionysius:
1456 2545 1608 2585 Κεφάλων
1623 2547 1638 2575 ὁ
1655 2550 1722 2585 Γερ-

1024 2596 1132 2636 γίθιος,
1153 2597 1350 2637 συγγραφεὺς
1366 2597 1497 2627 παλαιὸς
1512 2596 1603 2634 πάνυ,
1621 2596 1724 2627 δευτέ-

1025 2660 1061 2688 ρᾳ
1103 2649 1201 2688 ’γενεᾷ
1235 2648 1315 2686 μετὰ
1343 2648 1395 2678 τὸν
1423 2648 1555 2679 Ἰλιακὸν
1584 2647 1722 2686 πόλεμον

1025 2699 1161 2731 ἐκτίσθαι
1196 2699 1284 2739 λέγει
1316 2700 1374 2738 τὴν
1402 2700 1494 2731 πόλιν
1517 2700 1573 2730 ὑπὸ
1604 2701 1664 2730 τῶν
1692 2700 1722 2738 ἐξ
