1876 3025
318 180 379 210 DE
412 178 681 208 VERBORUM

716 176 1124 207 SIGNIFIGATIONE
1161 176 1252 205 Llss.
1289 175 1416 204 X'Vll.

1505 164 1590 206 2389

140 276 346 330 Spectioy
369 274 413 315 in
447 273 726 327 auguralibus
760 273 949 327 ponitur,
986 284 1066 325 pro
1101 271 1368 324 aspectione,
1402 276 1446 310 et
1480 283 1589 310 nun-

797 396 826 426 N
835 394 936 425 01*AE

140 476 274 503 natam:
300 482 358 503 nos
376 477 470 503 recte
495 471 641 512 speciem
660 480 837 511 possumus

142 522 281 554 dicere?
326 524 377 554 De
401 523 493 553 Ideis
519 523 619 553 Plato
648 522 680 552 in
699 523 838 552 Parme-

141 573 230 609 nide,
257 573 493 604 obscurissimo
526 573 582 603 illo
608 573 758 613 quidem,
780 572 839 603 sed

142 624 318 654 utilissimo
341 624 478 663 Dialog.
503 623 530 653 si
557 623 630 663 quis
657 623 729 662 ejus
747 627 841 653 tene-

143 674 220 704 bras
237 674 464 714 intelligentia
480 683 539 704 sua
553 673 647 713 quasi
664 674 733 703 sole
745 672 841 713 fuga-

144 725 243 755 verit.
274 726 372 755 Idem.
758 744 764 750 ·

186 781 199 801 Υ
224 775 363 815 Spectio]
391 775 498 806 Locus
531 774 686 813 difficilis,
714 779 747 804 et
775 773 841 805 for-

146 830 234 856 tasse
264 826 456 857 mendosus.
502 824 684 855 Sciendum
710 830 762 855 est
786 835 843 855 au-

147 886 246 917 gures
276 877 358 906 alios
390 876 514 906 habere
545 876 776 914 aspectiouem:
809 882 845 906 et

146 927 394 963 nuntiutionenm
428 928 510 957 alios
536 927 740 966 aspectiouem
769 932 841 957 tan-

147 983 230 1009 tum.
275 979 496 1017 Magistratus
513 984 625 1008 autem
644 978 768 1009 babere
787 987 845 1008 au-

148 1027 267 1067 spicia,
292 1028 521 1067 inspectionem,
549 1028 619 1058 sive
649 1028 846 1067 spectionem,

148 1083 182 1108 et
198 1078 473 1109 obnuntiationem.
520 1078 639 1110 Cicero
658 1079 785 1119 Philip.
810 1087 847 1109 11.

149 1129 157 1144 ‘
172 1128 269 1160 Quod
287 1133 320 1159 te
334 1129 514 1160 sacerdotii
527 1129 605 1169 jure
621 1127 735 1159 facere
749 1138 848 1169 posse

150 1178 280 1219 dixisti,
305 1180 330 1209 si
350 1179 465 1220 Augur
482 1190 549 1210 non
577 1190 679 1219 esses,
701 1184 735 1210 et
759 1180 848 1211 Con-

151 1230 199 1260 sul
212 1240 313 1270 esses,
327 1231 433 1261 minus
445 1230 557 1261 facere
569 1231 736 1271 potuisses
748 1231 759 1261 ?
771 1230 849 1261 vide

151 1291 192 1312 ne
217 1283 320 1313 etiam
345 1281 502 1313 facilius:
524 1291 583 1312 nos
607 1281 692 1311 enim
716 1281 849 1312 nuntia-

152 1333 278 1363 tionem
296 1333 402 1364 solum
420 1333 606 1371 liabemus3
632 1332 797 1364 Consules
815 1337 851 1363 et

152 1384 272 1425 reliqui
311 1384 531 1424 magistratus
569 1385 670 1415 etiam
704 1383 850 1424 spectio-

152 1434 252 1466 nem.’
277 1435 371 1466 Idem
389 1435 514 1467 lib-111.
539 1436 581 1466 de
601 1435 718 1476 Legib.
746 1436 755 1452 ‘
770 1435 851 1466 Om-

154 1495 214 1516 nes
232 1486 449 1526 magistratus
473 1486 636 1527 auspicia,
652 1486 852 1527 judiciaque

153 1535 324 1567 habento!
370 1537 418 1567 M.
451 1537 614 1567 Messalla
638 1536 727 1577 apud
760 1536 852 1568 Gell.

153 1588 211 1619 lib.
228 1597 307 1620 xm.
323 1598 399 1629 cap.
416 1591 467 1619 14.
484 1593 518 1619 et
535 1592 588 1620 15.
604 1590 612 1606 ‘
625 1589 852 1620 Patriciorum

157 1640 307 1679 auspicia
325 1640 357 1670 in
375 1639 458 1670 duas
477 1644 553 1670 suut
565 1644 757 1680 potestates
771 1639 856 1670 divi-

158 1699 212 1720 sa:
242 1691 386 1721 maxima
411 1695 489 1721 sunt
506 1690 704 1728 Consulum,
722 1691 856 1721 Praeto-

159 1750 245 1779 rum,
279 1741 477 1772 Censor-um.
534 1740 757 1780 Reliquorum
788 1749 857 1771 ma-

158 1791 360 1831 gistratuum
406 1792 537 1822 minora
577 1797 655 1822 sunt
693 1791 857 1832 auspicia.

160 1842 285 1873 Consul
304 1841 346 1872 ab
364 1842 518 1872 omnibus
544 1842 799 1882 magistratibus
822 1847 858 1873 et

159 1891 381 1925 comitiatum,
418 1895 452 1922 et
482 1892 679 1922 concionem
711 1901 857 1922 avocare

159 1946 283 1981 potest.
320 1942 364 1972 Et
382 1941 415 1971 in
439 1941 554 1972 edicto
579 1941 774 1982 Consulum,
792 1952 856 1982 quo

161 1991 309 2030 edicunt,
326 1991 399 2031 quis
416 1991 489 2021 dies
503 1991 645 2022 comitiis
659 1993 857 2024 centuriatis

160 2040 291 2072 futurus
308 2046 370 2080 est,
385 2042 546 2073 scribitur
561 2052 602 2073 ex
622 2043 727 2074 veteri
748 2042 859 2075 forma

161 2097 346 2132 perpetua:
372 2102 413 2122 ne
429 2093 502 2133 quis
519 2093 737 2133 magistratus
751 2095 859 2126 minor

161 2143 205 2173 de
220 2144 305 2174 coelo
321 2152 474 2174 servasse
490 2143 596 2175 velit.'
642 2145 694 2175 Ex
721 2145 772 2176 his
797 2146 859 2186 igi-

162 2198 219 2224 tur
246 2193 424 2224 dicendum
455 2199 506 2224 est
529 2194 593 2225 hoc
618 2194 692 2226 loco
721 2196 858 2227 Festum

163 2244 319 2280 voluisse,
338 2254 401 2275 non
420 2254 518 2284 posse
536 2246 860 2286 auguresimpedire

164 2294 351 2325 nuntiando
382 2297 610 2335 magistratus,
644 2296 703 2327 sed
732 2297 859 2329 habere

165 2346 391 2385 spectionem,
405 2347 465 2377 lioc
483 2351 546 2386 est,
559 2348 786 2387 aspectionem
803 2358 859 2379 au-

167 2396 266 2436 gurii,
287 2402 322 2427 et
348 2398 610 2438 nuntiationem,
633 2399 695 2430 hoc
720 2405 782 2435 est,
810 2410 860 2432 re-

167 2447 415 2478 nuntiationem
430 2449 504 2488 ejus
520 2450 669 2489 augurii:
689 2455 768 2482 tunc
786 2461 862 2491 per-

167 2497 256 2527 tinet
272 2497 311 2527 ad
330 2497 573 2538 magistratum,
593 2500 650 2540 qui
678 2501 781 2532 habet
807 2512 861 2533 au·

170 2548 278 2588 spicia
294 2553 330 2578 ut
348 2548 472 2588 videat,
489 2559 530 2579 an
553 2549 591 2581 iis
612 2552 769 2592 auspiciis
794 2562 864 2584 rem

170 2607 290 2640 gerere
308 2599 400 2628 velit.
445 2598 591 2631 vidend.
609 2601 681 2632 Cic.
698 2603 755 2633 lib.
781 2612 806 2633 1.
830 2607 866 2633 et

172 2659 215 2680 11.
230 2648 271 2679 de
290 2648 403 2678 Divin.
428 2648 539 2678 Varro
564 2649 625 2680 lib.
644 2659 677 2681 v,
701 2651 743 2682 de
772 2653 867 2694 Ling-

175 2701 250 2733 Lat.
275 2699 352 2730 Ant.
370 2698 453 2737 Aug.

217 2748 357 2790 Spectio]
383 2746 681 2790 Profligatissirnus
706 2751 812 2790 locus,
831 2764 869 2786 ac

891 469 1005 500 multis
1023 468 1216 500 vulneribus
1233 468 1422 499 confectus.
1449 467 1526 498 Non
1542 477 1595 497 so·

891 520 958 550 lum
985 521 1071 551 enim
1089 525 1284 561 corruptus,
1302 519 1361 550 sed
1383 528 1533 556 mancus,
1556 528 1594 549 ac

892 577 990 612 parte
1001 572 1050 602 sui
1067 581 1130 602 non
1148 581 1254 611 parva
1271 576 1460 602 truncatus.
1500 570 1596 600 Festi

893 622 1064 653 sententia
1081 622 1153 652 liaec
1172 621 1305 652 videtur
1323 620 1444 651 fui-se:
1466 619 1594 660 Spectio

894 673 926 703 in
941 672 1172 713 Auguralibus
1188 673 1326 713 ponitur
1339 681 1397 712 pro
1411 672 1596 711 aspectione.

895 723 1033 763 Spectm,
1055 728 1088 753 et
1109 722 1265 753 nuntiatio
1282 723 1362 752 duta
1379 727 1452 752 erat
1470 722 1508 752 iis
1527 731 1595 752 nia-

897 773 1108 813 gistratibus,
1141 773 1197 814 qui
1227 783 1324 804 omne
1344 773 1403 813 jus
1430 773 1598 813 auspicio-

897 834 968 854 rum
996 825 1146 855 habent:
1172 824 1352 857 auguribus
1376 824 1492 863 spectio
1517 824 1600 854 dun-

899 881 1007 911 taxat,
1027 885 1167 915 quorum
1194 875 1335 905 consilio
1354 884 1423 906 rem
1439 879 1600 914 gererent

898 927 1129 966 magistratus,
1146 936 1211 956 non
1229 932 1263 956 ut
1282 931 1418 966 possent
1436 925 1601 966 impedire

897 977 1070 1006 nuntiando
1099 987 1321 1017 quaecumque
1361 976 1536 1016 vidissent,
1568 982 1603 1007 at

899 1028 940 1058 iis
966 1027 1080 1067 spectio
1111 1029 1183 1058 sine
1209 1028 1405 1058 nuntiatione
1432 1027 1514 1058 data
1537 1033 1603 1058 est.

902 1077 976 1108 Hoc
995 1077 1175 1108 videndum
1195 1084 1245 1108 est
1264 1078 1296 1108 in
1315 1078 1364 1108 liis
1383 1078 1507 1113 verbis,
1523 1088 1602 1108 nun—

902 1130 1063 1160 tiatiomm
1080 1130 1249 1170 duplicem
1264 1139 1356 1160 esse:
1376 1130 1605 1160 nuntiationem

903 1180 1049 1220 augurii,
1077 1190 1176 1221 quam
1205 1179 1352 1211 habebat
1392 1180 1511 1218 solum,
1549 1181 1604 1210 cui

900 1232 1016 1270 spectio
1034 1235 1119 1266 erat,
1134 1230 1196 1261 hoc
1216 1235 1279 1270 est,
1293 1240 1412 1270 augur,
1429 1235 1463 1260 et
1480 1230 1604 1261 nuntio-

903 1283 1015 1313 tionem
1038 1283 1220 1313 avocandae
1238 1282 1420 1316 concionis,
1440 1292 1538 1323 quam
1557 1291 1608 1312 so-

903 1333 954 1364 lus
971 1333 1133 1374 babebat,
1162 1333 1218 1373 qui
1245 1342 1342 1363 omne
1355 1333 1411 1373 jus
1434 1332 1601 1372 auspicio-

904 1394 976 1414 rum
1002 1384 1116 1420 habet,
1142 1383 1207 1414 hoc
1225 1389 1290 1422 est,
1308 1383 1414 1424 major
1430 1383 1607 1423 magistra-

906 1440 972 1474 tus,
989 1445 1064 1476 quae
1082 1435 1267 1466 vocabatur
1283 1434 1491 1465 obnuntiatio.
1521 1434 1606 1466 Cum

906 1485 1102 1525 Philippica
1130 1494 1172 1516 11.
1196 1485 1324 1516 dieitur
1340 1495 1484 1525 augures
1499 1485 1609 1517 habere

905 1537 1144 1576 nuntiationem,
1177 1542 1229 1568 est
1258 1537 1314 1577 jus
1342 1542 1473 1568 tantum
1497 1537 1610 1568 nunti-

907 1588 985 1619 andi
1011 1588 1224 1628 magistratui
1243 1589 1283 1619 de
1308 1598 1347 1618 eo
1363 1588 1450 1629 quod
1472 1586 1609 1619 viderit.

907 1642 914 1655 ⁸
928 1638 1092 1669 Consules
1108 1638 1233 1669 habere
1261 1639 1485 1679 spectionem,
1512 1647 1610 1678 quam

907 1694 943 1720 et
957 1688 1115 1729 Augures
1133 1688 1294 1727 habeant,
1321 1694 1356 1719 et
1383 1688 1610 1719 obnuntiatio-

908 1749 986 1770 nem
1014 1749 1113 1780 quam
1138 1739 1294 1779 Augures
1321 1749 1386 1770 non
1418 1738 1612 1771 habebant.’

908 1789 1067 1819 Invenies
1087 1794 1198 1820 tamen
1220 1790 1497 1820 Obnuntz'ationem
1523 1790 1613 1830 posi-

911 1844 980 1871 tum
999 1849 1059 1880 pro
1075 1840 1291 1871 nuntiatione.-
1315 1845 1351 1871 ut
1379 1840 1411 1870 in
1437 1840 1544 1880 primo
1569 1841 1612 1871 de

912 1889 1155 1920 Divinatione:
1195 1893 1203 1906 ⁶
1222 1890 1301 1920 Non
1334 1889 1368 1920 in
1400 1888 1463 1928 eo‚'
1490 1889 1613 1929 inquit,

911 1941 921 1957 ‘
937 1944 988 1971 est
1011 1940 1125 1980 culpa,
1148 1939 1206 1980 qui
1231 1939 1468 1971 obnuntiavit:
1494 1939 1554 1970 sed
1579 1940 1612 1970 in

914 1999 954 2020 eo
971 1990 1026 2030 qui
1041 1999 1104 2020 non
1121 1989 1257 2030 paruit!
1281 1991 1350 2021 ιΙοε.
1369 1990 1453 2022 Scul.

956 2040 1081 2080 Spei-tio
1107 2040 1141 2070 in
1164 2040 1380 2080 auguralibus]
1409 2041 1536 2071 Verum
1563 2046 1616 2072 est

914 2089 1004 2131 quod
1022 2090 1069 2122 ait
1082 2091 1215 2125 Festus,
1233 2089 1457 2130 spectionem,
1474 2091 1536 2122 hoc
1551 2097 1617 2130 est,

911 2142 1144 2182 aspectionem
1170 2141 1300 2181 augurii
1329 2141 1498 2173 duntaxat
1514 2153 1616 2181 augu-

912 2192 1002 2224 ribus
1021 2192 1149 2231 datam,
1167 2192 1414 2223 nuntiationem
1439 2203 1516 2224 vero
1542 2203 1617 2224 cum

911 2244 1089 2285 spectione
1107 2244 1145 2275 iis
1163 2244 1417 2284 magistratibus
1432 2245 1489 2285 qui
1517 2254 1617 2276 omne

909 2296 966 2336 jus
983 2295 1147 2326 haberent
1163 2296 1404 2335 auspiciorum,
1423 2302 1505 2336 puta
1531 2297 1619 2327 Con-

913 2346 1053 2384 solibus,
1085 2345 1311 2377 Censoribus:
1345 2355 1406 2386 per
1431 2347 1618 2377 nuntiatio-

912 2406 988 2427 nem
1003 2400 1116 2427 autem
1133 2396 1183 2426 liic
1197 2396 1412 2436 intelligejus
1428 2397 1613 2428 avocaudae

916 2447 1100 2486 concionis,
1116 2456 1190 2487 quae
1207 2448 1394 2478 vocabatur
1410 2448 1615 2478 obnuntiatio.

918 2499 996 2529 Alia
1021 2498 1148 2539 quippe
1170 2502 1242 2528 erat
1256 2498 1424 2533 nuntiatio,
1443 2508 1541 2538 quam
1559 2498 1617 2528 lia-

920 2549 1046 2581 bebant
1073 2558 1229 2589 augures,
1253 2554 1287 2580 et
1320 2549 1399 2579 nibil
1429 2549 1518 2579 aliud
1545 2553 1621 2579 erat

920 2600 1084 2642 quamjns
1099 2599 1275 2630 nuntiandi
1290 2599 1506 2640 Magistratui
1523 2598 1565 2628 de
1578 2607 1617 2628 eo

922 2650 1011 2693 quod
1030 2651 1196 2681 viderant.
1242 2649 1292 2680 De
1321 2649 1382 2679 hac
1410 2650 1518 2679 Cicer.
1537 2648 1618 2678 Pin-

924 2701 1104 2742 lippican.
1123 2702 1271 2731 sect.32.
1287 2704 1294 2717 ‘
1312 2698 1401 2730 Quid
1415 2699 1502 2728 euim
1519 2698 1619 2737 istuc,

927 2751 1014 2795 quod
1039 2756 1074 2783 te
1099 2749 1280 2782 sacerdotii
1297 2749 1374 2790 jure
1392 2747 1506 2780 facere
1523 2758 1622 2790 posse
