1876 3025
291 149 376 191 874

731 163 878 192 SEXTI
914 163 1116 193 POMPEII
1152 164 1289 195 FESTI

348 255 397 296 lis
417 270 477 298 res
498 256 608 311 ipsa:
630 257 742 299 Cato
763 259 806 299 in
829 258 1125 299 dissuadendo
1145 259 1396 314 legemque¹⁹
1418 265 1560 312 postea
1581 260 1735 301 relicta

346 328 426 374 est,
461 329 506 366 et
526 328 741 379 praeterea
760 338 903 377 rogas,
926 331 972 364 ut
988 339 1228 379 quemquam
1249 325 1438 365 adversus
1459 339 1514 367 ea
1533 328 1567 367 si
1590 340 1732 380 popu—

342 391 411 432 lus
439 393 797 434 condemnaverit
830 393 995 446 siremps
1012 398 1047 416 20
1083 392 1146 433 lex
1168 394 1267 444 siet,
1289 395 1417 448 quasi
1440 394 1652 435 adversus
1674 395 1732 436 le-

341 472 432 513 gem
439 458 623 513 fecisset.

286 525 493 580 Sispitem
527 527 555 568 J
561 532 779 577 unonem,y
809 540 942 581 quam
968 528 1097 581 vulgo
1121 527 1339 581 Sospitem
1360 529 1600 582 appellant,
1623 530 1732 569 anti-

342 595 418 646 qui
452 596 739 648 usurpabant,
771 608 867 636 cum
899 608 952 636 ea
974 608 1063 637 vox
1085 609 1142 637 ex
1165 595 1324 637 Graeco
1347 596 1549 637 videatur
1570 601 1729 645 sumta,

341 661 458 714 quod
485 667 553 702 est
570 661 709 713 σώζειν.

284 728 446 769 Sistcre
467 731 568 771 fana
581 736 595 752 Ζ
613 745 709 771 cum
726 731 767 771 in
785 732 887 771 urbe
901 730 1130 772 condenda
1146 731 1320 782 dicitur,
1334 730 1555 783 significat
1568 731 1669 772 loca
1685 731 1728 771 in

340 797 507 850 oppido
527 797 771 839 futurorum
805 799 1003 840 sanorum
1027 801 1309 849 constituere,
1338 798 1457 853 quod
1473 804 1483 822 ¹
1509 797 1728 840 Antistius

886 907 1124 920 ‘ew‘ooc‘ee

324 973 362 1002 19
387 971 451 1004 Ed.
466 973 554 1004 Scai.
571 974 669 1014 legem
683 976 846 1015 quta—20
869 975 953 1006 Ead.
971 974 1025 1005 ed.
1039 975 1225 1007 sirenis.—l
1251 975 1331 1006 Vet.
1358 974 1435 1006 cod.
1451 984 1553 1015 quam.

935 1051 1074 1082 NOTAE

322 1112 474 1153 Siremps]
512 1114 624 1145 Plauti
651 1115 744 1146 locus
772 1115 803 1146 in
833 1115 975 1156 prologo

278 1160 533 1202 Amphitruonis
552 1164 753 1204 jamdudum
772 1175 790 1195 a
807 1165 901 1195 nobis
928 1165 976 1196 ita

277 1211 478 1243 emendatus
509 1212 593 1244 fuit:
632 1215 640 1230 ‘
663 1214 835 1254 Sirempse
866 1215 972 1255 legem

271 1260 455 1299 jussitesse
468 1263 631 1303 Jupiter)
656 1265 795 1295 Memini
813 1270 846 1295 et
864 1266 973 1296 locum

275 1312 307 1341 in
348 1312 650 1345 Senatuscousulto
695 1316 837 1356 quodam
881 1315 970 1356 apud

275 1362 474 1394 Frontinum
493 1365 610 1395 eodem
626 1366 724 1396 modo
748 1368 970 1407 depravatum

274 1412 376 1449 vulgo
404 1414 488 1454 iegi:
513 1415 522 1430 ‘
542 1416 607 1447 Qui
633 1416 795 1447 adversus
822 1426 863 1448 ea
889 1417 970 1458 quid

272 1461 406 1501 fecerit,
438 1470 473 1495 et
499 1465 658 1496 adversus
686 1477 726 1497 ea
754 1467 898 1507 repserit
928 1477 970 1498 ex

266 1513 366 1553 jussu
383 1525 548 1557 causaque
573 1518 718 1548 omnium
737 1527 847 1549 rerum
865 1519 969 1550 omni-

270 1564 329 1594 bus
344 1570 415 1596 esto
438 1566 577 1598 damnas
595 1569 710 1609 utique
733 1574 834 1610 atque
852 1570 901 1601 uti
918 1579 962 1600 es·

269 1620 320 1646 set
337 1626 478 1657 esseque
497 1624 686 1658 oporteret,
702 1620 728 1650 si
746 1620 772 1650 is
788 1620 967 1652 adversum

268 1665 355 1696 hauc
372 1667 478 1704 legem
498 1669 615 1704 rivum,
639 1678 844 1711 specumque
862 1671 968 1710 rupis-

269 1716 344 1747 set)
375 1718 559 1750 Manifesio
575 1720 663 1751 enim
682 1721 875 1761 legendum:
904 1722 968 1756 Qui

267 1770 415 1800 adt-ersus
437 1781 470 1801 ea
493 1772 566 1811 quid
582 1772 711 1813 fecerit,
734 1773 879 1814 sirempse
904 1775 966 1813 Iex,

259 1818 327 1858 jas,
361 1830 510 1861 causaque
535 1824 668 1853 omnium
697 1832 800 1853 rerum
829 1823 968 1854 omnibus

268 1873 331 1899 esto
354 1871 458 1911 utique
478 1876 569 1912 atque
594 1874 641 1903 uti
664 1877 753 1913 esset,
785 1876 836 1914 &a
875 1875 965 1906 Quin

266 1921 355 1960 apud
375 1922 522 1953 Probum
536 1924 749 1962 §inguini-nm
766 1925 964 1964 scriptorem

267 1972 385 2002 eadem
413 1983 477 2003 nou
501 1974 718 2004 mediocriter
735 1976 966 2005 contaminata

267 2027 364 2051 sunt:
392 2028 400 2039 ‘
417 2023 449 2052 S.
468 2023 509 2053 R.
524 2024 561 2053 L.
577 2024 615 2053 E.
636 2024 672 2053 E.
690 2024 728 2055 C.
745 2024 787 2056 Q.
806 2024 849 2053 0.
868 2024 907 2054 R.
926 2025 964 2055 E.

264 2072 300 2102 Si
325 2082 392 2102 rem
411 2073 463 2103 lex
481 2083 522 2103 ex
549 2075 621 2113 ejus
643 2084 742 2105 causa
766 2075 841 2106 Que
858 2076 963 2105 omui-

265 2133 320 2153 um
339 2133 448 2153 rerum
474 2124 570 2155 esto?
607 2125 742 2154 Scribe:
768 2125 802 2155 S.
822 2125 860 2155 L.
879 2124 906 2156 I.
925 2126 963 2156 C.

263 2174 305 2205 Q.
320 2173 363 2204 Ο.
383 2173 424 2204 R.
445 2175 478 2204 E.
512 2175 665 2213 Sirempse
690 2176 752 2214 lex,
767 2174 834 2214 jus,
857 2184 964 2205 causa-

261 2232 317 2262 que
328 2223 463 2254 omnium
478 2234 580 2254 rerum
593 2229 663 2255 esto.
682 2224 783 2265 Apud
799 2225 961 2256 Senecam

263 2274 420 2312 Epistola
435 2277 487 2305 92.
508 2276 587 2305 ‘ubi
606 2285 684 2306 vero
701 2275 740 2306 ad
757 2275 855 2306 finem
873 2286 959 2306 mor-

261 2323 379 2354 talium
406 2330 542 2355 ventum
573 2332 636 2364 est,
667 2326 817 2365 discede,
839 2327 959 2367 iuquit,

261 2373 424 2409 Ambitio,
451 2375 596 2406 omnium
630 2386 701 2417 quae
729 2381 852 2406 terram
884 2386 958 2416 pre·

261 2430 356 2455 munt
373 2425 446 2456 fere
462 2426 556 2456 miles
573 2427 671 2457 esto!
700 2427 866 2457 Emendat
883 2437 957 2457 eru-

261 2476 370 2507 ditiss.
391 2477 560 2517 Cujacius,
572 2478 700 2517 siremps
711 2479 763 2508 lex
775 2481 848 2509 esto.
875 2478 958 2508 Par-

260 2531 328 2556 tem
346 2527 523 2558 verborum
552 2528 692 2558 Catonis
719 2528 767 2557 ita
783 2527 958 2557 reconcin-

260 2577 435 2607 nabimus:
462 2580 493 2607 et
514 2580 665 2617 proeterea
693 2587 786 2615 rogus
811 2578 957 2608 advorsus

260 2637 295 2657 ea
311 2628 337 2657 si
348 2629 474 2667 popolus
485 2629 745 2666 condemnaverit,
755 2628 820 2658 utei
830 2629 958 2667 siremps

263 2679 315 2707 lem:
339 2678 410 2718 siet,
433 2679 521 2719 quasi
546 2680 692 2710 advorsus
715 2680 798 2718 leges
817 2678 958 2716 fecisset.

261 2728 333 2760 Jos.
351 2729 438 2760 Scau.

1072 1114 1226 1155 Siremps]
1265 1115 1403 1154 Siremps
1432 1113 1656 1153 compositum
1683 1122 1726 1143 ex

1028 1167 1141 1197 similis
1161 1166 1287 1206 reipsa.
1324 1166 1439 1197 Quare
1453 1164 1578 1204 optime
1605 1163 1726 1194 Festus

1028 1216 1060 1246 in
1092 1216 1204 1246 verbis
1235 1216 1356 1247 Caion.
1391 1215 1637 1253 interpretatus
1673 1217 1726 1244 est

1027 1268 1167 1305 eandem,
1185 1266 1250 1301 vel,
1263 1266 1393 1306 proinde
1415 1264 1514 1304 quasi,
1528 1265 1578 1303 ὅγε.
1617 1263 1673 1294 Sic
1690 1262 1723 1293 in

1027 1318 1091 1348 isto
1109 1316 1302 1357 fragmento
1319 1316 1403 1355 legis
1419 1315 1558 1355 agrariae
1571 1313 1721 1344 Thoriae:

1027 1367 1036 1383 ‘
1054 1368 1119 1400 Qui
1150 1377 1230 1407 ager
1255 1376 1298 1397 ex
1325 1365 1461 1406 publico
1496 1364 1529 1394 in
1555 1363 1722 1403 privatum

1025 1423 1251 1449 commutatus
1273 1417 1329 1451 sit,
1346 1415 1388 1446 de
1416 1424 1455 1446 eo
1473 1423 1553 1453 agro
1574 1413 1723 1452 Siremps

1024 1469 1079 1499 lex
1097 1473 1191 1506 θεῖος
1217 1468 1309 1508 quasi
1332 1466 1359 1496 is
1380 1474 1461 1504 ager
1486 1465 1526 1495 P.
1550 1463 1664 1494 Mucio
1688 1466 1723 1493 et

1025 1520 1063 1550 L.
1090 1518 1275 1558 Calpurnio
1291 1517 1384 1547 Coss.
1409 1524 1469 1555 per
1496 1519 1602 1545 totam
1625 1512 1722 1544 Itali·

1024 1569 1101 1601 am.’
1125 1569 1165 1600 Id
1178 1574 1240 1603 est,
1254 1573 1261 1585 ‘
1277 1567 1401 1599 Similis
1421 1575 1455 1596 re
1470 1565 1543 1606 ipsa
1556 1564 1610 1595 lex
1623 1562 1721 1602 esto,'

1025 1621 1078 1651 vel
1109 1621 1202 1651 ‘Lex
1230 1624 1304 1649 esto
1336 1615 1478 1657 proinde
1508 1613 1632 1655 atque,'
1659 1615 1721 1644 &c.

1023 1671 1161 1710 Legitur
1186 1674 1221 1700 et
1246 1669 1402 1707 sirempse,
1428 1670 1466 1696 ut
1491 1664 1579 1705 apud
1606 1664 1721 1694 Plaut.

1022 1722 1116 1752 Proi.
1137 1720 1287 1760 Amphit.
1320 1720 1328 1736 ‘
1347 1718 1517 1758 Sirempse
1531 1716 1638 1756 legem
1650 1714 1722 1755 jus-

1021 1773 1063 1803 sit
1080 1781 1153 1802 esse
1170 1768 1329 1810 Jupiter!
1354 1769 1435 1799 Duc.

1064 1828 1076 1849 r
1100 1821 1247 1861 Sispieem
1262 1819 1430 1859 Jimonem]
1450 1818 1538 1848 Nam
1556 1815 1719 1855 sospitem

1022 1881 1082 1912 pro
1107 1876 1278 1901 servatore
1303 1869 1475 1899 dixerunt.
1512 1866 1598 1896 Vide
1621 1869 1630 1882 ⁸
1649 1875 1718 1895 sos-

1021 1922 1103 1963 pes)
1138 1922 1222 1952 lude
1237 1921 1334 1960 sispes
1354 1925 1388 1950 et
1413 1928 1514 1957 sospes
1529 1917 1625 1954 Juno,
1641 1924 1717 1955 quae

1022 1973 1190 2007 Ciceroni,
1215 1971 1351 2009 Ovidm,
1377 1969 1473 1998 Livio
1499 1967 1614 2006 sospita
1633 1966 1717 1995 ‹Juno

1020 2023 1154 2059 dicitur,
1181 2022 1212 2052 in
1238 2019 1490 2050 numismatibus
1505 2025 1598 2047 ,ιυΝο
1615 2023 1717 2045 susm-

1017 2081 1073 2103 ΤΑ.
1097 2073 1217 2111 Sispes,
1236 2076 1348 2101 autem
1364 2078 1423 2109 pro
1434 2076 1533 2106 sospes
1547 2065 1667 2096 Isidor.
1683 2064 1714 2094 iu

1019 2124 1130 2154 Gloss.
1161 2125 1169 2140 ‘
1187 2123 1314 2161 Sispes,
1329 2129 1456 2158 sospeS,
1473 2116 1595 2148 sanus!
1619 2116 1716 2146 Idem.

1059 2180 1071 2194 z
1094 2174 1213 2203 SiStere
1229 2170 1327 2209 sana]
1351 2170 1434 2200 Cum
1459 2168 1575 2207 tempii
1601 2166 1714 2205 cujus-

1017 2225 1093 2255 dam
1117 2224 1200 2254 fines
1230 2220 1437 2252 definiebant
1466 2223 1501 2249 et
1530 2217 1715 2247 coustitue-

1018 2276 1099 2306 bant
1127 2282 1282 2313 augures,
1323 2275 1392 2301 tum
1424 2269 1558 2309 proprie
1592 2267 1712 2297 sistere

1015 2324 1092 2355 sana
1126 2324 1177 2353 vei
1206 2321 1332 2360 templa
1363 2318 1576 2349 dicebantur.
1616 2316 1710 2346 Idem

1013 2373 1133 2405 ‘effari
1162 2369 1309 2411 templa’
1341 2368 1427 2408 apud
1460 2367 1558 2397 Varr.
1588 2365 1646 2396 lib.
1678 2374 1711 2394 v.

1014 2427 1023 2443 ‘
1039 2426 1129 2456 Hinc
1147 2422 1249 2454 effata
1272 2422 1443 2457 dicuutur,
1462 2419 1549 2459 quod
1568 2426 1711 2456 augures

1010 2476 1108 2507 finem
1142 2474 1368 2513 auspiciorum
1396 2471 1587 2500 coelestium
1612 2473 1711 2498 extra

1012 2527 1129 2558 urbem
1157 2524 1245 2563 agi-is
1272 2528 1349 2552 suut
1380 2520 1486 2557 effati,
1518 2520 1594 2549 iiiuc
1616 2516 1708 2548 effari

1010 2577 1135 2616 templa
1152 2575 1310 2605 dicuutur
1338 2572 1377 2602 ab
1401 2570 1596 2610 auguribus,
1616 2566 1708 2597 adfa-

1012 2632 1077 2665 tus,
1093 2626 1147 2666 qui
1165 2625 1196 2654 in
1214 2623 1263 2653 his
1281 2622 1364 2652 fines
1383 2620 1482 2652 suut.'
1514 2619 1622 2650 Vide‘
1642 2617 1707 2649 Mi-

1013 2686 1095 2709 nora
1112 2672 1263 2715 templa.’
1286 2673 1383 2703 Idem.
