1876 3025
172 179 233 208 DE
268 173 542 205 VERBORUM
577 167 986 202 SIGNIFIGATIONF.
1022 165 1115 194 [ΑΒ.
1151 163 1261 193 mx.
1287 163 1380 192 XX.

1445 152 1553 191 1017

110 272 314 314 Volones
329 276 344 292 Χ
373 268 482 310 dicti
517 272 619 308 sunt
651 265 812 306 milites
835 263 909 317 qui
934 265 1038 315 post
1058 258 1335 300 Cannensem
1357 256 1557 297 cladem4

166 353 305 392 usque
338 337 393 378 ad
425 340 524 377 octo
557 335 708 383 millia,
730 346 831 374 cum
851 335 996 372 essent
1017 327 1143 375 servi,
1164 325 1410 367 voluntarie
1432 336 1479 363 se
1503 322 1558 362 ad

166 407 369 447 militiam
393 403 658 445 obtulerunt.

111 473 392 515 Volturnalia
407 477 421 500 -V
458 470 680 511 Volturno
703 467 801 508 Deo
824 479 906 506 sua
929 477 1058 505 sacra
1079 461 1334 508 faciebant,⁵
1380 458 1559 507 [PAUL.

167 541 291 595 cujus
310 539 583 580 sacerdotem
599 535 903 577 Volturnalem
926 532 1160 574 vocabant.

111 608 288 662 Vopte2
320 620 399 662 pro
420 619 504 648 vos
523 605 612 659 ipsi
634 603 746 645 Cato
769 603 932 657 posuit.

46 729 50 733 .
111 676 344 717 Urbanas³
375 676 512 716 tribus
539 673 837 728 appellabant,
872 670 914 710 in
937 682 1024 723 qua
1041 667 1058 692 ⁶
1088 667 1194 708 urbs
1217 667 1309 706 erat
1330 660 1560 715 dispartita

168 758 194 785 a
229 745 322 785 Ser.
353 743 501 784 Tullio
522 755 639 795 rege,
661 741 706 781 id
736 744 818 788 est,
843 738 1113 786 Suburrana,
1146 733 1371 781 Palatina,
1394 729 1556 782 Esqui-

166 813 266 863 lina,
291 811 474 853 Collina.

111 879 291 930 Umat,b
323 880 490 921 Ennius
511 880 554 920 in
575 875 859 919 Andromeda
880 874 1099 927 significat
1119 868 1375 915 circumdat,
1397 865 1562 916 [FEST-

169 950 224 989 ab
246 962 297 989 eo
319 948 459 998 sulco,
491 947 567 1001 qui
588 946 667 986 fit⁷
699 945 743 986 in
775 944 881 984 urbe
904 940 1130 983 condenda
1149 951 1257 980 uruo
1281 935 1426 984 aratri,
1458 944 1560 986 quae

169 1016 226 1056 sit
257 1016 398 1055 forma
431 1015 652 1055 simillima
680 1011 861 1053 unciniss
894 1010 1148 1051 curvatione
1170 1007 1303 1054 buris,
1326 1007 1371 1045 et
1405 1001 1560 1047 dentis,

169 1083 239 1123 cui
261 1083 497 1136 praefigitur
518 1095 693 1124 vomer:
726 1081 790 1121 ait
825 1084 1000 1120 autem:
1032 1077 1199 1118 circum
1233 1087 1329 1115 sese
1356 1073 1483 1112 uruat
1505 1067 1561 1108 ad

169 1151 420 1204 pedesterra
441 1164 522 1191 oce
541 1155 558 1182 9

721 1279 837 1290 eeeeee

1060 1149 1208 1197 caput.

842 1277 958 1289 oooooo

154 1384 172 1412 4
198 1381 275 1412 Vet.
292 1381 348 1412 lib.
361 1383 562 1421 plagam—5
580 1380 726 1411 Videtur
739 1378 967 1417 scribendum,
986 1376 1052 1418 (sic
1066 1378 1162 1406 notat
1177 1371 1337 1412 Ursinus)
1357 1368 1564 1402 Volturnulih.

117 1424 265 1455 Volturno
281 1426 336 1455 deo
352 1435 404 1455 suo
420 1424 753 1462 sacrasaciebant.——6
777 1423 839 1454 Ed.
851 1422 940 1453 Scal.
957 1421 990 1451 in
1006 1421 1153 1460 quas.-7
1170 1416 1254 1448 Ead.
1268 1415 1323 1446 ed.
1339 1416 1460 1446 sih—8
1479 1412 1565 1444 Ead.

112 1467 166 1499 ed.
183 1468 289 1498 uncini
303 1470 399 1499 α.-9
423 1468 504 1499 Vet.
522 1468 579 1498 lib.
594 1468 739 1498 occultat.

767 1583 908 1617 NOTAE

153 1681 168 1695 x
198 1674 344 1714 Volones]
360 1672 513 1704 Macrob.
529 1672 588 1703 lib.
605 1681 628 1703 1.
646 1672 716 1702 Sat.
734 1680 811 1711 cap.

110 1729 140 1757 2.
164 1726 172 1741 ‘
190 1725 287 1755 Bello
309 1724 441 1754 Punico
466 1733 541 1754 cum
570 1723 729 1753 deessent
753 1721 810 1762 qui

111 1775 357 1814 scriberentur,
379 1774 468 1805 servi
490 1783 550 1814 pro
567 1772 710 1803 dominis
728 1782 811 1812 pug-

111 1831 247 1857 naturos
262 1836 297 1857 se
316 1824 470 1866 polliciti,
495 1824 527 1854 in
555 1824 729 1854 civitatem
758 1832 809 1853 re—

110 1878 204 1917 cepti
234 1882 324 1916 sunt,
348 1880 383 1906 et
411 1876 562 1913 volones,
587 1874 664 1915 quia
690 1879 811 1913 sponte

109 1928 172 1958 lioc
191 1928 384 1965 voluerunt,
410 1924 598 1965 appellati.’
643 1923 731 1956 Vide
758 1923 812 1954 Li-

112 1978 199 2008 vium
216 1977 275 2008 lib.
292 1985 391 2007 xxiv.
417 1976 515 2007 Idem.

152 2033 165 2053 Y
194 2025 405 2065 Voltur-nulia]
421 2029 452 2059 6.
472 2025 645 2057 Kalendas
657 2025 811 2065 Septem-

112 2078 198 2109 bres.
225 2079 323 2108 Idem.

152 2134 163 2148 Ζ
192 2128 304 2168 Vopte]
322 2127 407 2158 Vide
432 2126 603 2166 ‘suopte.’
628 2127 726 2156 Idem.

153 2185 167 2199 '⁴
196 2179 352 2218 Urbanas]
378 2178 476 2208 Varr.
495 2177 552 2208 lib.
576 2186 625 2207 lv.
650 2181 658 2193 ‘
673 2177 726 2207 Ab
749 2176 813 2206 hoc

111 2239 244 2270 quoque
270 2234 414 2269 quatuor
442 2233 556 2268 partes
586 2227 676 2258 urbis
706 2227 812 2258 tribus

111 2280 234 2310 dictae:
261 2279 302 2309 ab
320 2279 402 2309 locis
418 2277 606 2318 Suburana,
622 2278 811 2319 Esquilina,

112 2329 255 2369 Collina,
270 2328 451 2360 Palatina.’
481 2329 576 2359 Idem.

154 2380 167 2401 b
203 2380 319 2420 Urunt]
360 2380 476 2411 Uruum
509 2379 694 2411 vocabatur
719 2381 810 2420 quic-

112 2431 191 2472 quid
208 2431 256 2461 ita
271 2429 395 2460 flexum
422 2435 494 2461 erat
520 2435 558 2461 ut
586 2430 715 2461 rediret
743 2440 812 2460 sur-

113 2492 185 2513 sum
213 2491 344 2519 versus,
371 2487 404 2512 et
434 2482 512 2512 inde
542 2481 681 2512 Romani
708 2482 812 2512 aratri

113 2537 330 2563 curvaturam
358 2541 469 2562 uruum
500 2532 628 2562 dixere.
691 2532 811 2563 Festus

112 2583 342 2613 curvationem
354 2581 443 2612 buris
455 2581 611 2612 etdentis
628 2582 681 2612 cui
698 2591 814 2613 vomer

114 2633 270 2672 praefixus
287 2637 373 2670 erat,
391 2636 498 2662 totum
516 2631 548 2661 id
565 2641 678 2662 uruum
698 2633 813 2672 appel-

114 2684 218 2713 latum
248 2681 342 2722 dicit,
365 2687 401 2712 et
426 2680 566 2721 figuram
591 2681 748 2712 habuisse
771 2682 813 2712 si-

114 2733 283 2765 millimam
302 2732 422 2763 uncini.
468 2731 544 2763 Quo
562 2732 695 2763 nomine
711 2733 813 2763 etiam

868 1678 1037 1700 vomerem
1067 1664 1338 1707 comprehendit,
1368 1662 1443 1693 ideo
1480 1660 1567 1691 dixit

867 1721 876 1737 ‘
893 1720 1022 1750 sulcum
1039 1718 1070 1748 iu
1087 1717 1169 1748 urbe
1188 1713 1366 1746 condenda
1388 1712 1461 1743 fieri
1484 1720 1567 1742 uruo

867 1769 995 1801 aratri.'
1042 1767 1095 1799 Ab
1121 1776 1228 1797 uruum
1252 1769 1306 1795 est
1329 1772 1454 1801 uruare,
1478 1759 1567 1802 quod

867 1826 918 1852 est
938 1821 971 1851 in
990 1819 1072 1850 urbe
1089 1815 1266 1849 condenda
1283 1824 1366 1845 uruo
1383 1813 1487 1844 aratri
1504 1812 1569 1842 cir-

866 1871 1047 1902 cumdare:
1072 1879 1148 1899 nam
1171 1868 1226 1908 qui
1245 1867 1360 1897 urbem
1378 1868 1475 1895 erant
1491 1873 1570 1894 con-

867 1922 968 1953 dituri
1006 1925 1121 1951 aratro
1157 1919 1268 1949 locum
1308 1914 1567 1947 circumscribe-

869 1974 971 2004 bant:
996 1978 1034 2003 ut
1049 1976 1165 2001 notum
1183 1974 1248 2000 est.
1293 1966 1432 1998 Deinde
1457 1975 1570 1996 muare

868 2023 1067 2063 simpliciter
1083 2031 1142 2062 pro
1158 2020 1358 2051 circumdare.
1405 2016 1501 2047 Infra
1521 2016 1569 2046 lo·

868 2084 927 2105 cus
945 2073 1043 2104 Ennii
1062 2073 1108 2102 ita
1126 2072 1157 2102 iu
1177 2070 1338 2101 Schedis:
1367 2068 1492 2098 Circum
1506 2076 1571 2097 sese

866 2128 962 2156 uruat
989 2125 1028 2155 ad
1060 2123 1153 2163 pedes
1177 2131 1196 2152 ιι
1220 2124 1304 2151 terra
1325 2119 1567 2160 quadringentos

865 2178 968 2215 caput.
1024 2172 1198 2211 Scriptum
1225 2169 1336 2201 fuerat
1370 2172 1476 2199 aterra
1505 2178 1571 2198 cccc

865 2229 968 2266 caput.
1005 2225 1061 2255 De
1078 2228 1169 2257 ceto,
1193 2222 1247 2252 cui
1265 2220 1423 2260 exposita
1439 2219 1570 2250 Andro-

867 2276 978 2316 meda,
994 2274 1140 2315 loquitur
1158 2271 1299 2309 Ennius,
1313 2270 1401 2311 quod
1411 2268 1570 2310 quadrin-

868 2327 976 2367 gentis
994 2324 1137 2366 pedibus
1153 2334 1172 2354 a
1188 2323 1307 2353 littore
1325 2326 1490 2353 remotum
1505 2321 1568 2351 cir-

867 2388 943 2409 cum
957 2385 1030 2407 sese
1054 2379 1158 2414 caput
1175 2378 1284 2403 uruat.
1328 2371 1479 2402 Doctiss.
1498 2371 1570 2400 Sal-

867 2428 989 2459 masius
1016 2425 1165 2465 legebat,
1195 2424 1310 2454 circum
1324 2432 1388 2453 sese
1404 2424 1508 2461 uruat,
1531 2421 1571 2450 ad

863 2479 955 2519 pedes
973 2476 1042 2513 sert
1066 2475 1222 2505 occultans
1241 2476 1342 2513 caput.
1386 2472 1484 2504 Quod
1502 2480 1566 2510 ego

868 2530 915 2560 ita
934 2529 1153 2566 interpretor,
1169 2523 1261 2555 videt
1285 2521 1502 2553 Andromeda
1515 2531 1571 2552 ce·

869 2585 938 2611 tum
956 2579 1081 2609 circum
1099 2586 1173 2607 sese
1190 2584 1323 2614 uruare,
1347 2579 1382 2605 at
1402 2574 1475 2614 ipsa
1499 2583 1569 2613 prae

869 2630 989 2660 timore
1006 2632 1111 2668 caput
1126 2626 1167 2656 ad
1182 2626 1285 2666 pedes
1299 2625 1448 2656 demittit
1464 2629 1498 2654 ut
1512 2634 1569 2654 oc-

869 2681 989 2716 cultet,
1009 2681 1073 2709 ἃς.
1097 2678 1193 2708 Idem.
