1876 3025
286 190 349 220 DE
382 184 653 217 VERBORUM
687 176 1095 212 SIGNIFICATIONE
1130 175 1221 205 Llss.
1256 172 1403 203 xvxii.

187 284 396 327 Afranius
415 283 459 323 in
486 278 526 320 V
524 279 680 335 irgine.-
703 275 924 319 Sordidum
946 272 1162 326 tugurium
1192 275 1261 311 cst
1286 276 1426 321 turpe.

1491 159 1576 201 989

1490 264 1578 306 Cae-

187 353 304 394 cilius
336 352 379 392 in
407 348 741 406 Hypobolimaeo
763 358 774 384 t
817 343 1067 385 Habitabat
1085 339 1126 379 ἱη
1148 337 1330 393 tugurio,
1352 335 1434 375 sine
1458 347 1577 387 oper-

189 422 304 463 culo.
366 419 468 470 Quo
501 417 675 458 nomine
710 412 897 454 Valerius
932 407 1225 463 explanatione
1256 405 1326 445 1²2.
1358 404 1419 443 ait
1452 403 1581 445 etiam

840 512 850 522 .
910 477 1016 533 sigui
1041 476 1152 517 cari.

133 556 417 598 Tullianumf’
444 553 565 607 quod
582 551 757 598 dicitur,
783 561 886 602 pars
905 545 1110 600 quaedam
1133 540 1339 590 carceris,
1362 539 1452 581 Ser.
1476 538 1582 579 Tul-

191 625 298 664 lium
320 623 486 675 Regem
508 619 756 662 aedificasse
781 617 919 656 aiunt.

138 691 320 732 ἶΓιιῖίέοε(1
342 691 417 731 alii
434 690 643 730 dixerunt
659 699 754 726 esse
773 685 957 732 silanos,
975 681 1049 722 alii
1063 681 1198 730 rivos,
1213 679 1288 720 alii
1307 677 1585 719 vehementes

195 758 491 813 projectiones
513 754 736 807 sanguinis
758 751 973 792 arcuatim
994 747 1187 796 fluentis,
1208 747 1367 800 quales
1390 749 1491 785 sunt
1511 742 1587 782 Ti-

194 828 291 866 buri
312 826 355 865 in
377 825 562 865 Aniene.
609 820 777 861 Ennius
797 819 843 858 in
857 816 999 871 Ajace
1015 830 1025 857 ;
1044 814 1181 869 Ajax,
1198 816 1334 855 misso
1348 819 1360 835 s
1381 810 1588 864 sanguine

196 893 348 946 tepido
369 891 485 932 tullii
499 895 513 912 2
536 889 732 929 efflantes
752 886 922 926 volant.

145 959 457 1002 Tumultuarii·⁵
487 958 647 998 milites
679 955 886 995 dicuntur
924 952 1027 993 lecti
1059 952 1115 992 ob
1149 950 1343 991 subitum
1383 948 1590 989 timorem:

738 1095 879 1107 eeeeeee

188 1193 206 1220 2
231 1189 284 1220 Id.
301 1188 382 1220 ibid.
401 1188 480 1219 tulli.
525 1186 615 1217 Vide
635 1186 716 1216 Not.

882 1094 979 1105 rrrrr

807 1292 947 1324 NOTAE

144 1385 180 1414 in
195 1383 385 1424 expositione
400 1384 450 1414 12.
464 1381 509 1412 ait
523 1381 618 1412 etiam
640 1403 649 1412 .

147 1434 225 1465 cari.
249 1434 322 1466 JOS.
339 1433 428 1464 Scal.

195 1484 351 1524 Tuguria]
374 1483 559 1524 Tugurium
576 1492 594 1512 α
610 1484 702 1519 tecto,
717 1480 777 1511 uisi
795 1489 853 1520 po-

149 1535 216 1566 tius
245 1535 420 1573 legendum
446 1545 465 1565 α
485 1537 566 1573 tego,
589 1542 665 1563 nam
681 1531 854 1571 tugurium,

151 1585 246 1625 quasi
263 1585 432 1624 tegurium.
480 1584 602 1615 Isidor.
619 1583 678 1614 lib.
691 1591 752 1613 xv.
777 1591 853 1621 cap.

151 1638 206 1666 12.
231 1636 438 1676 ‘Tugurium
465 1635 579 1666 casula
606 1637 659 1665 est
686 1642 784 1674 quam
807 1632 855 1662 fa—

153 1686 249 1717 ciunt
266 1686 330 1716 sibi
347 1685 506 1717 custodes
529 1685 716 1723 vinearum,
740 1682 781 1713 ad
807 1686 857 1713 te·

155 1738 264 1776 gimeu
294 1736 357 1770 sui,
380 1735 477 1776 quasi
505 1733 698 1775 tegurium.’
744 1732 858 1762 Verba

155 1785 314 1816 Afranii:
343 1785 512 1816 Sordidum
535 1784 693 1824 tugurium
708 1787 738 1813 et
760 1787 859 1822 turpe.

155 1836 248 1867 Infra
266 1835 437 1867 defectum
456 1837 503 1866 sic
529 1834 711 1875 supplebat
732 1832 860 1864 Marci-

156 1886 220 1916 lius
234 1897 243 1917 :
273 1887 341 1922 Quo
358 1885 481 1916 nomine
502 1884 647 1916 Valerius
662 1883 696 1914 in
713 1883 860 1922 explana-

158 1937 242 1967 tione
269 1939 321 1967 12.
344 1936 388 1966 ait
402 1937 498 1966 etiam
520 1938 635 1966 tectum
658 1934 691 1964 in
718 1934 785 1972 lege
811 1935 862 1964 12.

158 1985 334 2016 tabularum
348 1984 533 2026 significari.
578 1984 623 2014 Et
649 1983 793 2023 putabat
816 1982 863 2013 ibi

160 2035 203 2066 de
217 2036 350 2075 tugurio
370 2035 480 2075 legem
501 2033 624 2075 egisse,
642 2032 699 2063 ubi
717 2032 758 2062 de
773 2031 863 2072 pari-

161 2090 218 2116 ete
237 2084 418 2115 communi.
447 2085 528 2114 Dac-

203 2140 219 2161 1'
246 2135 437 2175 Tullianum]
462 2134 580 2165 Infra:
613 2133 737 2164 Silani.-
765 2132 865 2164 Glos-

161 2187 261 2224 sario‚
277 2186 409 2216 silvani:
426 2188 435 2202 ‘
446 2185 616 2223 Silvanus,
633 2181 779 2222 κρουνός.’
795 2183 865 2212 dos.

163 2236 249 2267 Scal.

210 2285 401 2326 Tullianum]
427 2285 537 2315 Varro
557 2283 615 2314 lib.
631 2292 679 2314 1v.
707 2281 749 2312 de
774 2282 811 2313 L.
832 2282 866 2312 L.

165 2336 174 2352 ‘
189 2337 315 2368 Carcer
329 2348 349 2368 a
361 2336 565 2375 cocrcendo,
579 2335 668 2376 quod
683 2335 774 2365 exire
793 2344 869 2374 pro-

164 2387 337 2417 hibentur.
372 2387 413 2417 Iu
431 2387 492 2416 hoc
510 2395 588 2426 pars
606 2394 682 2425 quae
700 2385 761 2415 sub
780 2390 871 2415 terra

166 2437 374 2476 Tullianum,
390 2436 467 2466 ideo
484 2435 573 2477 quod
590 2434 739 2465 additum
760 2444 777 2464 a
793 2435 871 2465 Tul-

168 2486 213 2517 lio
229 2486 333 2526 rege.'
357 2488 412 2517 De
429 2495 469 2517 eo
484 2486 559 2517 vide
575 2485 712 2516 Sallust.
729 2490 765 2514 et
780 2484 871 2515 Mar-

169 2535 307 2566 lianum.
334 2536 412 2567 Dae.

212 2592 227 2612 ‘1
254 2587 385 2626 Tullios]
413 2585 515 2616 Tullii
540 2595 560 2615 a
584 2586 670 2624 tullo,
698 2594 759 2625 pro
788 2585 873 2620 tollo,

172 2637 263 2677 quod
289 2647 410 2677 aquam
436 2645 567 2666 sursum
596 2636 730 2666 tollant.
774 2635 874 2665 Voss.

173 2686 277 2716 Silani
293 2691 372 2718 snut
387 2694 548 2727 aquarum
567 2686 640 2716 tubi
656 2686 726 2717 sive
740 2684 873 2716 fistulae.

174 2737 271 2768 Idem.

676 1402 683 1409 .
710 1402 719 1411 .
742 1380 789 1410 ita
800 1389 850 1410 vo-

947 1383 959 1398 r
979 1377 1077 1417 Ajaoe,
1093 1376 1201 1417 misso]
1237 1374 1336 1406 Ennii
1353 1372 1454 1404 verba
1471 1372 1518 1403 sic
1535 1372 1602 1402 suis

903 1429 1052 1460 numeris
1080 1428 1231 1458 restituit
1253 1427 1350 1457 Voss.
1374 1423 1535 1463 Sanguine
1560 1423 1603 1452 E-

905 1480 995 1510 misso
1011 1479 1115 1519 tepido
1139 1478 1224 1509 tullii
1239 1478 1377 1519 efflantes
1398 1476 1514 1506 volunt.
1557 1473 1604 1503 11-

905 1530 962 1560 lud
979 1530 1067 1568 Ajax
1084 1534 1198 1559 natum
1222 1537 1265 1557 ex
1290 1523 1501 1566 praecedenti
1524 1531 1606 1552 voce

906 1580 1015 1619 Ajace.
1044 1580 1089 1610 Et
1105 1579 1205 1609 verba
1223 1576 1421 1608 suntnuntii
1435 1575 1476 1605 de
1488 1574 1610 1613 Ajaceq

909 1635 1086 1670 postquam
1112 1628 1177 1659 sibi
1203 1637 1319 1658 manus
1346 1626 1473 1660 intulit,
1503 1631 1538 1654 et
1566 1633 1609 1653 ex

908 1681 964 1710 illo
981 1679 1173 1720 Sophoclis,
1189 1678 1286 1719 cujus
1303 1676 1450 1708 fabulam
1469 1684 1610 1706 couver-

911 1733 951 1762 tit
969 1732 1108 1765 Ευηὶιιε,
1134 1735 1172 1760 ut
1197 1730 1324 1770 optime
1346 1728 1521 1766 Scaliger:
1540 1724 1611 1755 Ἔτι

909 1782 970 1822 ’γὰρ
993 1781 1096 1822 θερμαὶ
1120 1779 1272 1821 Σύριγγες
1295 1778 1356 1810 ἅνω
1379 1779 1499 1817 φυσῶσι
1513 1774 1613 1814 μέλαν

912 1833 1024 1864 Μένος.
1045 1834 1054 1849 ‘
1068 1831 1186 1862 Adhuc
1202 1831 1292 1862 euim
1309 1828 1411 1859 calidi
1430 1827 1516 1858 tullii
1540 1835 1613 1855 sur·

912 1893 983 1913 sum
1002 1881 1119 1913 efflant
1132 1887 1240 1912 atrum
1257 1877 1479 1919 sangninem]
1514 1876 1614 1908 Glos-

913 1944 958 1965 sae
978 1934 1118 1973 Papiae:
1142 1935 1150 1948 ‘
1165 1931 1278 1966 Tullii,
1302 1938 1464 1970 aquarum
1483 1927 1616 1968 projec-

913 1983 989 2016 tus.'
1014 1984 1115 2015 Idem.

957 2039 968 2053 ⁵
991 2034 1088 2065 Tumu
1105 2054 1113 2062 .
1127 2055 1134 2064 .
1150 2032 1185 2072 .]
1219 2030 1397 2062 Tumultus
1413 2037 1515 2059 causa
1531 2024 1617 2056 mui-

916 2088 968 2115 tes
993 2084 1154 2114 dicuutur
1181 2081 1261 2112 lecti
1286 2079 1330 2111 ob
1355 2079 1502 2109 subitum
1522 2077 1619 2106 timo-

916 2144 1007 2165 rem:
1033 2133 1123 2164 unde
1149 2133 1250 2163 etiam
1278 2129 1458 2162 tumultum
1483 2127 1547 2157 dici
1572 2126 1619 2156 ait

917 2185 1070 2222 Verrius,
1101 2184 1156 2224 qui
1186 2183 1228 2213 ab
1256 2181 1328 2212 aliis
1355 2179 1496 2217 oriatur,
1520 2187 1618 2217 quam

918 2235 960 2265 ab
975 2234 1106 2265 Italicis
1125 2239 1161 2264 et
1176 2231 1317 2263 Gallicis
1335 2229 1501 2260 hostibus.
1551 2227 1615 2257 Alii

920 2290 1051 2315 tantum
1067 2283 1189 2314 bellum
1207 2281 1329 2312 Galliae
1343 2285 1378 2310 et
1395 2279 1516 2309 Italiae.
1549 2276 1619 2306 Ita-

920 2344 984 2376 que
1000 2335 1126 2364 nullum
1143 2333 1244 2364 alium
1268 2337 1492 2370 praeterquam
1516 2328 1615 2358 Galli-

922 2393 999 2414 cum
1025 2387 1082 2413 aut
1110 2381 1334 2412 domesticum
1361 2381 1410 2409 ita
1435 2378 1622 2418 appellant„

923 2433 1009 2464 Haec
1033 2432 1086 2463 vel
1109 2432 1158 2462 his
1181 2431 1302 2461 similia
1324 2430 1457 2460 Festus.
1502 2427 1622 2458 Cicero

923 2483 1050 2522 Philip.
1070 2491 1151 2513 vul.
1177 2480 1287 2513 ‘Quid
1313 2485 1364 2510 est
1389 2478 1478 2509 enim
1500 2477 1624 2507 tun-lu!a

924 2538 990 2571 tm,
1012 2532 1075 2562 nisi
1093 2532 1308 2572 perturbatio
1330 2534 1440 2566 tanta,
1465 2533 1500 2556 ut
1519 2526 1626 2566 major

925 2585 1026 2614 timor
1060 2582 1211 2613 oriatur?
1249 2580 1339 2612 uude
1371 2580 1472 2609 etiam
1502 2587 1625 2607 nomen

925 2633 1064 2664 ductum
1087 2636 1138 2663 est
1165 2632 1338 2662 tumultus,
1383 2629 1504 2668 Itaque
1522 2627 1626 2666 majo-

927 2694 980 2714 res
1009 2673 1111 2714 nostri
1137 2683 1317 2713 tumultum
1342 2680 1511 2713 Italicum,
1536 2678 1625 2716 quod

927 2738 1002 2764 erat
1039 2732 1259 2764 domesticus,
1305 2728 1486 2761 tumultum
1523 2726 1626 2757 Galli-
