1876 3025
303 126 414 167 1214

303 231 329 261 si
349 231 420 263 sine
437 234 528 264 cute.
558 232 684 273 Lipsius
700 232 799 264 Εἰπέ.
814 232 868 264 lib.
888 241 912 264 ι.
929 243 995 274 cup.

305 284 357 314 14.

349 334 440 365 PAG.
470 336 544 365 213.
579 333 762 373 Degunere]
799 333 996 374 Legeudum

305 388 356 414 est
371 384 562 423 degumiare,
588 392 654 413 non
677 384 844 422 degunere,
872 383 906 414 id
932 389 997 425 est,

306 435 482 473 devorare,
510 434 713 473 degustare:
738 433 827 473 apud
855 433 999 464 eundem

306 485 434 516 diserte
457 484 619 524 scriptum
649 488 700 514 est
727 484 858 523 gumia:
890 484 999 525 inglu-

306 535 524 576 vies,inquit,
551 545 570 565 a
596 535 674 575 gula
699 535 803 567 dieta.
848 535 940 567 Hinc
965 541 1000 568 et

307 585 526 625 ingluviosus,
554 590 588 616 et
628 585 735 625 gluto,
762 586 854 626 gulo,
882 587 1004 626 gumia,

307 640 434 675 guttur.
451 635 485 666 id
503 634 682 667 manifesto
705 641 758 667 est
774 646 793 666 a
810 636 932 668 Graeco
946 637 1000 676 76-

307 697 375 723 μσς,
392 684 482 726 quod
499 684 666 724 significat
682 685 830 726 πλήρωμα
847 689 904 725 τῆς
920 688 1004 729 νεὼς,

308 735 396 776 ἕρμα.
440 735 621 766 Saburram
642 737 752 767 Latini
769 743 914 769 vocant:
939 739 1000 770 ita-

309 796 372 827 que
388 786 443 827 qui
468 785 565 817 nimis
587 795 623 818 se
649 786 896 828 ingurgitarent
919 789 1002 821 cibis

900 957 1041 1004 LIB.

355 1072 444 1104 PAG.
461 1076 536 1106 233.
572 1075 706 1115 Egeria]
745 1074 858 1106 Alvum
884 1085 1005 1116 concep-

311 1127 387 1163 tam,
401 1123 468 1154 alvo
489 1128 665 1164 conceptum
686 1124 865 1165 legendum
887 1131 1008 1157 censet

311 1173 492 1205 Turnebus
510 1174 567 1206 lib.
582 1183 638 1205 111.
655 1184 729 1214 cap.
746 1179 777 1206 5.

355 1224 507 1265 Egretus]
557 1225 763 1266 Nyctegresia
798 1235 837 1256 ea
868 1226 1009 1257 Homeri

313 1275 470 1314 rapsodia
487 1280 641 1314 vocatur,
657 1276 735 1316 quia
754 1277 898 1307 maximo
916 1281 1008 1307 metu

314 1325 478 1364 perculsis
495 1326 648 1356 omnibus
666 1331 700 1357 et
717 1326 942 1357 consternatis
965 1326 1008 1357 ob

314 1373 533 1406 offensionem
555 1385 691 1416 pugnae,
714 1381 814 1408 nocte
837 1377 868 1407 iu
889 1377 1009 1407 castris

317 1425 359 1454 ab
378 1424 630 1464 Agamemnone
644 1426 837 1457 excitantur
853 1436 871 1457 e
893 1427 1009 1457 stratis

314 1474 431 1512 duces,
469 1479 505 1505 et
542 1475 582 1506 ad
620 1476 798 1507 concilium
836 1483 1011 1509 vocantur.

320 1524 476 1556 Turnebus
491 1525 546 1555 lib.
562 1534 618 1556 ιιι.
636 1536 701 1566 cap.
719 1530 749 1557 5.

358 1575 449 1605 PAG.
465 1577 539 1605 238.
565 1576 693 1605 Eretum
707 1575 819 1616 citum]
845 1576 945 1609 Quod
965 1578 1011 1607 ait

315 1625 450 1663 Festus,
471 1625 616 1655 Ercetum
636 1625 731 1655 citum
756 1627 836 1665 «laod
861 1626 903 1656 sit
929 1627 1013 1657 inter

314 1679 479 1710 consortes,
503 1675 622 1715 opinor
638 1675 818 1715 legendum
845 1685 932 1716 esse,
946 1686 1013 1707 non

315 1727 474 1765 crcettum,
498 1724 558 1756 sed
574 1728 711 1762 erctum5
735 1729 770 1756 et
794 1725 842 1755 ita
867 1726 1014 1757 decerno

317 1774 422 1805 fultus
437 1775 641 1806 auctoritate
656 1776 771 1815 Tullii,
783 1776 839 1817 qui
856 1776 888 1807 in
905 1776 1013 1817 primo

317 1824 359 1855 de
375 1825 525 1857 Oratore
549 1826 597 1856 sic
616 1825 746 1858 refert:
772 1827 781 1842 ‘
795 1826 930 1857 Idcirco
945 1827 1014 1867 qui,

317 1875 439 1915 quibus
463 1876 575 1907 verbis
591 1881 720 1908 erctum
738 1877 819 1908 cieri
843 1883 1014 1917 oporteat,

317 1926 463 1965 nesciat,
493 1925 582 1957 idem
613 1927 846 1959 herciscundae
877 1927 1014 1960 familiae

319 1984 455 2006 causam
484 1986 584 2017 agere
612 1986 677 2007 nou
705 1977 845 2017 possit:’
881 1988 923 2008 ex
950 1988 1014 2018 quo

318 2030 430 2057 tamen
454 2026 668 2058 scribendum
697 2027 842 2068 videtur,
869 2028 1016 2067 hercium,

318 2085 383 2106 non
400 2079 537 2114 erctum;
561 2086 636 2107 nam
657 2077 704 2108 ita
721 2082 755 2108 et
772 2078 861 2117 apud
879 2078 1014 2109 Cicero-

319 2134 395 2155 nem
413 2126 549 2166 legitur,
564 2132 598 2157 et
615 2127 691 2157 inde
708 2127 837 2158 hercisci
853 2131 888 2158 et
903 2127 1016 2157 hercis-

319 2176 434 2206 cundoe.
480 2175 659 2217 Philippus
671 2176 857 2207 Beroaldus
873 2176 908 2207 in
922 2176 978 2208 lib.
991 2185 1017 2209 1.

320 2225 459 2266 Apuleii
481 2226 522 2257 de
543 2227 635 2258 asino
658 2236 771 2262 aureo,
792 2228 874 2259 item
897 2227 931 2258 in
957 2227 1017 2258 lib.

319 2285 455 2308 nonum.

365 2326 510 2367 Eretum]
556 2327 771 2359 Consortioni
814 2326 1017 2358 dison-tiones

322 2377 504 2407 contrariae
522 2382 609 2413 sunt,
625 2377 788 2418 siquidem
806 2377 1019 2415 disorfiones,

322 2431 461 2458 auctore
490 2427 603 2468 Festo,
639 2427 820 2458 divisiones
856 2426 1018 2458 dicuntur

322 2477 598 2516 patrimoniorum
618 2477 709 2508 inter
732 2481 931 2508 consortes:
965 2486 1017 2508 so-

323 2526 461 2566 lentque
493 2527 540 2557 ita
569 2526 641 2557 fieri
674 2527 887 2562 disortiones,
915 2532 953 2557 ut
983 2527 1017 2557 in

324 2575 440 2615 primis
465 2575 679 2607 coerceretur
710 2586 885 2608 commune
913 2576 1017 2616 patri-

323 2625 482 2661 monium,
499 2636 537 2657 ac
552 2625 674 2657 deinde
689 2626 857 2658 cieretur:
882 2626 914 2657 id
930 2626 1017 2657 enim

324 2674 375 2705 his
407 2676 530 2716 verbis,
563 2680 680 2708 erctum
710 2678 874 2717 citumque,
906 2677 1017 2716 legum

760 138 901 169 NOTAE
935 138 1200 170 VARIORUM
1235 140 1284 170 ΙΝ

1051 233 1099 264 ita
1115 233 1197 265 dicti
1217 231 1258 266 ab
1281 243 1333 266 eo.
1376 235 1518 277 Scaliger
1539 237 1572 271 in
1594 238 1742 273 Varronis

1050 283 1121 315 libr.
1136 287 1217 315 sext.
1235 287 1287 315 80.

1094 335 1185 366 PAG.
1216 336 1291 367 219.
1329 336 1495 378 Desivare]
1547 339 1743 380 Legendum

1052 388 1104 416 est
1125 385 1300 417 Desinare:
1323 387 1429 418 multa
1447 388 1536 419 enim
1562 390 1665 421 verba
1688 401 1744 422 va-

1052 436 1110 467 riis
1133 437 1242 468 modis
1258 438 1404 469 Veteres
1425 438 1625 472 efferebant.
1653 441 1746 480 Gisa-

1051 487 1121 518 nius
1135 486 1236 518 indice
1254 488 1452 530 Lucretiam,
1475 490 1484 507 ‘
1503 490 1642 522 lavere.'

1096 537 1188 568 Pac.
1205 540 1279 569 221.
1303 538 1398 578 Dice]
1421 539 1506 571 Vide
1529 550 1640 581 supra,
1660 541 1669 557 ‘
1684 541 1747 574 At-

1053 587 1169 628 tinge,'
1186 594 1221 619 et
1237 587 1335 627 iufra,
1351 590 1360 606 ‘
1376 589 1542 630 Recipie.’

1097 638 1189 669 PAG.
1205 641 1279 670 225.
1304 639 1515 680 Disertiones]
1537 640 1660 672 Verius
1687 652 1747 682 pu-

1054 693 1174 725 tarem,
1188 690 1386 730 disertiones,
1397 695 1433 722 ut
1446 691 1632 722 consortioni
1644 700 1748 732 oppo-

1054 745 1191 771 nantur.
1233 740 1365 772 Turneb.
1387 740 1518 773 Advers.
1543 741 1594 772 lib.
1610 750 1664 773 111.
1680 752 1746 782 cap.

1058 793 1070 821 l
1081 793 1110 822 1.

1097 960 1162 1006 V.

1058 1077 1120 1108 Ro.
1136 1077 1262 1109 tabulis
1277 1077 1456 1113 contineri,
1471 1081 1506 1109 et
1521 1077 1554 1108 in
1579 1077 1618 1108 iis
1639 1080 1753 1108 erctum

1060 1137 1078 1158 a
1095 1127 1296 1163 co'e'rcendo,
1320 1127 1414 1159 citum
1436 1138 1454 1157 a
1479 1126 1600 1158 ciendo
1627 1126 1754 1158 dictum

1060 1187 1131 1208 esse
1148 1182 1293 1208 testatur
1314 1177 1402 1209 idem
1427 1177 1562 1216 Festus,
1577 1187 1684 1218 eoque
1701 1187 1755 1208 ac—

1060 1228 1182 1259 cedere
1205 1227 1340 1259 videtur
1361 1228 1442 1259 illud
1465 1227 1573 1259 Servii
1598 1236 1678 1258 vm.
1701 1227 1756 1258 ΙΕ-

1061 1278 1151 1309 neid.
1172 1283 1207 1309 ut
1223 1283 1275 1310 est
1292 1279 1324 1309 iu
1342 1278 1432 1320 jure,
1449 1282 1532 1309 errto
1551 1288 1610 1308 non
1632 1277 1705 1316 cito,
1722 1276 1756 1306 id

1061 1333 1125 1367 est,
1142 1328 1346 1368 patrimonio
1367 1329 1420 1359 vel
1443 1328 1642 1359 haereditate
1662 1326 1758 1358 co'er-

1062 1378 1132 1408 cita
1161 1387 1227 1408 non
1253 1377 1382 1408 divisa:
1422 1378 1470 1408 ita
1497 1377 1584 1408 cuim
1612 1376 1757 1407 arbitror

1063 1438 1138 1460 eum
1151 1429 1260 1460 locum
1278 1428 1503 1469 supplendum
1518 1436 1602 1458 esse.
1628 1428 1758 1457 Ram-ar-

1061 1480 1117 1510 dus
1140 1480 1173 1510 in
1198 1480 1220 1510 l.
1238 1487 1375 1510 Lxxxv.
1392 1480 1422 1519 ξ.
1448 1478 1566 1519 quoties
1591 1478 1628 1508 de
1653 1478 1754 1515 regul.

1054 1528 1151 1566 juris.

1110 1578 1256 1618 Eretum]
1282 1579 1405 1609 Valere
1428 1577 1575 1608 arbitror
1599 1576 1758 1617 patrimo-

1065 1628 1155 1658 ujum
1173 1628 1328 1664 divisum,
1344 1627 1485 1659 divisam
1503 1627 1757 1658 haereditatem:

1065 1678 1183 1709 scribit
1193 1678 1281 1709 enim
1291 1678 1429 1709 Servius
1442 1678 1558 1719 injure
1570 1686 1644 1708 esse
1656 1675 1760 1716 scrip-

1066 1732 1136 1758 tum
1153 1731 1235 1758 ercto
1249 1737 1308 1758 non
1329 1728 1410 1758 cito.-
1444 1727 1533 1769 quod
1556 1727 1762 1766 interpreta-

1068 1783 1135 1817 tur,
1159 1778 1363 1818 patrimonio
1386 1778 1439 1810 vel
1465 1777 1668 1809 haereditate
1695 1785 1760 1806 non

1066 1828 1185 1861 divisa.
1213 1830 1346 1863 Turneb,
1362 1829 1416 1860 lib.
1433 1838 1490 1861 ιιι.
1505 1839 1572 1869 cap.
1588 1833 1620 1859 5.

1110 1879 1202 1910 PAG.
1221 1882 1296 1910 246.
1321 1879 1538 1919 Exercionem]
1572 1877 1762 1909 Emendan-

1068 1928 1146 1959 dum
1163 1938 1238 1960 reor
1254 1930 1302 1960 sic
1318 1940 1327 1961 ε
1360 1929 1590 1969 exercitionem,
1615 1927 1765 1959 exercita-

1069 1978 1191 2010 tionem.
1213 1979 1361 2011 Turneb.
1377 1979 1459 2011 ibid.

1113 2028 1337 2069 Easufiffltum]
1368 2029 1458 2069 Lege
1474 2028 1658 2069 Exfilutum.
1679 2027 1763 2058 Tur-

1069 2077 1145 2108 neb.
1162 2077 1243 2108 ibid.

1111 2127 1201 2157 PAG.
1215 2124 1287 2156 247.
1312 2126 1421 2157 Exiles
1436 2129 1465 2157 et
1480 2125 1552 2166 ilia]
1579 2126 1719 2165 Viarum,
1731 2126 1762 2156 id

1069 2176 1165 2217 quale
1197 2177 1253 2216 sit,
1282 2181 1290 2193 ‘
1306 2175 1476 2216 putando,’
1508 2182 1545 2206 ut
1575 2177 1623 2207 ait
1653 2176 1766 2216 poeta,

1068 2226 1180 2256 nescio
1194 2226 1280 2265 quis,
1303 2228 1312 2244 ‘
1325 2226 1481 2257 evolvere
1502 2225 1657 2267 nequeo.'
1672 2227 1730 2258 ilia
1746 2237 1766 2258 a

1069 2276 1150 2307 viis?
1173 2277 1227 2317 qui
1245 2276 1383 2316 potest?
1407 2275 1509 2307 credo
1533 2276 1622 2317 quod
1645 2286 1685 2307 ea
1701 2286 1764 2308 cen

1071 2326 1196 2357 viarum
1212 2326 1245 2356 in
1269 2325 1461 2357 animalium
1478 2326 1673 2366 corporibus
1689 2326 1765 2358 fun-

1071 2381 1196 2416 gantur
1208 2385 1359 2407 munere.
1376 2386 1451 2417 quae
1470 2381 1522 2407 est
1544 2376 1614 2407 lraec
1631 2386 1765 2417 compo-

1071 2426 1172 2456 nendi
1190 2426 1300 2456 ratio?
1334 2431 1391 2457 aut
1415 2436 1488 2467 quae
1506 2431 1558 2457 est
1575 2427 1607 2457 in
1625 2432 1764 2468 utraque

1072 2485 1155 2506 voce
1183 2475 1335 2515 syllaba?
1365 2476 1519 2517 syllaba?
1540 2477 1639 2508 immo
1669 2478 1766 2508 litera

1073 2535 1159 2566 pene
1176 2525 1293 2556 eadem
1307 2535 1314 2556 :
1333 2526 1391 2557 sed
1410 2526 1451 2556 ab
1464 2527 1585 2557 inarum
1598 2528 1765 2559 tenuitate

1073 2575 1129 2606 ilia
1145 2581 1179 2606 et
1195 2575 1293 2606 exilia
1313 2585 1348 2606 se
1368 2575 1547 2607 deduxisse
1565 2577 1602 2607 iis
1619 2586 1684 2608 non
1700 2577 1764 2609 dif-

1071 2626 1205 2657 ficulter
1222 2627 1341 2657 Festus
1371 2626 1578 2666 probaverit,
1610 2627 1665 2668 qui
1686 2629 1764 2660 alibi

1072 2676 1118 2707 ita
1145 2677 1308 2718 scriptum
1332 2686 1405 2709 esse
1432 2678 1663 2710 meminerint:
1704 2679 1763 2710 Ilia
