1876 3025
310 154 393 195 910

369 256 567 298 Lucilius

752 162 898 193 SEXTl
932 161 1130 191 POMPEI}
1166 160 1302 191 FESTI

938 255 970 295 ti
986 254 1239 296 hibernacul

315 392 540 434 Struices²
580 389 745 443 antiqui
781 389 988 429 dicebant
1023 388 1326 430 extructiones
1361 388 1554 429 omnium
1591 401 1744 430 rerum.

369 459 558 500 Plautus
577 472 586 497 z
620 457 800 498 Cerialis
824 469 955 497 cenas
975 456 1078 496 dat:
1109 456 1170 496 ita
1188 468 1367 496 mensas
1381 456 1561 504 extruit,
1580 455 1745 496 Tantas

371 528 558 568 struices
579 525 811 565 concinnat
837 524 1091 577 patinarias,
1121 527 1162 564 et
1185 524 1362 564 Livius:
1393 536 1481 576 quo
1519 522 1748 563 Castaliae

369 606 450 647 per
471 593 652 633 struices
674 603 836 631 saxeas
858 591 986 644 lapsu
1009 590 1186 631 accidit.

316 661 507 701 Stluices
529 659 731 699 dicebant
752 659 938 698 omnium
959 671 1099 698 rerum
1119 657 1440 697 instructiones.

1572 656 1749 706 [PAUL.

316 725 559 780 Struppi4²>
578 725 875 767 vocabantur
865 738 907 764 m
929 725 1230 778 pulvinaribus
1251 724 1453 764 fasciculi
1473 723 1526 764 de
1546 723 1748 765 verbenis

370 794 495 843 facti,
517 793 592 847 qui
616 806 695 845 pro
720 794 914 834 Deorum
937 791 1160 844 capitibus
1177 791 1468 844 ponebantur.

316 861 497 914 Struppi
519 864 731 901 vocantur
752 860 795 900 in
816 859 1116 911 pulvinaribus
1122 856 1322 912 fizscicnli
1341 856 1389 896 de
1410 856 1544 897 verbe-
1582 855 1747 910 [FEST.

371 926 569 982 mkfacti,
593 926 664 981 qai
684 941 762 980 pro
787 923 974 966 Deorum
1007 925 1229 978 capitibus
1261 930 1493 978 ponuntur.
1525 923 1635 978 apud
1670 921 1749 963 Ur-

371 996 498 1035 bemc
532 996 629 1035 calo
662 993 882 1036 Antistius
918 991 1057 1032 Labeo
1087 991 1165 1032 dici
1195 991 1253 1032 ait
1285 993 1580 1044 magistratum
1612 990 1752 1045 publi-

373 1075 488 1102 cum.

317 1129 567 1170 Strutheum
589 1130 632 1169 in
653 1129 796 1170 mimis
814 1125 831 1149 ‘¹
853 1126 1079 1181 praecipue
1101 1130 1265 1166 vocant
1297 1127 1552 1166 obscoenam
1584 1128 1751 1178 partem

373 1197 561 1246 virilem,
583 1210 610 1238 a
627 1197 860 1237 salacitate
876 1194 1082 1236 videlicet
1098 1194 1304 1247 passeris,
1319 1194 1395 1247 qui
1411 1193 1565 1235 Graece
1586 1191 1754 1246 στρουθὸς

375 1264 552 1304 dicitur.

926 1338 1161 1350 “coercere'‘

362 1398 381 1427 4
405 1397 482 1430 Vet.
501 1397 559 1428 lib.
576 1396 678 1427 Strui.

970 1483 1001 1513 N
1008 1482 1108 1513 OTAE

319 1564 372 1591 est
384 1570 393 1597 3
417 1557 476 1589 sed
489 1562 523 1589 et
537 1557 700 1598 reliquum
715 1556 911 1596 membrum,
923 1555 1011 1596 quod

319 1610 383 1639 liuc
401 1608 608 1648 pertinebat,
625 1607 737 1637 nescio
753 1607 930 1646 quomodo,
944 1606 1011 1636 (lis-

319 1663 464 1690 tractum
485 1663 549 1698 est,
565 1662 600 1688 et
617 1657 815 1688 translatum
837 1656 877 1686 ad
894 1665 1010 1686 vocem

321 1710 430 1748 Stura,
447 1713 523 1747 post
541 1717 638 1747 quam
656 1707 807 1747 reliquiae,
832 1706 931 1746 liujus
946 1705 1012 1736 loci

321 1763 502 1799 apparent,
528 1758 558 1788 in
581 1758 656 1797 illis,
680 1767 715 1787 ac
737 1757 945 1797 suberiesque:
970 1756 1012 1786 de

320 1809 442 1839 subere
459 1808 547 1838 enim
564 1807 742 1838 manifesto
761 1817 871 1838 sermo
897 1807 1013 1838 fiebat.

319 1860 386 1890 Jos.
403 1859 486 1889 Scal.

364 1908 523 1949 Suberies]
542 1907 692 1939 Putabat
705 1908 855 1947 Scaliger
867 1907 929 1937 linc
943 1915 1018 1946 per-

323 1959 431 1990 tinere
461 1964 496 1989 et
523 1959 586 1989 buc
613 1956 815 1988 retrahenda
842 1965 913 1986 esse
940 1965 1014 1995 quae

323 2013 400 2048 post
414 2009 626 2048 sturaflmnen
642 2008 809 2047 leguntur.
834 2006 899 2036 Ubi
915 2005 1014 2035 etiam

324 2057 367 2088 de
389 2057 517 2088 suberie.
562 2057 628 2087 Sed
646 2057 677 2086 in
694 2055 825 2087 schedis
848 2055 948 2085 etiarn
967 2055 1015 2085 sic

325 2107 459 2137 diversa
474 2111 562 2136 sunt.
585 2106 667 2136 Duc.

367 2162 379 2176 z
393 2156 546 2196 Struices]
562 2155 715 2186 Plaut.in
729 2154 895 2185 Menaecli.
913 2155 1016 2184 ‘Tan-

326 2211 378 2237 tas
412 2206 555 2237 struices
594 2206 775 2236 concinnat
812 2202 1018 2245 patinarias!

326 2257 404 2289 Ant.
421 2258 507 2295 Aug.

369 2306 523 2346 Struices]
548 2305 686 2338 Naevius
708 2304 821 2344 etiam,
838 2309 924 2335 teste
940 2304 1016 2335 Ser-

326 2358 393 2392 vio,
409 2358 464 2398 qui
481 2363 533 2388 est
556 2357 588 2387 in
610 2356 753 2396 schedis,
769 2355 855 2386 dixit
877 2354 887 2372 ‘
901 2354 1016 2386 Struix

327 2406 511 2438 malon-uma
533 2408 602 2437 dos,
619 2407 703 2438 Scal.

372 2456 526 2496 Slruices]
565 2456 679 2487 Struix
714 2460 748 2486 et
787 2459 887 2486 strues
916 2454 1016 2485 idem.

329 2508 384 2539 Sic
406 2508 547 2538 Naevius
574 2506 659 2536 dixit
681 2505 812 2536 ‘su-uix
834 2504 1018 2539 malorum,'

330 2562 417 2588 teste
442 2557 571 2588 Servio.
616 2557 740 2587 Versus
765 2556 876 2586 Plauti
901 2561 951 2587 est
976 2565 1017 2586 ex

331 2608 500 2639 Menaeeh.
515 2612 579 2638 act.
596 2617 620 2638 1.
636 2617 683 2637 sc.
701 2609 727 2636 1.
751 2607 830 2637 Dae.

376 2663 390 2678 ¹²
412 2658 536 2689 Livius.-
568 2668 624 2698 quo
649 2656 802 2695 Castalia]
835 2656 969 2687 Merula
986 2656 1018 2686 in

334 2713 514 2739 comment.
532 2708 599 2739 suis
616 2706 656 2738 ad
675 2707 818 2738 Ennium
841 2706 1021 2746 legendum

1067 1555 1199 1595 putavit
1215 1565 1222 1585 z
1248 1554 1372 1592 Livius,
1387 1553 1465 1584 libro
1481 1556 1590 1592 quarto
1604 1553 1651 1583 vel
1665 1551 1754 1592 quin-

1065 1609 1107 1645 to,
1122 1605 1276 1635 nimirum
1296 1603 1542 1643 Erotopoegniou.
1566 1603 1627 1632 Vel
1647 1602 1757 1633 Livius

1065 1666 1151 1695 equo,
1196 1656 1285 1685 Nam
1315 1663 1434 1694 equum
1464 1653 1550 1683 Livii
1570 1652 1757 1692 -Trojanum

1065 1706 1172 1736 citant
1189 1705 1311 1735 Cicero
1337 1704 1395 1734 lib.
1421 1712 1486 1733 vn.
1512 1703 1620 1742 Epist.
1636 1706 1671 1733 et
1688 1703 1756 1733 No·

1066 1755 1140 1785 nius
1158 1754 1339 1785 Marcellus
1357 1754 1386 1783 in
1406 1757 1414 1770 ‘
1427 1752 1579 1792 opitula!
1614 1753 1665 1783 De
1683 1752 1761 1783 Cas·

1066 1805 1145 1835 talia
1162 1811 1274 1835 autem
1292 1803 1483 1843 Apollinem
1500 1801 1650 1841 fugiente
1673 1807 1707 1832 et
1724 1802 1758 1832 in

1064 1854 1190 1886 fontem
1208 1855 1257 1885 sui
1281 1853 1421 1884 nominis
1446 1861 1620 1891 conversa,
1643 1856 1757 1883 notum

1065 1910 1128 1935 est.
1153 1905 1250 1935 Idem.

1108 1954 1121 1975 b
1143 1952 1290 1993 Str-appi]
1321 1952 1489 1983 Verbenae
1513 1951 1545 1981 in
1562 1951 1758 1982 fasciculum

1065 2004 1215 2043 intortae,
1229 2013 1304 2043 quae
1320 2003 1352 2032 in
1369 2001 1598 2042 pulvinaribus
1611 2002 1759 2032 Deorum

1067 2054 1184 2093 capita
1208 2052 1515 2092 repraesentabant,
1538 2051 1626 2081 unde
1652 2056 1687 2082 et
1710 2061 1761 2081 ca·

1066 2104 1134 2143 pilu
1160 2103 1297 2133 Deorum
1330 2102 1549 2132 vocabantur.
1594 2101 1683 2131 Vide
1707 2111 1761 2132 su-

1070 2164 1130 2194 pra
1143 2156 1152 2172 ‘
1167 2155 1289 2194 Capita
1304 2152 1478 2184 Deorum.’
1502 2153 1600 2182 Idem.

1111 2209 1124 2225 ⁰
1147 2205 1241 2244 Apud
1260 2203 1388 2242 Urbem]
1424 2202 1509 2233 Haec
1532 2202 1665 2232 diversa
1684 2205 1761 2231 sunt

1071 2264 1090 2285 a
1102 2255 1341 2294 superioribus.
1386 2253 1511 2284 Forsan
1528 2252 1580 2282 hic
1597 2251 1639 2282 de
1654 2249 1762 2282 Suffe-

1072 2310 1105 2335 te
1120 2304 1240 2343 agebat
1258 2305 1389 2341 Festus,
1405 2303 1446 2333 de
1470 2312 1535 2343 quo
1552 2301 1649 2332 infra.
1693 2300 1761 2332 Sed

1071 2354 1149 2395 quid
1168 2364 1227 2394 pro
1243 2363 1324 2384 voce
1340 2354 1416 2391 calo,
1428 2362 1501 2393 quae
1518 2357 1612 2383 certe
1625 2351 1761 2382 mendo-

1071 2415 1108 2436 sa
1136 2410 1199 2440 est,
1225 2404 1344 2444 subjici
1373 2403 1508 2441 debeat,
1534 2402 1664 2443 assequi
1695 2410 1761 2432 non

1072 2464 1256 2495 possumus.
1300 2454 1446 2484 Videant
1475 2453 1608 2487 eruditi,
1637 2458 1672 2483 et
1709 2451 1761 2482 hic

1071 2505 1196 2545 ingenii
1212 2505 1261 2534 sui
1280 2513 1418 2534 acumen
1433 2503 1622 2533 intendant.
1645 2502 1741 2532 Idem.

1111 2555 1124 2576 ‘¹
1148 2555 1328 2586 Strutheum
1342 2555 1372 2584 in
1389 2553 1504 2594 mimis]
1529 2552 1634 2583 Immo
1648 2556 1684 2583 et
1702 2552 1763 2582 La-

1073 2605 1176 2636 tinum
1190 2614 1298 2644 passer
1313 2604 1388 2635 alibi
1410 2614 1508 2645 qnam
1527 2603 1559 2633 in
1577 2602 1685 2633 mimis
1702 2611 1762 2642 pro

1074 2655 1232 2687 obscoena
1248 2655 1302 2686 illa
1320 2660 1416 2696 parte
1434 2654 1577 2695 positum
1593 2658 1657 2684 est.
1682 2653 1729 2683 Id.
