1876 3025
302 166 450 199 SEXTI
486 164 692 196 POMPEII
728 163 866 194 FES'rl
903 162 996 192 LlB.
1029 160 1144 191 XIX·
1182 160 1239 189 ET
1274 159 1367 190 XX.

116 265 210 304 origo
241 271 281 294 ac
310 262 452 298 natales,
477 270 496 292 a
522 260 644 302 quibus
674 259 812 291 deducit

116 314 323 355 Fulgentius,
357 322 512 352 magnam
549 310 812 343 verisimilitudi-

115 375 190 396 nem
210 375 280 405 prae
299 374 334 395 se
352 363 486 395 ferunt:
513 367 551 394 ut
571 363 660 394 enim
684 362 716 392 in
743 365 810 392 tex-

116 415 292 447 tivillz'tium
332 415 419 445 inest
445 414 585 445 vilitatis
617 414 809 444 sententia:

116 467 166 497 sic
183 471 411 505 antegressam
430 464 583 495 vocabuli
597 468 727 504 partem
741 471 813 493 sen·

115 527 169 548 sus
185 521 364 556 expertem
382 515 424 546 de
440 514 721 554 nihilojactatam
738 522 813 544 esse

115 572 244 599 nonest
258 565 420 597 credibile
436 576 444 596 :
461 566 512 597 liti
523 569 633 595 autem
648 574 723 595 cum
737 573 813 594 sen·

116 628 171 650 sus
187 618 230 649 sit
243 617 363 652 nullus,
380 621 414 647 et
432 615 475 647 sit
491 619 571 646 text.
585 614 813 646 textit-initium

116 670 242 701 dictum
276 672 443 709 putemus.
489 666 620 697 Turneb.
650 665 703 696 lib.
732 674 812 696 ΧΠ.

116 731 181 761 cap.
198 723 229 752 3.

160 771 252 801 PAG.
279 771 353 800 977.
387 766 532 807 Tonsam]
568 767 611 797 Et
636 766 669 796 in
693 765 814 797 Asela:

118 831 213 852 error
228 819 366 850 inolevit
382 818 472 859 apud
489 818 637 855 Festum,
660 822 698 847 ut
723 817 812 856 apud

116 872 306 902 Varronem
333 868 376 899 de
396 868 512 908 lingua
538 867 670 898 Latina.
715 866 815 898 Asota

118 931 178 962 pro
213 920 370 951 sotadico:
407 928 472 949 non
505 918 637 949 Asotum
678 918 814 956 scripsit

120 973 262 1011 Ennius,
288 970 345 1001 sed
365 969 544 1001 Caecilius:
569 969 616 999 sic
641 967 728 999 idem
748 969 814 998 En-

118 1023 193 1053 nius
225 1021 351 1053 citatur
383 1029 400 1050 a
432 1019 546 1056 Festo,
577 1019 610 1049 in
640 1018 813 1049 sotadico:

119 1078 127 1091 ³
146 1072 272 1114 Cyprio
289 1071 366 1104 bovi
383 1070 575 1102 merendam
591 1070 609 1099 :'
631 1069 718 1110 quod
737 1078 816 1099 sane,

500 1271 642 1321 LIB.

165 1414 256 1445 PAG.
271 1416 345 1445 996.
374 1411 543 1451 Vagorem]
558 1409 677 1442 Scribe
693 1408 726 1440 in
746 1418 819 1441 ver-

124 1475 163 1496 su
181 1465 293 1502 Ennii,
317 1464 381 1499 Qui
401 1464 513 1494 clamos
536 1460 744 1502 oppugnantis
767 1469 820 1490 va-

120 1525 196 1554 gore
211 1515 339 1546 volanti.
364 1514 531 1554 Gifanius,
554 1518 562 1530 ‘
580 1511 715 1553 Vagor.'

174 1566 357 1606 Vaergutatz‘o]
384 1566 467 1596 Cum
499 1574 518 1594 a
545 1563 647 1594 Festo
671 1561 821 1601 explica-

126 1623 195 1657 tur,
222 1628 272 1649 res
302 1616 581 1655 comperendinata,
609 1614 764 1652 judicium
788 1612 822 1643 in

125 1668 251 1699 tertium
279 1667 492 1700 constitutum,
518 1674 639 1705 magno
668 1664 700 1694 id
726 1663 821 1703 adju-

125 1724 242 1750 mento
263 1723 315 1749 est
338 1717 379 1748 ad
407 1714 663 1756 intelligendam
681 1718 715 1744 et
732 1714 822 1744 illus-

126 1769 282 1800 trandam
314 1776 378 1799 xu.
410 1766 480 1797 tab.
511 1766 632 1805 legem,
660 1774 734 1805 quae
774 1764 822 1794 liis

126 1819 240 1850 verbis
257 1823 310 1849 est
326 1821 513 1857 concepta:
540 1815 601 1846 Cui
616 1814 824 1845 testimonium

126 1869 261 1908 defuerit
276 1869 329 1908 iis,
346 1867 450 1899 tertiis
464 1866 569 1897 diebus
593 1866 629 1896 ob
651 1868 773 1905 portum
788 1865 825 1895 ob

125 1919 356 1958 vagulationem
372 1919 428 1949 ito.
474 1918 564 1948 Puto
588 1916 782 1956 significari,
798 1917 825 1946 si

128 1969 227 2000 testis
244 1969 275 2000 ei
291 1968 440 1999 defuerit
456 1967 511 2008 qui
537 1967 629 1997 litem
646 1966 764 1997 habuit
787 1965 824 1996 li-

128 2029 207 2051 cere
234 2019 265 2050 ei
296 2017 663 2058 comperendinationis
694 2016 760 2055 die,
790 2015 826 2046 id

129 2076 194 2111 est,
211 2069 266 2101 die
285 2070 399 2109 tertio,
420 2074 499 2099 ante
516 2069 588 2108 ejus
606 2067 697 2098 aedes
719 2067 826 2097 libere

129 2120 290 2160 conqueri
318 2125 354 2150 et
378 2119 558 2157 implorare
581 2118 651 2158 ejus
677 2117 827 2148 testimo-

130 2171 232 2207 nium,
249 2170 490 2210 comitiumque
508 2168 676 2200 recusanti
693 2167 824 2199 facere:

132 2230 205 2252 nam
224 2230 243 2250 a
258 2222 362 2261 vagia,
378 2221 480 2259 vagno
500 2227 535 2251 et
555 2220 664 2258 vagulo
688 2218 827 2249 deduci·

134 2275 201 2310 tur,
220 2270 309 2301 unde
326 2271 495 2310 ragulutz'o,
511 2270 599 2311 qnod
618 2277 827 2309 conqueren-

134 2322 175 2351 tis
193 2326 226 2351 et
244 2321 406 2361 plorantis
423 2327 493 2351 est:
517 2330 578 2350 uec
596 2318 828 2358 assentimus,

134 2373 191 2413 qui
208 2382 227 2403 a
240 2381 337 2411 vagor
353 2371 540 2409 deducunt,
553 2380 614 2400 nec
629 2371 682 2410 qui
697 2369 828 2407 obvagu-

133 2425 231 2456 latum
256 2423 388 2463 legunt,
405 2431 480 2452 cum
504 2421 731 2460 vagulalionem
749 2419 829 2449 Fes-

136 2482 188 2507 tus
217 2476 316 2515 plane
344 2478 530 2513 aperteque
560 2472 650 2511 legat
672 2476 704 2500 et
727 2470 830 2500 inter-

137 2532 306 2567 pretetur,
335 2525 446 2565 sitque
473 2521 738 2561 obvagulacionem
761 2519 830 2550 dic-

138 2584 208 2607 tum
221 2576 359 2617 antiquo
372 2584 464 2605 more
479 2583 537 2614 pro
550 2572 832 2611 advagulatz‘onem.

138 2627 313 2658 Turnebus
330 2626 386 2657 lib.
398 2634 481 2656 xm.
495 2634 570 2664 cap.
583 2626 637 2654 26.
652 2627 687 2653 et
703 2621 760 2652 lib.
774 2629 833 2651 xv.

140 2688 215 2718 cap.
240 2680 290 2708 15.
314 2677 423 2716 legem
447 2684 515 2706 xu.
542 2674 609 2705 tab.
633 2673 675 2703 de
701 2671 833 2712 vagula-

142 2730 246 2768 tione,
275 2726 322 2770 idm
340 2732 404 2767 est,
429 2727 544 2767 vagitu
566 2729 601 2755 et
627 2724 772 2756 clamore
799 2723 834 2750 et

701 1269 863 1318 XIX.

1446 148 1552 190 123}

867 266 997 289 comma
1012 260 1062 288 est
1077 254 1278 287 sotadicum.
1302 254 1444 294 Scaliger
1458 254 1492 285 iu
1506 254 1561 287 lib.

865 318 912 340 ιν.
944 308 1102 339 Varronis.
1122 310 1171 338 18.

909 360 998 390 PAG.
1012 362 1086 390 980.
1105 356 1248 397 Tor-rere]
1262 357 1291 388 A
1304 360 1422 387 torreo:
1440 357 1562 396 scribe,

865 421 883 441 a
898 413 982 440 torro
995 409 1191 445 deductum,
1204 408 1431 448 adstipulante
1445 414 1562 438 vetere

866 460 995 492 codice.
1042 459 1130 490 Vide
1147 459 1271 489 ibidem
1288 462 1424 488 torrum:
1449 463 1564 489 monet

867 511 955 542 enim
983 511 1101 541 Festus
1126 510 1268 540 Veteres
1292 508 1477 549 protulisse
1500 511 1564 538 tor·-

866 571 931 599 rus,
954 565 989 592 et
1014 560 1264 601 antiquissimos
1282 563 1378 598 torus,
1395 558 1484 589 unde
1501 562 1565 589 tor·

866 613 965 649 ridus,
983 615 1091 646 torreo,
1105 620 1144 641 ac
1161 614 1294 641 torresco
1308 609 1462 651 profecta
1474 614 1563 641 sunt.

871 662 1031 701 Gifanius,
1055 663 1064 678 ⁴
1083 660 1276 692 serescere.’

911 713 1000 743 PAG.
1017 714 1090 742 989.
1120 711 1190 742 Tull
1204 734 1213 742 .
1237 734 1244 741 .
1271 732 1278 741 .
1293 711 1456 751 dixerunt]
1476 712 1564 742 Scri-

868 764 929 795 be:
958 765 1076 795 Tullios
1101 764 1158 794 alia·
1184 764 1332 794 dia-erunt
1353 774 1416 795 esse
1437 765 1563 805 silanos,

868 814 923 845 alii
937 814 1030 844 rivos.
1053 813 1163 852 Idem,
1185 818 1192 830 ‘
1207 813 1364 843 Silanus.¹

912 866 1002 896 PAG.
1016 867 1089 895 904.
1117 864 1227 904 Tyria]
1253 865 1348 895 Hunc
1363 866 1495 896 serrium
1509 876 1562 897 au-

859 919 950 946 tem:
977 916 1064 955 lego,
1096 915 1174 945 hunc
1200 914 1341 951 ferreum
1369 918 1491 945 autem:
1530 916 1564 946 id

870 971 935 1003 est,
951 967 1036 995 huuc
1054 966 1219 995 hominem
1235 974 1404 1004 asperum,
1421 970 1455 996 et
1473 966 1565 1005 tangi

871 1017 1116 1057 periculosum:
1134 1021 1170 1046 ut
1185 1017 1289 1046 maria
1300 1016 1414 1056 Tyria.
1439 1016 1566 1057 Lipsius

873 1067 1036 1109 Epistolic.
1057 1068 1118 1103 Qu.
1133 1067 1222 1107 epist.
1240 1075 1301 1098 xx.

920 1271 1013 1319 ET
1068 1269 1202 1318 XX.

871 1409 1037 1448 convicio,
1054 1410 1102 1441 sic
1119 1409 1294 1450 legendam
1313 1409 1480 1446 arbitror3
1503 1416 1567 1438 non

871 1460 959 1490 enim
991 1470 1064 1491 eam
1096 1471 1280 1501 proponam
1312 1465 1349 1491 ut
1380 1458 1570 1500 perscripta

873 1514 998 1549 exstat,
1030 1510 1087 1541 sed
1120 1516 1157 1541 ut
1188 1510 1288 1541 scribi
1330 1510 1455 1541 debere
1486 1507 1570 1538 mihi

873 1560 1029 1591 videtur:
1057 1561 1120 1591 Cui
1147 1560 1353 1591 testimonium
1378 1559 1524 1597 desuerit,
1543 1557 1571 1587 is

873 1611 977 1641 tertiis
1002 1611 1108 1641 (liebus
1127 1611 1163 1641 ob
1186 1615 1311 1650 portum
1335 1610 1370 1641 ob
1397 1608 1571 1648 ragulatio·

872 1671 940 1691 nem
956 1661 998 1691 ito
1015 1661 1118 1692 tertiis
1132 1661 1237 1692 diebus
1250 1672 1258 1691 .·
1273 1658 1571 1700 valet‚perendz'nis‚

875 1717 910 1742 ut
927 1712 1052 1743 dicitur
1071 1712 1180 1742 tertiis
1202 1711 1416 1742 dinundinis:
1443 1710 1478 1740 ob
1499 1718 1571 1749 por-

874 1765 950 1801 tum,
975 1762 1016 1792 ad
1043 1762 1146 1798 aedes,
1172 1762 1213 1793 ob
1243 1761 1500 1801 vagulationem,
1528 1759 1570 1789 ad

876 1814 1101 1855 quiritantium
1120 1818 1155 1844 et
1173 1814 1362 1845 convicium
1380 1812 1504 1844 homini
1522 1811 1572 1842 fa-

876 1865 1043 1901 ciendum,
1061 1864 1116 1905 qui
1135 1864 1176 1894 ad
1204 1863 1431 1894 testimonium
1455 1861 1572 1892 diceu-

875 1916 954 1946 dum
987 1925 1050 1945 non
1083 1914 1232 1945 venerit:
1260 1914 1332 1944 llaec
1360 1913 1435 1943 ille:
1474 1911 1570 1952 hujus

878 1970 990 1995 autem
1022 1965 1104 2004 legis
1134 1973 1200 1995 ΧΠ.
1241 1964 1309 1995 tab.
1336 1963 1499 1994 veriorem
1537 1966 1573 1992 et

876 2017 976 2056 longe
994 2015 1236 2055 elegantiorem
1253 2013 1573 2054 interpretationem

878 2065 953 2096 vide
984 2065 1072 2105 apud
1106 2064 1323 2103 Raevardum,
1353 2064 1386 2094 in
1418 2062 1574 2102 Explica·

879 2116 970 2146 tione
989 2124 1056 2146 xn.
1075 2115 1146 2146 tab.
1161 2124 1237 2154 cap.
1254 2117 1307 2144 ll.

921 2166 1101 2198 PAG.993.
1125 2165 1243 2205 Vapula
1254 2162 1404 2205 Papiria]
1429 2163 1572 2194 Prover-

877 2217 969 2248 bium
999 2222 1052 2247 est
1082 2221 1190 2246 ortum
1223 2225 1242 2246 a
1266 2214 1408 2255 quadam
1440 2213 1575 2253 ancilla,

880 2278 954 2308 quae
979 2267 1139 2298 libertate
1156 2266 1281 2296 donata
1297 2275 1315 2295 a
1333 2263 1472 2303 Papiria
1494 2263 1576 2293 hera

879 2329 951 2357 sua,
963 2323 1138 2358 patronam
1152 2326 1227 2347 mox
1241 2314 1447 2354 contempsit
1460 2323 1498 2344 ac
1511 2323 1576 2343 1113.-

880 2369 1027 2400 numissa
1041 2372 1075 2398 et
1091 2367 1252 2397 libertate
1276 2364 1365 2395 freta
1383 2373 1457 2394 mox
1473 2363 1574 2393 bene-

880 2418 1033 2450 meritam
1043 2418 1176 2458 ingrate
1189 2419 1369 2455 aspernata
1378 2418 1427 2444 est
1437 2424 1443 2443 :
1455 2413 1577 2443 ancilla

880 2469 967 2499 enim
985 2468 1041 2498 illa
1054 2467 1214 2498 continuo
1228 2475 1263 2496 se
1278 2464 1435 2495 libertum
1451 2464 1574 2493 saluta-

882 2520 942 2554 vit,
959 2528 1034 2549 cum
1053 2523 1225 2558 patronam
1243 2516 1391 2545 salutare
1415 2514 1575 2543 deberet:

881 2570 957 2611 (qui
980 2569 1066 2600 enim
1094 2566 1283 2598 manumissi
1311 2567 1408 2594 erant
1424 2571 1500 2592 mox
1519 2571 1576 2601 pa-

882 2626 992 2659 trono,
1003 2619 1104 2650 Salve
1121 2622 1275 2658 patrone,
1288 2611 1505 2652 dicebant)et
1521 2621 1578 2651 pa-

883 2676 992 2702 tronae
1010 2669 1097 2699 dixit
1112 2677 1173 2708 per
1196 2670 1439 2704 contemptum,
1461 2662 1577 2701 Vapula

887 2722 1028 2763 Papiria.
1074 2719 1190 2753 Plauti
1210 2715 1313 2748 verba
1339 2718 1437 2747 sunt:
1463 2713 1471 2728 ‘
1492 2712 1576 2744 Ideo
