1876 3025
322 180 384 210 ns
417 178 688 210 VERBORUM
723 176 1133 208 siemricA'rmNE
1168 176 1262 206 Lis.
1295 176 1402 206 x1v.
1511 167 1594 207 661

151 274 343 330 Propius
363 275 576 315 sobrinom
610 274 716 314 mihi
737 277 806 315 est
827 273 1078 315 consobrini
1111 272 1196 313 mei
1218 271 1351 320 filius,
1377 273 1420 311 et
1443 283 1595 312 conso-

204 344 341 384 brinae
361 356 472 384 meae
492 342 635 392 filia,¹0
667 347 712 383 et
742 341 880 396 patris
916 340 1002 382 mei
1034 339 1342 390 consobrinus,
1365 342 1410 379 ct
1441 339 1593 379 matris

205 424 318 452 meae
340 410 639 453 consobrinus.

150 478 344 533 Propius
367 479 540 520 sobrino
562 478 668 518 mihi
690 482 758 519 est
780 476 1029 519 consobrini
1055 476 1144 517 mei
1172 474 1303 524 filius,
1332 478 1378 514 et
1416 473 1594 523 [PAUL.

205 548 343 600 patris
365 547 451 588 mei
474 547 774 588 consobrinus.

149 613 430 667 Propriassit,
452 615 678 668 proprium
699 614 869 655 fecerit.

149 682 337 736 Propter
358 683 503 724 viamn
521 682 569 722 fit
584 682 862 731 sacrificium,
882 681 997 735 quod
1015 685 1082 721 est
1098 677 1408 733 proficiscendi
1429 677 1592 731 [FEST.

206 752 356 804 gratia,
380 751 576 800 Herculi,
599 754 674 792 aut
694 750 891 799 Sanco,¹¹
911 750 986 803 qui
1014 748 1184 790 scilicet
1203 747 1317 788 idem
1341 752 1410 787 est
1429 745 1565 787 Deus„

742 868 859 880 ,1οΜ
862 868 982 881 cccccc

192 951 231 980 10
254 947 306 980 Id.
324 947 404 978 ibid.
418 947 604 988 filius—ll
629 945 681 977 Id.
698 944 780 976 ibid.
798 945 914 984 Sango.

794 1047 938 1080 NOTAE

146 1127 194 1158 sic
212 1126 301 1166 apud
317 1125 469 1158 Gentiles
497 1125 579 1156 dicti
605 1124 776 1155 antistites
792 1122 840 1154 fa-

145 1187 262 1208 norum
287 1181 322 1207 et
345 1177 553 1208 oraculorum
571 1176 790 1216 interpretes,
806 1178 842 1204 et

145 1228 318 1269 praecipue
349 1226 545 1258 sacerdotes
583 1225 733 1266 AEgyptii
766 1225 841 1255 Ma-

146 1279 240 1310 crob.
271 1278 331 1309 lib.
359 1287 424 1309 vn.
447 1278 516 1308 Sat.
546 1287 621 1318 cap.
647 1279 697 1308 13.
720 1275 841 1307 ‘Adeo

145 1339 273 1368 verum,
290 1329 337 1360 ita
353 1333 391 1359 ut
404 1328 488 1359 dicis
502 1327 681 1368 AEgyptios
698 1327 842 1367 opinari,

144 1385 182 1411 ut
209 1390 270 1421 ego
293 1379 486 1411 sacerdotes
513 1389 639 1419 eorum,
658 1388 741 1419 quos
767 1388 843 1417 pro-

144 1432 263 1471 phetas
281 1435 416 1469 vocant,
440 1440 514 1461 curn
541 1430 574 1460 in
596 1430 724 1469 templo
742 1429 842 1459 vidis-

145 1481 239 1512 sem.'
284 1480 384 1511 Unde
401 1485 435 1511 et
448 1479 631 1511 Antinoum
649 1480 681 1510 in
698 1480 839 1511 Antino-

141 1532 210 1572 poli
228 1531 363 1572 AEgypti
380 1531 463 1562 urbe
484 1531 665 1571 prophetas
681 1530 839 1561 habuisse

141 1583 296 1623 legimus,
326 1582 396 1621 ubi,
428 1582 602 1622 prophetae
633 1581 714 1612 nihil
748 1580 839 1612 aliud

141 1638 216 1664 sunt
232 1643 331 1674 quam
348 1632 565 1670 sacerdotes;
591 1636 628 1663 ut
645 1631 718 1662 vice
742 1641 839 1662 versa

141 1684 175 1715 in
190 1685 248 1715 illo
260 1684 395 1724 Virgilii
408 1693 454 1715 vr.
472 1682 604 1714 AEneid.
617 1682 658 1713 de
675 1682 836 1722 Orpheo:

140 1739 149 1751 ¹
168 1734 310 1765 Necnon
328 1733 501 1764 'Phreicius
522 1733 622 1772 longa
644 1742 719 1762 cum
744 1739 839 1762 veste

140 1782 322 1815 sacerdos.’
367 1782 543 1820 Sacerdos,
566 1782 600 1812 id
618 1781 838 1821 est,proplle-

141 1838 189 1868 ta,
214 1832 270 1873 qui
297 1837 332 1863 et
355 1832 428 1873 ipse
454 1832 534 1862 nihil
556 1832 646 1863 aliud
664 1836 716 1863 est
739 1841 838 1873 quam

140 1883 254 1924 poeta.
278 1883 360 1914 Duc.

197 1938 220 1953 ¹¹¹
253 1933 386 1973 Propius
431 1930 569 1971 sobrino]
613 1931 838 1972 Frequentior

139 1993 217 2015 usus
238 1983 553 2024 jurisconsultorum
571 1982 677 2022 patris
698 1982 750 2013 vel
767 1992 837 2013 ma·

139 2035 198 2066 tris
215 2034 450 2066 consobrinum
472 2034 519 2064 ita
539 2033 702 2074 appellat.
746 2033 837 2064 Vide

140 2085 270 2124 Caium,
285 2089 319 2115 et
336 2084 478 2115 Paulum
494 2084 552 2115 lib.
571 2091 736 2114 xxxvnr.
774 2083 836 2114 Di-

138 2140 226 2176 gest.
244 2137 297 2167 tit.
314 2135 355 2166 de
372 2135 544 2175 gradibus.
568 2135 645 2165 Ant.
664 2135 749 2172 Aug.

180 2186 315 2226 Propius
336 2184 473 2225 sobrino]
511 2185 613 2216 Caius
641 2184 699 2215 lib.
728 2194 752 2216 1.
790 2184 834 2216 D.

137 2238 179 2269 de
197 2237 293 2278 grad.
317 2242 352 2268 et
377 2236 479 2268 adfiu.
501 2238 511 2254 ⁴
526 2236 672 2277 Propior
687 2236 835 2276 sobrino,

136 2288 276 2329 propior
301 2287 435 2318 sobrina
459 2292 549 2328 sunt,
575 2288 688 2328 patrui
712 2289 836 2329 magni,

137 2339 248 2370 amitae
275 2348 419 2378 magnae,
443 2338 599 2369 avunculi
625 2338 749 2378 magni,
767 2348 833 2368 rna-

137 2394 276 2421 terterae
308 2399 437 2429 magnae
463 2388 549 2419 filius
568 2387 661 2419 filia.’
707 2389 832 2420 Paulus

135 2439 196 2471 lib.
224 2449 260 2471 x.
289 2439 357 2478 §9.
394 2440 438 2470 D.
467 2439 508 2470 de
532 2438 626 2479 grad.
648 2438 830 2470 ‘Personae

137 2500 219 2531 quas
242 2491 508 2521 enumeravimus
537 2500 556 2521 a
581 2490 692 2530 patrui
720 2490 832 2530 magni

135 2539 266 2578 filio,ei‚
280 2539 321 2570 de
337 2540 429 2580 cujus
446 2540 645 2581 cognatione
658 2541 830 2581 quaeritur,

135 2589 276 2630 propius
292 2589 432 2620 sobrinis
455 2596 628 2621 vocantur.
668 2591 769 2629 Nam,
793 2597 830 2622 ut

135 2640 319 2671 Massurius
350 2640 410 2679 ait,
439 2650 537 2680 quein
571 2642 645 2682 quis
680 2642 830 2682 appellat

136 2691 328 2732 propiorem
347 2690 493 2726 sobrino,
506 2691 560 2732 qui
574 2695 624 2721 est
641 2692 745 2731 patris
762 2702 827 2723 nia-

137 2740 238 2772 trisve
269 2739 493 2771 consobrinus
522 2746 578 2770 aut
613 2741 828 2781 consobrina,

897 1124 938 1155 ab
955 1133 995 1154 eo
1012 1122 1205 1154 consobrini
1229 1122 1487 1154 consobrinaeve
1502 1121 1590 1153 filius

895 1174 965 1205 filia
997 1173 1210 1206 nominatur-²
1255 1174 1343 1205 Item
1370 1173 1469 1214 paulo
1493 1179 1590 1213 post:

897 1226 906 1241 ‘
918 1226 980 1257 His
994 1227 1160 1261 omnibus,
1177 1225 1264 1266 quod
1284 1235 1302 1255 a
1314 1230 1448 1265 patruni
1466 1228 1592 1264 nepote

896 1277 1143 1318 proposuimus,
1160 1276 1200 1317 is,
1215 1277 1257 1307 de
1272 1276 1324 1316 cuj
1333 1286 1368 1306 us
1385 1276 1591 1316 cognatione

895 1327 1069 1367 quaeritur,
1094 1326 1231 1367 propius
1254 1325 1392 1357 sobrino
1416 1329 1489 1356 est:
1516 1334 1592 1355 narn

895 1377 1000 1416 patris
1027 1377 1081 1407 vel
1103 1376 1220 1408 matris
1237 1385 1353 1407 eorum
1369 1375 1592 1407 consobrinus

894 1426 972 1459 est.²
995 1428 1076 1459 Duc.

935 1484 949 1498 ¹¹
975 1479 1106 1518 Propter
1116 1478 1214 1518 viam]
1231 1477 1407 1508 Videndus
1421 1477 1514 1508 locus
1528 1477 1592 1509 Ca-

893 1530 982 1562 tonis
1006 1530 1095 1570 apud
1113 1528 1268 1560 Macrob.
1286 1528 1345 1560 lib.
1361 1537 1416 1558 111.
1453 1527 1590 1558 Saturn.

893 1581 934 1612 de
959 1591 1010 1621 eo,
1033 1581 1091 1622 qui
1117 1581 1205 1612 bona
1231 1589 1289 1610 sua
1313 1577 1528 1617 comedisset,
1556 1582 1593 1609 et

892 1632 1040 1671 domum,
1055 1642 1130 1673 quae
1143 1630 1206 1662 sibi
1224 1631 1357 1671 reliqua
1373 1633 1460 1669 erat,
1477 1629 1592 1660 incen-

891 1682 947 1713 dio
975 1682 1159 1712 amisisset:
1185 1681 1286 1710 ‘euin
1312 1679 1401 1710 enim
1432 1683 1591 1719 propter-

891 1733 978 1763 viam
1004 1732 1128 1763 fecisse
1158 1729 1320 1761 dicebat!
1362 1729 1402 1760 In
1432 1739 1473 1760 eo
1500 1729 1591 1760 enim

891 1783 1057 1814 sacrificio
1074 1791 1144 1812 mos
1161 1780 1238 1818 fuit,
1254 1785 1291 1810 ut
1309 1779 1334 1810 si
1350 1779 1430 1819 quid
1448 1789 1488 1809 ex
1506 1789 1589 1820 epu.

889 1833 928 1864 lis
955 1831 1193 1873 superfuisset,
1216 1830 1293 1869 igne
1319 1834 1590 1861 consumeretur.

889 1883 956 1914 Sed
988 1883 1056 1912 illic
1086 1891 1105 1912 a
1131 1879 1309 1911 Macrobio
1337 1879 1508 1919 protervia
1529 1889 1589 1920 ap-

889 1934 1048 1974 pellatur.
1071 1931 1128 1962 Sic
1143 1930 1306 1961 Laberius
1318 1929 1406 1969 apud
1423 1929 1589 1960 Nonium:

889 1985 897 2000 ‘
912 1984 1013 2013 Visus
1030 1991 1068 2013 ac
1084 1985 1183 2012 nocte
1196 1979 1343 2010 bidentis
1357 1980 1588 2020 propterviam

888 2032 1026 2065 facere-¹
1049 2033 1126 2065 Ant.
1139 2031 1224 2070 Aug.

932 2085 1067 2124 Propter
1092 2082 1189 2122 viam]
1213 2082 1266 2112 De
1295 2081 1358 2112 lioc
1383 2080 1465 2111 satis
1494 2081 1587 2112 alibi.

887 2136 1011 2167 Fiebat
1035 2138 1147 2164 autem
1179 2132 1343 2164 Herculi:
1373 2131 1462 2172 apud
1490 2132 1588 2172 cujus

886 2197 976 2218 aram
994 2185 1116 2223 omnia,
1133 2193 1208 2225 quae
1234 2182 1514 2224 profanabantur,
1531 2183 1587 2214 ab·

887 2237 972 2269 sumi
989 2245 1127 2268 necesse
1147 2239 1231 2268 erat,
1250 2239 1286 2264 ut
1303 2243 1406 2274 supra
1422 2234 1455 2264 in
1479 2234 1487 2250 ‘
1503 2234 1587 2265 Por-

886 2289 993 2320 ricere
1008 2287 1015 2300 ’
1041 2287 1197 2318 vidimus.
1230 2286 1317 2316 Nam
1336 2284 1512 2316 ridiculum
1529 2295 1589 2325 pu.

887 2344 959 2370 tare
983 2339 1016 2369 in
1041 2336 1210 2369 sacrificio
1233 2340 1376 2376 propter
1399 2335 1485 2365 viam
1513 2341 1587 2366 tan-

887 2394 958 2420 tum
989 2388 1022 2419 id
1053 2387 1152 2426 fieri;
1176 2396 1251 2417 cum
1280 2386 1415 2426 epulum
1443 2390 1587 2426 propter

888 2440 974 2471 viani
998 2437 1200 2480 profanetur
1223 2436 1378 2476 Herculi,
1403 2440 1438 2467 et
1463 2437 1592 2476 omnia,

887 2499 1108 2532 quaecumque
1135 2487 1279 2519 Herculi
1301 2486 1584 2528 profanabantur,

886 2540 1036 2583 consumi
1062 2548 1201 2570 necesse
1229 2542 1314 2568 erat.
1358 2537 1445 2568 Vide
1459 2537 1583 2568 Varro-

886 2591 935 2622 nis
952 2590 1066 2629 verba,
1090 2599 1164 2630 quae
1187 2589 1334 2628 suprain
1359 2588 1368 2604 ‘
1384 2586 1585 2618 Porricere’

886 2641 1098 2673 adduximus.
1122 2639 1286 2672 Jos.Scal.

930 2693 1061 2731 Propter
1087 2690 1184 2729 riam]
1218 2690 1368 2727 Peregre
1397 2685 1581 2727 profecturi

885 2743 1027 2774 Herculi
1052 2739 1289 2772 sacrificabant
1312 2738 1343 2769 in
1372 2738 1483 2769 culina
1504 2747 1578 2780 quar:
