1876 3025
241 116 326 159 808

670 127 820 159 SEXTI
856 128 1058 158 POMPElI
1094 128 1231 159 PESTI

301 223 528 264 crensibus
563 224 819 277 navigantes
855 223 1116 264 societatem
1152 221 1334 264 fecerint
1365 222 1463 276 ejus
1495 222 1683 276 regionis

295 290 460 341 Italiae,
478 304 612 345 quam
633 290 774 331 dicunt
796 290 848 330 ab
868 290 937 330 eis.

241 356 454 399 Salentini
476 372 503 400 a
519 359 613 400 salo
635 364 734 399 sunt
751 358 977 412 appellati.

1506 357 1683 410 [PAUL.

240 424 385 467 Salias
402 423 614 479 virginesi
646 425 826 466 Cincius
847 426 910 466 ait
934 438 1033 466 esse
1055 425 1370 476 conducticias,
1393 438 1494 478 quae
1518 425 1684 478 [FEs'r.

298 493 355 534 ad
396 493 546 534 Salios
583 493 871 533 adhibeantur
911 506 1011 533 cum
1049 491 1251 546 apicibus
1288 494 1526 547 paludatae,
1569 505 1682 546 quas

295 560 442 600 AElius
465 560 577 600 Stilo
599 550 778 612 scripsit
799 560 1061 601 sacrificium
1083 560 1223 601 facere
1243 561 1286 600 in
1307 561 1426 613 regia
1448 574 1546 603 cum
1567 561 1685 602 Pon·

295 627 412 668 tifice
433 627 673 680 paludatas
696 641 794 668 cum
816 629 1021 681 apicibus
1040 629 1080 668 in
1102 629 1277 669 modum
1299 628 1523 669 saliorum.

238 692 457 735 Salicemk
486 695 631 735 idem³
673 695 846 748 virgulti
876 709 1026 748 genus,
1046 709 1133 736 non
1163 696 1329 737 arboris
1362 696 1483 745 dicit,
1507 701 1552 737 et
1581 695 1683 737 ridi-

296 762 393 802 cule
413 762 719 816 interpretatur
741 763 919 813 dictam,
939 763 1055 817 quod
1077 777 1131 804 ea
1163 764 1387 805 celeritate
1419 767 1604 814 crescat,
1633 769 1682 805 ut

294 829 427 870 salire
456 830 665 872 videatur.

237 897 434 938 Salinum
456 898 500 938 in
532 911 683 939 mensa
702 897 709 920 ¹
745 912 824 952 pro
847 899 993 953 aquali
1014 899 1191 941 solitum
1213 913 1309 941 esse
1335 900 1438 953 poni
1459 900 1547 942 ait4
1579 913 1679 942 cum

835 1019 953 1032 ἀἀἀἀἀ

958 1016 1071 1032 ‘erebo

277 1108 296 1136 3
321 1105 383 1136 Vir
408 1104 498 1137 doct.
520 1105 552 1136 in
579 1115 683 1147 marg.
704 1106 758 1139 ed.
783 1108 868 1139 Scal.
897 1108 1099 1141 Verrius—4
1123 1109 1175 1141 Id.
1201 1109 1283 1142 ibid.
1305 1110 1350 1141 ait
1372 1110 1507 1142 Verrius.

887 1241 1026 1272 NOTAE

232 1321 378 1353 lentinos
406 1322 526 1362 dictos,
554 1328 588 1355 et
620 1329 740 1364 postea
763 1325 928 1357 societate

231 1372 324 1404 facta
358 1383 433 1405 cum
470 1375 705 1416 Locrensibus,
734 1377 843 1407 Italiae
870 1387 928 1417 ap-

232 1425 360 1464 pulsos,
392 1426 468 1457 inde
496 1427 668 1466 regionem
700 1428 843 1469 aliquam
870 1438 929 1458 suo

231 1475 365 1506 nomine
401 1476 538 1512 dixisse,
573 1487 693 1518 nempe
737 1479 929 1509 Salentiuos

232 1536 383 1567 campos,
397 1529 461 1559 ἃς.
501 1529 624 1559 Verum
636 1535 687 1560 est
703 1530 833 1561 Ducem
849 1531 928 1561 Cre-

231 1578 376 1607 tensium
406 1577 622 1609 Idouieneum
643 1590 703 1619 per
727 1581 929 1611 seditionem

231 1628 363 1668 pulsum
381 1629 422 1659 ad
442 1639 553 1668 regem
577 1629 767 1670 Illyriorum
785 1632 928 1673 venisse,

230 1690 249 1711 a
266 1691 332 1721 quo
353 1681 504 1722 acceptis
531 1683 655 1723 copiiS,
680 1694 755 1714 cum
784 1685 929 1715 Locren-

229 1732 320 1762 sibus
345 1733 517 1773 plerisque
542 1732 694 1774 profugis
718 1735 930 1775 conjunctus,

231 1788 267 1814 et
291 1784 441 1814 amicitia
469 1794 530 1823 per
556 1785 699 1816 similem
725 1795 859 1816 causam
878 1796 929 1817 so-

230 1833 348 1872 ciatim,
372 1834 496 1864 Locros
515 1835 665 1874 appulit,
689 1835 744 1865 ubi
767 1837 863 1866 Locri
882 1837 929 1867 illi

230 1883 340 1915 Itatiae
360 1895 377 1914 a
396 1884 562 1924 prioribus
583 1886 699 1916 Locris
721 1887 834 1916 Ozolis
859 1887 929 1918 sive

231 1934 397 1973 Opuntiis
426 1934 599 1965 Idomenei
621 1936 809 1967 Comitibus
831 1937 927 1968 dicti.

229 1985 425 2015 Marcianus
444 1986 668 2016 Heracleota:
694 1986 779 2016 Εἰσὶν
801 1988 825 2017 δ’
842 1987 929 2018 ἄποι-

233 2047 282 2066 κοι
296 2037 356 2066 τῶν
376 2035 549 2066 Ὀπυντίων
565 2039 697 2076 Λοκρῶν,
713 2038 801 2069 Ἐνίοι
824 2038 855 2069 δὲ
873 2044 927 2070 Λο-

229 2089 308 2126 κρῶν
317 2086 393 2126 φασὶ
408 2088 472 2117 τῶν
484 2088 516 2117 ἐν
528 2086 685 2125 Ὀζολαΐς.
711 2090 718 2106 ‘
736 2090 823 2121 Sunt
840 2090 928 2121 enini

229 2139 340 2169 coloni
370 2138 598 2178 Opuntiorum
631 2139 927 2178 Locrorum,Qui·

228 2189 306 2219 dam
324 2189 441 2219 dicunt
460 2189 640 2219 Locrorum
659 2190 865 2222 Ozolaruni.’
898 2192 927 2222 A

228 2239 346 2271 Locris
368 2241 401 2270 in
421 2239 597 2278 Iapygiam
623 2239 773 2279 devenit,
790 2241 844 2271 ubi
871 2242 928 2271 Sa-

226 2289 362 2330 lentini,
389 2290 478 2320 unde
508 2290 628 2320 Strabo
657 2290 714 2321 lib.
733 2300 781 2322 νι.
809 2290 881 2323 τοὺς
896 2291 927 2322 δὲ

227 2339 432 2372 Σαλεντῖνους
444 2342 570 2380 Κρητῶν
580 2339 722 2372 ἀποίκους
731 2341 837 2380 φασίν.
855 2347 862 2359 ¹
871 2343 928 2373 Sa-

226 2391 372 2421 lentiuos
389 2391 604 2421 Cretensium
632 2392 766 2422 colonos
783 2403 855 2423 csse
879 2394 926 2423 ‹li-

227 2441 328 2473 cunt!
372 2442 560 2481 Utrumque
581 2441 627 2471 sic
652 2442 769 2482 Vir-gil.
793 2443 850 2474 lib.
870 2453 925 2475 ιιι.

227 2491 358 2523 AEueid.
383 2493 392 2509 ‘
413 2491 480 2522 Hic
512 2497 547 2522 et
584 2493 709 2523 Naritii
741 2500 925 2532 posueruut

225 2543 349 2573 muenia
377 2541 489 2581 Locri,
507 2541 551 2571 Et
577 2542 769 2574 Salentinos
792 2543 924 2575 obsedit

226 2593 334 2623 milite
364 2602 500 2633 campos
529 2592 667 2633 Lyctius
697 2593 924 2626 idomeneus!

223 2644 290 2674 Seu
309 2644 350 2674 de
365 2642 617 2675 Salentinorum
633 2644 763 2676 nomine
779 2645 922 2687 amplius

225 2693 457 2735 quaerendum.
479 2694 575 2725 Idem.

1024 1326 1030 1346 ⁵
1054 1327 1159 1358 Salias
1178 1327 1333 1367 virgines]
1358 1327 1471 1359 Nullae
1498 1330 1597 1358 erant
1619 1326 1679 1358 Sa-

982 1377 1033 1407 liae
1054 1378 1212 1417 virgines,
1226 1378 1284 1408 sed
1301 1378 1327 1408 si
1344 1378 1477 1418 quaudo
1489 1387 1572 1417 opus
1589 1382 1679 1409 esset
1730 1420 1733 1422 q

982 1427 1128 1467 virgines
1158 1428 1325 1459 Saliorum
1355 1429 1461 1459 sacris
1492 1428 1679 1464 admoveri,

981 1482 1052 1508 tum
1067 1478 1132 1509 illae
1150 1479 1352 1510 dicebantur
1365 1480 1474 1515 Saliae,
1487 1479 1565 1510 dum
1581 1480 1680 1510 Saliis

982 1534 1106 1568 praesto
1118 1535 1236 1560 erant:
1262 1529 1302 1560 de
1319 1534 1327 1547 ‘
1339 1530 1493 1571 apicibus
1506 1530 1513 1543 '
1529 1540 1588 1561 suo
1603 1531 1679 1562 loco

981 1580 1119 1610 (lictum.
1143 1580 1240 1611 Idem.

1024 1632 1037 1650 Κ
1060 1630 1208 1670 Salicem]
1234 1631 1331 1672 Idem,
1347 1630 1389 1662 de
1407 1631 1541 1672 Verrio,
1558 1632 1677 1672 utjam

983 1690 1082 1721 saepe.
1127 1681 1218 1712 Salix
1236 1686 1348 1712 autem
1366 1692 1385 1712 a
1401 1683 1564 1722 saliendo,
1587 1682 1677 1723 quod

983 1736 1016 1761 et
1033 1731 1152 1762 Servio
1170 1732 1346 1772 probatur,
1369 1733 1485 1773 Eclog.
1503 1742 1524 1764 ι.
1547 1734 1556 1749 ‘
1573 1733 1676 1764 Salic-

982 1783 1032 1823 ti,'
1050 1784 1171 1824 iuquit,
1189 1786 1197 1799 ⁶
1212 1784 1349 1823 virgulti
1366 1785 1620 1823 genus,dictum
1638 1795 1678 1816 eo

983 1833 1069 1874 quod
1088 1835 1164 1864 salit
1183 1844 1221 1864 ac
1244 1835 1350 1874 surgit
1371 1834 1465 1866 cito.⁷
1510 1835 1598 1866 Illud
1617 1835 1677 1866 im-

983 1885 1103 1925 probat
1128 1892 1240 1916 tamen
1265 1887 1397 1924 Festus,
1411 1896 1522 1928 neque
1544 1887 1678 1927 injuria,

981 1935 1107 1974 quippe
1131 1936 1187 1975 qui
1211 1936 1337 1965 sentiat
1359 1936 1495 1967 salicem
1519 1947 1536 1967 a
1553 1938 1676 1968 Graeco

982 1985 1061 2023 dici,
1091 1979 1212 2025 nempe
1242 1986 1282 2016 ab
1313 1986 1413 2025 ἑλικὴ,
1445 1992 1479 2018 at
1510 1988 1606 2018 Elice
1634 1988 1675 2017 ab

981 2035 1167 2070 ἑλίσσεσθαι,
1185 2034 1363 2076 πλέκεσθαι,
1376 2037 1463 2077 quod
1491 2037 1534 2068 sit
1550 2036 1677 2068 flexibi-

981 2087 1034 2123 lis,
1052 2087 1187 2117 tortilis.
1235 2087 1326 2117 Nihil
1343 2087 1479 2118 certius.
1506 2088 1604 2118 Idem.

1021 2137 1027 2157 ¹
1054 2138 1196 2168 Saliuum
1224 2138 1257 2167 z'n
1290 2136 1409 2176 mensu]
1433 2137 1522 2170 Quia
1549 2138 1676 2169 Saliuo-

981 2197 1052 2217 rum
1077 2187 1289 2227 impositione
1313 2197 1418 2218 sacrae
1441 2187 1567 2218 tiebaut
1584 2198 1676 2219 nien-

981 2248 1038 2269 sae.
1063 2237 1192 2268 Arnob.
1206 2238 1262 2269 lib.
1274 2247 1296 2268 1.
1311 2238 1318 2254 ‘
1332 2238 1452 2268 sacras
1462 2237 1573 2269 facitis
1585 2248 1675 2269 men-

981 2298 1030 2318 sus
1056 2288 1236 2318 salinorum
1260 2288 1417 2328 appositu
1439 2292 1472 2318 et
1487 2288 1674 2318 simulacris

982 2337 1154 2368 Deorum)
1196 2337 1284 2368 Vide
1309 2338 1340 2367 in
1357 2337 1518 2368 ‘mensa.'
1563 2339 1608 2369 Et
1625 2338 1674 2369 in-

979 2389 1021 2420 de
1046 2394 1097 2420 est
1124 2399 1185 2419 cur
1207 2389 1299 2428 figuli
1324 2389 1473 2419 Salinum
1500 2389 1531 2419 in
1559 2399 1675 2421 mensa

980 2450 1105 2480 ponere
1124 2441 1222 2470 veriti
1239 2440 1318 2478 siut,
1336 2449 1377 2470 ne
1392 2440 1522 2471 scilicet
1538 2441 1675 2481 iteruin,

978 2491 1026 2521 uti
1043 2490 1144 2521 semel
1158 2488 1284 2520 factum
1297 2495 1361 2529 est,
1375 2500 1448 2520 cum
1464 2495 1671 2530 praetereun-

979 2542 1021 2571 tis
1053 2540 1225 2580 cujusdam
1258 2540 1445 2579 petulantia
1485 2541 1625 2570 salinum
1654 2550 1673 2570 e

977 2600 1092 2621 mensa
1113 2589 1204 2629 figuli
1230 2589 1262 2619 iu
1286 2589 1455 2622 fornacem
1479 2593 1672 2632 conjectum

979 2640 1054 2680 fuit,
1087 2641 1213 2680 polluta
1241 2641 1413 2681 religione,
1442 2641 1541 2672 simili
1573 2651 1671 2682 poeua

977 2693 1137 2726 incuriam
1150 2694 1294 2725 luerent.
1319 2693 1416 2726 Idem.
