1876 3025
286 143 398 186 1006

737 151 884 183 SEXTI
920 150 1121 181 POMPEII
1158 151 1295 181 FEST!

340 250 423 290 bus
451 246 643 289 officium
677 249 841 299 gerunt,
873 257 960 285 non
992 258 1019 285 a
1043 245 1220 287 minutis
1241 246 1328 287 illis
1351 245 1621 295 volucribus,
1652 245 1729 286 sed

342 317 450 370 quia
470 315 717 368 vespertino
739 318 930 366 tempore
951 325 1029 353 eos
1052 312 1248 363 efferunt,
1280 314 1355 366 qui
1377 313 1547 354 funebri
1567 325 1735 366 pompa

344 384 446 425 duci
482 387 664 437 propter
698 380 892 433 inopiam
921 384 1170 433 nequeunt:
1201 380 1271 421 hiz
1302 381 1434 421 etiam
1454 380 1734 433 vespilones³

341 454 563 492 vocantur.
608 447 878 504 (Martialisz
904 445 995 496 Qui
1015 447 1155 488 fuerat
1174 448 1386 498 medicus,
1405 461 1518 488 nunc
1540 450 1606 488 est
1622 445 1739 488 Ves-

342 519 433 572 pilo
456 514 684 570 Diaulus.)

286 585 544 639 Vesperna³
575 584 696 638 apud
717 583 928 624 Plautum
951 593 1078 622 coena
1099 581 1368 634 intelligitur.

286 650 583 707 Vesperugo,b
612 663 770 703 vesper
792 648 932 690 stella.

343 720 534 773 vergiliae
557 718 776 759 occidunt.

993 648 1208 690 Plautus:
1241 648 1340 690 Nec
1373 661 1629 703 vesperugo,
1660 660 1739 688 nec

287 786 508 840 Vespices
522 792 536 808 ⁰
565 785 728 826 fruteta
748 784 886 825 densa
908 782 1029 824 dicta
1050 795 1076 823 a
1098 783 1387 823 similitudine
1409 783 1567 823 vestiS.

286 854 525 907 vesticeps
551 850 696 907 puer,d
728 852 804 905 qui
831 850 923 904 jam
945 849 1129 890 vestitus
1151 854 1221 891 est
1247 851 1510 903 pubertate:
1543 862 1567 890 e
1588 851 1743 891 contra

343 921 543 972 investis,
576 921 652 975 qui
671 919 859 961 necdum
883 918 1116 971 pubertate
1138 918 1328 969 vestitus
1347 923 1427 959 est.

895 1035 1013 1048 eeeeee

1019 1036 1138 1048 eeeeee

331 1133 349 1160 3
375 1129 455 1160 Vet.
473 1128 529 1159 lib.
546 1128 689 1168 vespuloe.
733 1125 822 1156 Vide
840 1125 949 1157 Notas
966 1124 1067 1156 iufra.

945 1230 1085 1262 NOTAE

289 1301 398 1332 fertur
414 1298 598 1336 Martialis,
619 1306 718 1337 quem
744 1306 810 1328 non
831 1296 897 1327 alio
913 1297 991 1327 loco

290 1350 537 1388 nominaverat,
560 1353 595 1379 et
618 1348 723 1378 Festo
748 1346 825 1387 fuit,
847 1352 884 1377 ut
901 1346 991 1377 arbi-

290 1407 373 1439 tror,
390 1399 567 1440 posterior.
592 1399 669 1428 Ant.
682 1398 767 1436 Aug.

340 1451 461 1491 lr'espoe]
496 1450 626 1481 Finalia
641 1449 712 1489 illa,
740 1449 789 1479 Hi
804 1448 897 1479 etiam
919 1447 992 1479 Ves-

284 1503 416 1543 pilones,
441 1503 494 1541 ὅγε.
521 1500 631 1530 omnia
657 1499 698 1530 ab
722 1500 838 1539 inepto
858 1497 992 1529 mutila·

290 1559 366 1585 tore
383 1553 448 1583 huc
466 1556 579 1582 assuta
596 1555 683 1581 sunt.
707 1551 777 1580 Jos.
796 1549 880 1580 Scul-

338 1604 458 1644 Vespoe,
473 1606 503 1633 et
519 1601 714 1641 vespiliones]
733 1601 864 1631 Glossae
882 1598 992 1630 Isido-

291 1655 338 1685 ri:
370 1660 376 1671 ‘
392 1654 609 1694 vespillones,
626 1651 758 1682 fossarii
770 1651 826 1692 qui
844 1653 993 1680 mortuos

290 1705 472 1745 sepeliunt,
492 1700 616 1744 bajuli.'
663 1703 789 1742 Vespa,
805 1700 960 1740 vespilio,
975 1709 994 1730 a

292 1764 446 1795 vespere.
458 1754 618 1784 Mnaseas
635 1752 773 1793 scripsit
788 1752 820 1783 in
838 1751 995 1790 Cecrope

292 1805 392 1843 libro,
405 1804 447 1835 ‘A
456 1804 629 1845 pollinem,
643 1808 864 1843 posteaquam
878 1810 896 1831 a
907 1800 994 1832 Jove

292 1857 424 1887 vinctus
442 1860 545 1896 atque
571 1852 775 1884 interfectus
794 1856 861 1889 est,
878 1861 896 1882 a
913 1851 995 1881 Ves-

291 1907 473 1947 pillonibus
486 1905 526 1936 ad
539 1905 750 1946 sepulturam
759 1903 884 1934 elatum
899 1900 997 1933 esse.’

292 1958 373 1988 Duc.

335 2013 347 2027 ²
374 2007 434 2047 Hi]
472 2006 559 2037 Haec
589 2004 705 2036 finalia
734 2004 825 2035 unde
851 2007 929 2034 sunt
961 2002 995 2032 iu

291 2055 405 2087 frome
437 2061 603 2095 pro-ntum
630 2059 763 2095 gerunt.
801 2053 829 2084 A
849 2053 995 2084 barbaro

292 2108 487 2139 mutilatore
503 2106 650 2146 scilicet,
667 2105 721 2135 vel
737 2104 777 2135 ab
795 2104 860 2134 alio
877 2102 995 2144 quovis

292 2158 358 2189 huc
375 2161 501 2195 assuta,
518 2161 553 2187 ut
570 2156 689 2187 volunt
707 2155 768 2185 viri
786 2154 890 2185 docti.
928 2152 996 2184 Sed

292 2207 429 2239 frustra.
474 2208 563 2238 Nam
582 2205 727 2236 delenda
741 2209 873 2235 tantum
889 2203 922 2234 hi
938 2203 997 2234 eti-

292 2269 342 2289 am
368 2258 536 2298 vespilones
559 2260 719 2287 vocantur.
766 2255 854 2286 Nam
878 2258 997 2284 cetera

293 2313 373 2340 sunt
404 2308 512 2346 Festi,
544 2307 601 2347 qui
631 2305 828 2336 Martialem
858 2303 996 2334 laudare

294 2359 420 2399 potuit,
437 2363 525 2389 utet
543 2357 630 2388 iufra
648 2357 789 2388 Canium
805 2355 923 2386 laudat
940 2354 996 2395 qui

294 2409 446 2441 Martiali
470 2413 774 2448 contemporaneus
799 2405 875 2436 fuit.
919 2404 996 2440 Illa,

293 2459 327 2489 Ιιὶ
342 2459 438 2490 etiam
454 2458 622 2498 vespilones
635 2460 797 2495 vocantur,
811 2455 852 2486 ab
870 2454 998 2486 studio-

296 2519 333 2539 so
355 2509 465 2549 aliquo
482 2508 523 2538 ad
543 2517 659 2539 vocem
685 2506 841 2545 Medicus,
861 2514 937 2545 quae
962 2504 997 2534 in

295 2568 395 2589 versu
414 2558 598 2596 Martialis,
619 2556 771 2596 ascripta
794 2554 943 2590 fuerant,
960 2558 998 2585 ut

296 2608 454 2639 innueret
492 2607 638 2637 medicos
670 2605 862 2645 vespilones
894 2604 997 2634 etiam

295 2657 417 2689 dictos.
464 2657 557 2688 Nihil
575 2657 723 2687 certius:
753 2655 832 2685 viris
856 2653 998 2684 eruditis

297 2706 378 2738 iilud
396 2706 554 2747 imposuit
572 2705 662 2747 quod
681 2705 817 2736 Festum
837 2704 998 2735 Martiale

1047 1296 1274 1338 antiquiorem
1291 1300 1466 1337 putarunt.
1510 1292 1608 1327 Quod
1627 1299 1747 1325 contra

1048 1351 1112 1377 est.
1158 1346 1328 1377 Martialis
1356 1346 1444 1377 enim
1469 1345 1607 1375 Festum
1632 1343 1746 1374 multis

1048 1395 1143 1425 annis
1164 1396 1358 1426 antecessit.
1381 1396 1478 1427 Idem.

1090 1450 1104 1465 a
1133 1445 1297 1485 Vesperna]
1328 1445 1417 1476 Vide
1449 1443 1635 1476 ‘Scensas.’
1669 1443 1746 1474 Ant.

1048 1496 1132 1535 Aug.

1097 1546 1265 1587 vespm-na]
1290 1545 1379 1577 Vide
1395 1546 1565 1577 Donatum
1583 1544 1615 1575 in
1633 1544 1746 1575 Eunu-

1049 1596 1159 1627 chum.
1183 1597 1252 1626 Jos.
1271 1596 1356 1627 διαὶ.

1097 1645 1265 1686 Vesperna]
1289 1644 1517 1677 Desideratur
1531 1643 1642 1674 Plauti
1655 1643 1748 1674 locus

1051 1696 1139 1727 unde
1164 1696 1227 1727 hoc
1257 1696 1387 1727 Festus.
1432 1694 1520 1726 Vide
1540 1695 1549 1711 ‘
1569 1693 1684 1725 Coena'
1713 1697 1749 1723 et

1049 1748 1058 1765 ‘
1074 1745 1233 1778 scensas?
1258 1747 1340 1777 Duc.

1092 1796 1106 1816 ὓ
1135 1796 1324 1837 Vesperugo]
1340 1796 1451 1826 Plaut.
1464 1795 1497 1826 in
1514 1793 1635 1834 Amph.
1651 1793 1660 1810 ‘
1675 1793 1749 1824 Nec

1043 1847 1175 1887 jugula,
1201 1856 1263 1878 nec
1287 1855 1489 1886 vesperugo,
1503 1853 1613 1885 neque
1631 1843 1750 1884 Vergi-

1050 1900 1105 1930 liae
1123 1898 1306 1930 occidunt.’
1330 1898 1407 1929 Ant.
1424 1897 1509 1934 Aug.

1098 1949 1289 1989 Vesperugo]
1324 1948 1432 1978 Locus
1458 1945 1574 1976 Plauti
1598 1943 1750 1984 Amphit.

1050 2004 1117 2030 act.
1133 2009 1157 2030 1.
1174 2009 1220 2030 sc.
1240 2001 1268 2028 l.
1290 2000 1299 2014 ‘
1312 1998 1388 2028 Nec
1400 1995 1535 2036 jugula,
1551 2002 1661 2034 neque
1679 2003 1749 2023 ves-

1050 2059 1191 2090 perugo,
1229 2057 1337 2088 neque
1372 2046 1532 2085 Vergiliae
1565 2042 1747 2075 occidunt.’

1055 2098 1256 2138 Ves1›e›·ug0,‚
1276 2096 1348 2127 aliis
1380 2103 1498 2134 vesper,
1523 2098 1559 2124 et
1595 2101 1753 2132 vesperus,

1051 2147 1191 2187 ἕσπερος.
1215 2147 1297 2177 Dae.

1093 2204 1106 2219 ⁰
1127 2197 1282 2237 Vespices]
1299 2195 1385 2227 Mihi
1403 2195 1520 2235 ignota
1537 2201 1601 2223 vox
1617 2203 1623 2222 :
1640 2191 1750 2231 conji-

1050 2249 1183 2280 ciebam
1201 2246 1479 2287 Vepricessrutetu
1498 2244 1592 2274 densa
1608 2252 1627 2272 α
1640 2241 1751 2272 simili-

1051 2300 1159 2331 tudine
1170 2298 1279 2338 vepris.
1302 2297 1431 2327 Tamen
1443 2294 1525 2326 nihil
1539 2298 1667 2325 temere
1681 2300 1751 2322 mu—

1053 2349 1203 2381 tandum.
1228 2348 1326 2379 Idem.
1727 2375 1730 2378 ,

1092 2400 1108 2421 ¹¹
1126 2399 1284 2439 Vestia-eps
1292 2395 1382 2438 puer]
1397 2395 1497 2426 Vestis
1507 2393 1631 2424 dicitur
1645 2390 1752 2432 pubes

1052 2456 1087 2483 et
1104 2450 1220 2482 barba.
1267 2449 1336 2479 Pro
1354 2446 1431 2487 pube
1449 2454 1527 2475 usus
1545 2444 1678 2474 Lucret.
1695 2439 1752 2470 lib.

1053 2510 1089 2532 v.
1126 2499 1136 2516 ‘
1151 2500 1196 2530 Et
1232 2497 1402 2537 impubem
1443 2493 1533 2525 molli
1563 2491 1753 2532 pubescere

1054 2548 1169 2582 veste!
1213 2549 1282 2579 Pro
1302 2546 1395 2577 barba
1411 2543 1534 2583 Virgil.
1556 2549 1638 2572 νιιι.
1660 2540 1669 2556 ‘
1682 2539 1752 2570 Au-

1053 2610 1113 2632 rea
1124 2599 1284 2630 caesaries
1301 2596 1375 2628 ollis
1392 2600 1494 2636 atque
1507 2601 1611 2623 aurea
1627 2587 1754 2622 vestis!

1055 2649 1142 2681 lude
1164 2648 1312 2687 vesticeps
1342 2645 1464 2686 puber,
1493 2641 1751 2680 investisimpu-

1054 2701 1126 2732 ber·
1152 2699 1304 2730 Nonius:
1331 2696 1503 2727 ‘investes
1515 2693 1677 2724 dicuutur
1693 2691 1750 2720 ini-
