<?xml version="1.0" encoding="UTF-8"?>
<!DOCTYPE html PUBLIC "-//W3C//DTD XHTML 1.0 Transitional//EN"
    "http://www.w3.org/TR/xhtml1/DTD/xhtml1-transitional.dtd">
<html xmlns="http://www.w3.org/1999/xhtml" xml:lang="en" lang="en">
 <head>
  <title>
</title>
<meta http-equiv="Content-Type" content="text/html;charset=utf-8" />
  <meta name='ocr-system' content='tesseract 3.04.00' />
  <meta name='ocr-capabilities' content='ocr_page ocr_carea ocr_par ocr_line ocrx_word'/>
</head>
<body>
  <div class='ocr_page' id='page_1' title='image "./mverriiflacciqua02verruoft/mverriiflacciqua02verruoft_0099.png"; bbox 0 0 1876 3025; ppageno 0'>
   <div class='ocr_carea' id='block_1_1' title="bbox 305 165 1389 202">
    <p class='ocr_par' dir='ltr' id='par_1_1' title="bbox 305 165 1389 202">
     <span class='ocr_line' id='line_1_1' title="bbox 305 165 1389 202; baseline -0.005 -1"><span class='ocrx_word' id='word_1_1' title='bbox 305 172 367 202; x_wconf 89' lang='lat' dir='ltr'><strong>DE</strong></span> <span class='ocrx_word' id='word_1_2' title='bbox 402 169 676 201; x_wconf 85' lang='lat' dir='ltr'>VERBORUM</span> <span class='ocrx_word' id='word_1_3' title='bbox 710 165 1120 198; x_wconf 80' lang='lat' dir='ltr'><strong>SlGNlFIGATlONE</strong></span> <span class='ocrx_word' id='word_1_4' title='bbox 1155 165 1251 195; x_wconf 85' lang='lat' dir='ltr'><strong>LIB.</strong></span> <span class='ocrx_word' id='word_1_5' title='bbox 1284 165 1389 196; x_wconf 77' lang='lat' dir='ltr'><strong>xvi.</strong></span> 
     </span>
    </p>
   </div>
   <div class='ocr_carea' id='block_1_2' title="bbox 1494 153 1580 196">
    <p class='ocr_par' dir='ltr' id='par_1_2' title="bbox 1494 153 1580 196">
     <span class='ocr_line' id='line_1_2' title="bbox 1494 153 1580 196; baseline -0.012 0"><span class='ocrx_word' id='word_1_6' title='bbox 1494 153 1580 196; x_wconf 71' lang='lat'><strong>729</strong></span> 
     </span>
    </p>
   </div>
   <div class='ocr_carea' id='block_1_3' title="bbox 186 259 1579 323">
    <p class='ocr_par' dir='ltr' id='par_1_3' title="bbox 186 259 1579 323">
     <span class='ocr_line' id='line_1_3' title="bbox 186 259 1579 323; baseline -0.007 -13"><span class='ocrx_word' id='word_1_7' title='bbox 186 268 349 323; x_wconf 79' lang='lat' dir='ltr'><strong>praesul</strong></span> <span class='ocrx_word' id='word_1_8' title='bbox 370 266 647 321; x_wconf 82' lang='lat' dir='ltr'><strong>ampiruavit,</strong></span> <span class='ocrx_word' id='word_1_9' title='bbox 668 264 784 318; x_wconf 91' lang='lat' dir='ltr'><strong>quod</strong></span> <span class='ocrx_word' id='word_1_10' title='bbox 800 267 869 305; x_wconf 87' lang='lat' dir='ltr'><strong>est</strong></span> <span class='ocrx_word' id='word_1_11' title='bbox 889 265 1032 304; x_wconf 88' lang='lat' dir='ltr'><strong>motus</strong></span> <span class='ocrx_word' id='word_1_12' title='bbox 1055 261 1206 311; x_wconf 85' lang='lat' dir='ltr'><strong>edidit,</strong></span> <span class='ocrx_word' id='word_1_13' title='bbox 1228 261 1269 301; x_wconf 93' lang='lat' dir='ltr'><strong>ei</strong></span> <span class='ocrx_word' id='word_1_14' title='bbox 1287 265 1320 284; x_wconf 87' lang='lat'><strong>¹0</strong></span> <span class='ocrx_word' id='word_1_15' title='bbox 1340 259 1579 302; x_wconf 86' lang='lat' dir='ltr'><strong>referuntur</strong></span> 
     </span>
    </p>
   </div>
   <div class='ocr_carea' id='block_1_4' title="bbox 186 335 817 455">
    <p class='ocr_par' dir='ltr' id='par_1_4' title="bbox 186 335 817 455">
     <span class='ocr_line' id='line_1_4' title="bbox 186 335 734 377; baseline -0.009 0"><span class='ocrx_word' id='word_1_16' title='bbox 186 337 375 377; x_wconf 89' lang='lat' dir='ltr'><strong>invicem</strong></span> <span class='ocrx_word' id='word_1_17' title='bbox 414 335 548 376; x_wconf 91' lang='lat' dir='ltr'><strong>iidem</strong></span> <span class='ocrx_word' id='word_1_18' title='bbox 576 337 734 374; x_wconf 83' lang='lat' dir='ltr'><strong>motus.</strong></span> 
     </span>
     <span class='ocr_line' id='line_1_5' title="bbox 187 400 817 455; baseline -0.008 -11"><span class='ocrx_word' id='word_1_19' title='bbox 187 404 289 445; x_wconf 89' lang='lat' dir='ltr'><strong>inde</strong></span> <span class='ocrx_word' id='word_1_20' title='bbox 312 403 464 455; x_wconf 85' lang='lat' dir='ltr'><strong>vulgus</strong></span> <span class='ocrx_word' id='word_1_21' title='bbox 483 400 817 454; x_wconf 87' lang='lat' dir='ltr'><strong>redemplavit.¹¹</strong></span> 
     </span>
    </p>
   </div>
   <div class='ocr_carea' id='block_1_5' title="bbox 793 328 1580 384">
    <p class='ocr_par' dir='ltr' id='par_1_5' title="bbox 793 328 1580 384">
     <span class='ocr_line' id='line_1_6' title="bbox 793 328 1580 384; baseline -0.008 -11"><span class='ocrx_word' id='word_1_22' title='bbox 793 332 1023 373; x_wconf 83' lang='lat' dir='ltr'><strong>Lucilius:</strong></span> <span class='ocrx_word' id='word_1_23' title='bbox 1053 330 1218 384; x_wconf 80' lang='lat' dir='ltr'><strong>praesul</strong></span> <span class='ocrx_word' id='word_1_24' title='bbox 1258 333 1309 369; x_wconf 88' lang='lat' dir='ltr'><strong>ut</strong></span> <span class='ocrx_word' id='word_1_25' title='bbox 1348 328 1580 381; x_wconf 84' lang='lat' dir='ltr'><strong>ampiruet,</strong></span> 
     </span>
    </p>
   </div>
   <div class='ocr_carea' id='block_1_6' title="bbox 880 394 1582 449">
    <p class='ocr_par' dir='ltr' id='par_1_6' title="bbox 880 394 1582 449">
     <span class='ocr_line' id='line_1_7' title="bbox 880 394 1582 449; baseline -0.007 -10"><span class='ocrx_word' id='word_1_26' title='bbox 880 398 941 439; x_wconf 83' lang='lat' dir='ltr'><strong>At</strong></span> <span class='ocrx_word' id='word_1_27' title='bbox 962 396 1187 439; x_wconf 87' lang='lat' dir='ltr'><strong>Pacuvius</strong></span> <span class='ocrx_word' id='word_1_28' title='bbox 1206 409 1216 437; x_wconf 71' lang='grc' dir='ltr'>ε</span> <span class='ocrx_word' id='word_1_29' title='bbox 1240 394 1530 449; x_wconf 85' lang='lat' dir='ltr'><strong>promerenda</strong></span> <span class='ocrx_word' id='word_1_30' title='bbox 1548 399 1582 417; x_wconf 69' lang='lat'><strong>¹²⁴</strong></span> 
     </span>
    </p>
   </div>
   <div class='ocr_carea' id='block_1_7' title="bbox 133 461 1590 863">
    <p class='ocr_par' dir='ltr' id='par_1_7' title="bbox 189 461 1584 590">
     <span class='ocr_line' id='line_1_8' title="bbox 189 461 1584 524; baseline -0.009 -11"><span class='ocrx_word' id='word_1_31' title='bbox 189 472 328 524; x_wconf 87' lang='lat' dir='ltr'><strong>gratia</strong></span> <span class='ocrx_word' id='word_1_32' title='bbox 355 470 511 517; x_wconf 89' lang='lat' dir='ltr'><strong>Simul,</strong></span> <span class='ocrx_word' id='word_1_33' title='bbox 533 482 631 510; x_wconf 91' lang='lat' dir='ltr'><strong>cum</strong></span> <span class='ocrx_word' id='word_1_34' title='bbox 653 467 824 509; x_wconf 87' lang='lat' dir='ltr'><strong>videam</strong></span> <span class='ocrx_word' id='word_1_35' title='bbox 850 466 1011 509; x_wconf 85' lang='lat' dir='ltr'><strong>Graios</strong></span> <span class='ocrx_word' id='word_1_36' title='bbox 1048 463 1158 505; x_wconf 90' lang='lat' dir='ltr'><strong>nihil</strong></span> <span class='ocrx_word' id='word_1_37' title='bbox 1188 462 1469 505; x_wconf 85' lang='lat' dir='ltr'><strong>mediocriter</strong></span> <span class='ocrx_word' id='word_1_38' title='bbox 1492 461 1584 502; x_wconf 87' lang='lat' dir='ltr'><strong>Re-</strong></span> 
     </span>
     <span class='ocr_line' id='line_1_9' title="bbox 189 531 1186 590; baseline -0.007 -11"><span class='ocrx_word' id='word_1_39' title='bbox 189 538 422 580; x_wconf 88' lang='lat' dir='ltr'><strong>dentruare</strong></span> <span class='ocrx_word' id='word_1_40' title='bbox 438 543 466 567; x_wconf 83' lang='lat'><strong>¹³</strong></span> <span class='ocrx_word' id='word_1_41' title='bbox 489 536 737 590; x_wconf 86' lang='lat' dir='ltr'><strong>opibusque</strong></span> <span class='ocrx_word' id='word_1_42' title='bbox 760 534 944 575; x_wconf 88' lang='lat' dir='ltr'><strong>summis</strong></span> <span class='ocrx_word' id='word_1_43' title='bbox 965 531 1186 586; x_wconf 87' lang='lat' dir='ltr'><strong>persequi.</strong></span> 
     </span>
    </p>

    <p class='ocr_par' dir='ltr' id='par_1_8' title="bbox 133 593 1590 863">
     <span class='ocr_line' id='line_1_10' title="bbox 133 593 1587 660; baseline -0.009 -12"><span class='ocrx_word' id='word_1_44' title='bbox 133 606 433 660; x_wconf 89' lang='lat' dir='ltr'><strong>Redarguisse</strong></span> <span class='ocrx_word' id='word_1_45' title='bbox 452 609 525 636; x_wconf 70' lang='lat'><em>¹4¹¹¹</em></span> <span class='ocrx_word' id='word_1_46' title='bbox 546 618 623 658; x_wconf 90' lang='lat' dir='ltr'><strong>per</strong></span> <span class='ocrx_word' id='word_1_47' title='bbox 644 604 681 644; x_wconf 90' lang='lat' dir='ltr'>E</span> <span class='ocrx_word' id='word_1_48' title='bbox 696 603 866 644; x_wconf 81' lang='lat' dir='ltr'><strong>literam</strong></span> <span class='ocrx_word' id='word_1_49' title='bbox 885 601 1038 655; x_wconf 89' lang='lat' dir='ltr'><strong>Scipio</strong></span> <span class='ocrx_word' id='word_1_50' title='bbox 1054 599 1289 641; x_wconf 88' lang='lat' dir='ltr'><strong>Africanus</strong></span> <span class='ocrx_word' id='word_1_51' title='bbox 1305 595 1454 639; x_wconf 84' lang='lat' dir='ltr'><strong>Paulli</strong></span> <span class='ocrx_word' id='word_1_52' title='bbox 1469 593 1587 636; x_wconf 85' lang='lat' dir='ltr'><strong>filius</strong></span> 
     </span>
     <span class='ocr_line' id='line_1_11' title="bbox 190 663 1587 723; baseline -0.009 -7"><span class='ocrx_word' id='word_1_53' title='bbox 190 674 349 715; x_wconf 86' lang='lat' dir='ltr'><strong>dicitur</strong></span> <span class='ocrx_word' id='word_1_54' title='bbox 371 674 636 722; x_wconf 81' lang='lat' dir='ltr'><strong>enuntiasse,</strong></span> <span class='ocrx_word' id='word_1_55' title='bbox 658 675 704 712; x_wconf 88' lang='lat' dir='ltr'><strong>ut</strong></span> <span class='ocrx_word' id='word_1_56' title='bbox 719 671 837 711; x_wconf 89' lang='lat' dir='ltr'><strong>idem</strong></span> <span class='ocrx_word' id='word_1_57' title='bbox 860 669 994 711; x_wconf 88' lang='lat' dir='ltr'><strong>etiam</strong></span> <span class='ocrx_word' id='word_1_58' title='bbox 1016 668 1253 723; x_wconf 87' lang='lat' dir='ltr'><strong>pertisum:</strong></span> <span class='ocrx_word' id='word_1_59' title='bbox 1284 665 1412 719; x_wconf 88' lang='lat' dir='ltr'><strong>cujus</strong></span> <span class='ocrx_word' id='word_1_60' title='bbox 1432 663 1587 704; x_wconf 89' lang='lat' dir='ltr'><strong>memi-</strong></span> 
     </span>
     <span class='ocr_line' id='line_1_12' title="bbox 189 731 1590 792; baseline -0.01 -8"><span class='ocrx_word' id='word_1_61' title='bbox 189 744 252 783; x_wconf 87' lang='lat' dir='ltr'><strong>nit</strong></span> <span class='ocrx_word' id='word_1_62' title='bbox 271 742 485 791; x_wconf 89' lang='lat' dir='ltr'><strong>Lucilius,</strong></span> <span class='ocrx_word' id='word_1_63' title='bbox 502 754 602 782; x_wconf 90' lang='lat' dir='ltr'><strong>cum</strong></span> <span class='ocrx_word' id='word_1_64' title='bbox 624 740 712 780; x_wconf 89' lang='lat' dir='ltr'><strong>ait:</strong></span> <span class='ocrx_word' id='word_1_65' title='bbox 736 752 826 792; x_wconf 89' lang='lat' dir='ltr'><strong>quo</strong></span> <span class='ocrx_word' id='word_1_66' title='bbox 849 737 1035 778; x_wconf 84' lang='lat' dir='ltr'><strong>facetior</strong></span> <span class='ocrx_word' id='word_1_67' title='bbox 1053 736 1248 785; x_wconf 82' lang='lat' dir='ltr'><strong>videare,</strong></span> <span class='ocrx_word' id='word_1_68' title='bbox 1269 739 1313 775; x_wconf 87' lang='lat' dir='ltr'><strong>et</strong></span> <span class='ocrx_word' id='word_1_69' title='bbox 1335 733 1447 774; x_wconf 89' lang='lat' dir='ltr'><strong>scire</strong></span> <span class='ocrx_word' id='word_1_70' title='bbox 1464 731 1590 785; x_wconf 80' lang='lat' dir='ltr'><strong>plus-</strong></span> 
     </span>
     <span class='ocr_line' id='line_1_13' title="bbox 193 798 1588 863; baseline -0.009 -12"><span class='ocrx_word' id='word_1_71' title='bbox 193 823 322 863; x_wconf 86' lang='lat' dir='ltr'><strong>quam</strong></span> <span class='ocrx_word' id='word_1_72' title='bbox 361 809 511 859; x_wconf 84' lang='lat' dir='ltr'><strong>ceteri,</strong></span> <span class='ocrx_word' id='word_1_73' title='bbox 540 808 753 862; x_wconf 87' lang='lat' dir='ltr'><strong>pertisum</strong></span> <span class='ocrx_word' id='word_1_74' title='bbox 783 806 1019 854; x_wconf 88' lang='lat' dir='ltr'><strong>hominem,</strong></span> <span class='ocrx_word' id='word_1_75' title='bbox 1054 817 1140 845; x_wconf 89' lang='lat' dir='ltr'><strong>non</strong></span> <span class='ocrx_word' id='word_1_76' title='bbox 1182 807 1421 857; x_wconf 80' lang='lat' dir='ltr'><strong>pertaesum</strong></span> <span class='ocrx_word' id='word_1_77' title='bbox 1443 798 1588 839; x_wconf 89' lang='lat' dir='ltr'><strong>dicere</strong></span> 
     </span>
    </p>
   </div>
   <div class='ocr_carea' id='block_1_8' title="bbox 191 878 677 930">
    <p class='ocr_par' dir='ltr' id='par_1_9' title="bbox 191 878 677 930">
     <span class='ocr_line' id='line_1_14' title="bbox 191 878 677 930; baseline -0.008 -11"><span class='ocrx_word' id='word_1_78' title='bbox 191 878 383 927; x_wconf 84' lang='lat' dir='ltr'><strong>ferunt‚¹⁵</strong></span> <span class='ocrx_word' id='word_1_79' title='bbox 403 890 500 918; x_wconf 86' lang='lat' dir='ltr'><strong>nam</strong></span> <span class='ocrx_word' id='word_1_80' title='bbox 524 889 677 930; x_wconf 83' lang='lat' dir='ltr'><strong>genus.</strong></span> 
     </span>
    </p>
   </div>
   <div class='ocr_carea' id='block_1_9' title="bbox 137 934 1588 1000">
    <p class='ocr_par' dir='ltr' id='par_1_10' title="bbox 137 934 1588 1000">
     <span class='ocr_line' id='line_1_15' title="bbox 137 934 1588 1000; baseline -0.01 -11"><span class='ocrx_word' id='word_1_81' title='bbox 137 946 521 1000; x_wconf 87' lang='lat' dir='ltr'><strong>Redemptitavere</strong></span> <span class='ocrx_word' id='word_1_82' title='bbox 537 950 555 967; x_wconf 83' lang='lat'><strong>¹¹</strong></span> <span class='ocrx_word' id='word_1_83' title='bbox 585 944 703 994; x_wconf 88' lang='lat' dir='ltr'><strong>item,</strong></span> <span class='ocrx_word' id='word_1_84' title='bbox 725 947 774 984; x_wconf 92' lang='lat' dir='ltr'><strong>ut</strong></span> <span class='ocrx_word' id='word_1_85' title='bbox 794 941 1090 989; x_wconf 84' lang='lat' dir='ltr'><strong>clamitavere,</strong></span> <span class='ocrx_word' id='word_1_86' title='bbox 1120 938 1234 981; x_wconf 89' lang='lat' dir='ltr'><strong>Cato</strong></span> <span class='ocrx_word' id='word_1_87' title='bbox 1266 934 1423 990; x_wconf 90' lang='lat' dir='ltr'><strong>(idem)</strong></span> <span class='ocrx_word' id='word_1_88' title='bbox 1454 935 1498 976; x_wconf 87' lang='lat' dir='ltr'><strong>in</strong></span> <span class='ocrx_word' id='word_1_89' title='bbox 1520 947 1588 985; x_wconf 88' lang='lat' dir='ltr'><strong>ea,</strong></span> 
     </span>
    </p>
   </div>
   <div class='ocr_carea' id='block_1_10' title="bbox 735 1061 978 1074">
    <p class='ocr_par' dir='ltr' id='par_1_11' title="bbox 735 1061 978 1074">
     <span class='ocr_line' id='line_1_16' title="bbox 735 1061 978 1074; baseline -0.008 0"><span class='ocrx_word' id='word_1_90' title='bbox 735 1061 978 1074; x_wconf 56' lang='lat' dir='ltr'><strong>eeeeeeeeeee</strong></span> 
     </span>
    </p>
   </div>
   <div class='ocr_carea' id='block_1_11' title="bbox 136 1130 1593 1311">
    <p class='ocr_par' dir='ltr' id='par_1_12' title="bbox 136 1130 1593 1311">
     <span class='ocr_line' id='line_1_17' title="bbox 182 1130 1591 1182; baseline -0.011 -8"><span class='ocrx_word' id='word_1_91' title='bbox 182 1146 221 1174; x_wconf 92' lang='lat'><strong>10</strong></span> <span class='ocrx_word' id='word_1_92' title='bbox 245 1143 305 1173; x_wconf 83' lang='lat' dir='ltr'><strong>Vir</strong></span> <span class='ocrx_word' id='word_1_93' title='bbox 321 1142 412 1174; x_wconf 81' lang='lat' dir='ltr'><strong>(loct.</strong></span> <span class='ocrx_word' id='word_1_94' title='bbox 430 1143 462 1173; x_wconf 88' lang='lat' dir='ltr'><strong>in</strong></span> <span class='ocrx_word' id='word_1_95' title='bbox 485 1151 591 1182; x_wconf 85' lang='lat' dir='ltr'><strong>marg.</strong></span> <span class='ocrx_word' id='word_1_96' title='bbox 616 1140 669 1172; x_wconf 84' lang='lat' dir='ltr'><strong>ed.</strong></span> <span class='ocrx_word' id='word_1_97' title='bbox 692 1140 779 1171; x_wconf 81' lang='lat' dir='ltr'><strong>Scal.</strong></span> <span class='ocrx_word' id='word_1_98' title='bbox 806 1137 941 1179; x_wconf 83' lang='lat' dir='ltr'><strong>conjicit</strong></span> <span class='ocrx_word' id='word_1_99' title='bbox 966 1138 1091 1169; x_wconf 79' lang='lat' dir='ltr'><strong>et.—ll</strong></span> <span class='ocrx_word' id='word_1_100' title='bbox 1117 1135 1171 1166; x_wconf 89' lang='lat' dir='ltr'><strong>Id.</strong></span> <span class='ocrx_word' id='word_1_101' title='bbox 1188 1133 1268 1165; x_wconf 89' lang='lat' dir='ltr'><strong>ibid.</strong></span> <span class='ocrx_word' id='word_1_102' title='bbox 1284 1130 1500 1164; x_wconf 79' lang='lat' dir='ltr'><strong>redantruavz&#39;t</strong></span> <span class='ocrx_word' id='word_1_103' title='bbox 1530 1137 1591 1168; x_wconf 81' lang='lat' dir='ltr'><strong>pro</strong></span> 
     </span>
     <span class='ocr_line' id='line_1_18' title="bbox 136 1172 1592 1226; baseline -0.011 -9"><span class='ocrx_word' id='word_1_104' title='bbox 136 1187 364 1226; x_wconf 79' lang='lat' dir='ltr'><strong>redamplavit:</strong></span> <span class='ocrx_word' id='word_1_105' title='bbox 397 1185 484 1225; x_wconf 87' lang='lat' dir='ltr'><strong>quod</strong></span> <span class='ocrx_word' id='word_1_106' title='bbox 508 1185 542 1215; x_wconf 87' lang='lat' dir='ltr'><strong>in</strong></span> <span class='ocrx_word' id='word_1_107' title='bbox 570 1186 766 1216; x_wconf 85' lang='lat' dir='ltr'><strong>textn.——l2</strong></span> <span class='ocrx_word' id='word_1_108' title='bbox 799 1183 879 1213; x_wconf 86' lang='lat' dir='ltr'><strong>Vet.</strong></span> <span class='ocrx_word' id='word_1_109' title='bbox 906 1181 982 1212; x_wconf 87' lang='lat' dir='ltr'><strong>eod.</strong></span> <span class='ocrx_word' id='word_1_110' title='bbox 1009 1179 1290 1220; x_wconf 77' lang='lat' dir='ltr'><strong>prooeremla.———l3</strong></span> <span class='ocrx_word' id='word_1_111' title='bbox 1319 1176 1399 1205; x_wconf 89' lang='lat' dir='ltr'><strong>Vet.</strong></span> <span class='ocrx_word' id='word_1_112' title='bbox 1424 1172 1500 1204; x_wconf 89' lang='lat' dir='ltr'><strong>cod.</strong></span> <span class='ocrx_word' id='word_1_113' title='bbox 1529 1172 1592 1202; x_wconf 77' lang='lat' dir='ltr'><strong>Re,-</strong></span> 
     </span>
     <span class='ocr_line' id='line_1_19' title="bbox 138 1215 1593 1269; baseline -0.012 -8"><span class='ocrx_word' id='word_1_114' title='bbox 138 1231 346 1269; x_wconf 73' lang='lat' dir='ltr'><strong>damptruare.</strong></span> <span class='ocrx_word' id='word_1_115' title='bbox 392 1228 454 1259; x_wconf 88' lang='lat' dir='ltr'><strong>Ed.</strong></span> <span class='ocrx_word' id='word_1_116' title='bbox 480 1228 571 1259; x_wconf 86' lang='lat' dir='ltr'><strong>Scal.</strong></span> <span class='ocrx_word' id='word_1_117' title='bbox 599 1228 830 1258; x_wconf 79' lang='lat' dir='ltr'><strong>Redantrnare.</strong></span> <span class='ocrx_word' id='word_1_118' title='bbox 876 1224 937 1255; x_wconf 87' lang='lat' dir='ltr'><strong>Vir</strong></span> <span class='ocrx_word' id='word_1_119' title='bbox 967 1223 1060 1253; x_wconf 84' lang='lat' dir='ltr'><strong>doct.</strong></span> <span class='ocrx_word' id='word_1_120' title='bbox 1087 1222 1175 1261; x_wconf 82' lang='lat' dir='ltr'><strong>conj.</strong></span> <span class='ocrx_word' id='word_1_121' title='bbox 1203 1217 1460 1258; x_wconf 78' lang='lat' dir='ltr'><strong>Redumpz&#39;ruare.</strong></span> <span class='ocrx_word' id='word_1_122' title='bbox 1504 1215 1593 1245; x_wconf 84' lang='lat' dir='ltr'><strong>Vide</strong></span> 
     </span>
     <span class='ocr_line' id='line_1_20' title="bbox 138 1258 1592 1311; baseline -0.011 -7"><span class='ocrx_word' id='word_1_123' title='bbox 138 1271 323 1303; x_wconf 57' lang='lat' dir='ltr'><strong>infra—14</strong></span> <span class='ocrx_word' id='word_1_124' title='bbox 345 1272 432 1303; x_wconf 88' lang='lat' dir='ltr'><strong>Scal.</strong></span> <span class='ocrx_word' id='word_1_125' title='bbox 451 1276 487 1303; x_wconf 89' lang='lat' dir='ltr'><strong>et</strong></span> <span class='ocrx_word' id='word_1_126' title='bbox 505 1271 593 1302; x_wconf 82' lang='lat' dir='ltr'><strong>Dac.</strong></span> <span class='ocrx_word' id='word_1_127' title='bbox 611 1269 792 1311; x_wconf 81' lang='lat' dir='ltr'><strong>legendum</strong></span> <span class='ocrx_word' id='word_1_128' title='bbox 805 1271 946 1299; x_wconf 85' lang='lat' dir='ltr'><strong>monent</strong></span> <span class='ocrx_word' id='word_1_129' title='bbox 963 1265 1275 1305; x_wconf 76' lang='lat' dir='ltr'><strong>Redarguesse.—15</strong></span> <span class='ocrx_word' id='word_1_130' title='bbox 1294 1262 1371 1293; x_wconf 88' lang='lat' dir='ltr'><strong>Vet.</strong></span> <span class='ocrx_word' id='word_1_131' title='bbox 1388 1258 1592 1296; x_wconf 81' lang='lat' dir='ltr'><strong>cod-ferum.</strong></span> 
     </span>
    </p>
   </div>
   <div class='ocr_carea' id='block_1_12' title="bbox 792 1364 938 1397">
    <p class='ocr_par' dir='ltr' id='par_1_13' title="bbox 792 1364 938 1397">
     <span class='ocr_line' id='line_1_21' title="bbox 792 1364 938 1397; baseline -0.007 0"><span class='ocrx_word' id='word_1_132' title='bbox 792 1364 938 1397; x_wconf 86' lang='lat' dir='ltr'>NOTAE</span> 
     </span>
    </p>
   </div>
   <div class='ocr_carea' id='block_1_13' title="bbox 138 1431 844 1979">
    <p class='ocr_par' dir='ltr' id='par_1_14' title="bbox 138 1431 844 1979">
     <span class='ocr_line' id='line_1_22' title="bbox 138 1431 836 1474; baseline -0.003 -10"><span class='ocrx_word' id='word_1_133' title='bbox 138 1443 204 1472; x_wconf 83' lang='lat' dir='ltr'><strong>are,</strong></span> <span class='ocrx_word' id='word_1_134' title='bbox 238 1433 402 1474; x_wconf 79' lang='lat' dir='ltr'><strong>opibusque</strong></span> <span class='ocrx_word' id='word_1_135' title='bbox 428 1434 555 1465; x_wconf 80' lang='lat' dir='ltr'><strong>summis</strong></span> <span class='ocrx_word' id='word_1_136' title='bbox 579 1431 731 1473; x_wconf 75' lang='lat' dir='ltr'><strong>persequi.</strong></span> <span class='ocrx_word' id='word_1_137' title='bbox 776 1431 836 1462; x_wconf 88' lang='lat' dir='ltr'><strong>Se-</strong></span> 
     </span>
     <span class='ocr_line' id='line_1_23' title="bbox 140 1484 838 1524; baseline -0.006 -9"><span class='ocrx_word' id='word_1_138' title='bbox 140 1484 212 1515; x_wconf 93' lang='lat' dir='ltr'><strong>cuti</strong></span> <span class='ocrx_word' id='word_1_139' title='bbox 228 1494 342 1515; x_wconf 87' lang='lat' dir='ltr'><strong>sumus</strong></span> <span class='ocrx_word' id='word_1_140' title='bbox 362 1490 511 1515; x_wconf 87' lang='lat' dir='ltr'><strong>veterem</strong></span> <span class='ocrx_word' id='word_1_141' title='bbox 533 1484 737 1524; x_wconf 86' lang='lat' dir='ltr'><strong>scripturam</strong></span> <span class='ocrx_word' id='word_1_142' title='bbox 753 1491 838 1521; x_wconf 78' lang='lat' dir='ltr'><strong>amp·</strong></span> 
     </span>
     <span class='ocr_line' id='line_1_24' title="bbox 140 1530 834 1576; baseline -0.006 -10"><span class='ocrx_word' id='word_1_143' title='bbox 140 1539 257 1575; x_wconf 77' lang='lat' dir='ltr'><strong>truare,</strong></span> <span class='ocrx_word' id='word_1_144' title='bbox 281 1545 342 1576; x_wconf 85' lang='lat' dir='ltr'><strong>pro</strong></span> <span class='ocrx_word' id='word_1_145' title='bbox 368 1540 530 1574; x_wconf 76' lang='lat' dir='ltr'><strong>antruare,</strong></span> <span class='ocrx_word' id='word_1_146' title='bbox 557 1539 593 1566; x_wconf 87' lang='lat' dir='ltr'><strong>ut</strong></span> <span class='ocrx_word' id='word_1_147' title='bbox 620 1530 834 1574; x_wconf 85' lang='lat' dir='ltr'><strong>‘temptare&#39;</strong></span> 
     </span>
     <span class='ocr_line' id='line_1_25' title="bbox 141 1585 838 1626; baseline -0.006 -9"><span class='ocrx_word' id='word_1_148' title='bbox 141 1596 203 1626; x_wconf 88' lang='lat' dir='ltr'><strong>pro</strong></span> <span class='ocrx_word' id='word_1_149' title='bbox 226 1588 235 1603; x_wconf 82' lang='lat'><strong><em>⁴</em></strong></span> <span class='ocrx_word' id='word_1_150' title='bbox 251 1586 407 1626; x_wconf 84' lang='lat' dir='ltr'><strong>tentare‚&#39;</strong></span> <span class='ocrx_word' id='word_1_151' title='bbox 433 1587 442 1603; x_wconf 88' lang='lat'>‘</span> <span class='ocrx_word' id='word_1_152' title='bbox 455 1590 607 1626; x_wconf 83' lang='lat' dir='ltr'><strong>sumptus</strong></span> <span class='ocrx_word' id='word_1_153' title='bbox 621 1585 630 1598; x_wconf 84' lang='lat'><em>’</em></span> <span class='ocrx_word' id='word_1_154' title='bbox 647 1594 707 1626; x_wconf 88' lang='lat' dir='ltr'><strong>pro</strong></span> <span class='ocrx_word' id='word_1_155' title='bbox 724 1588 732 1601; x_wconf 90' lang='lat'>‘</span> <span class='ocrx_word' id='word_1_156' title='bbox 751 1593 838 1614; x_wconf 88' lang='lat' dir='ltr'><strong>sum-</strong></span> 
     </span>
     <span class='ocr_line' id='line_1_26' title="bbox 141 1634 840 1677; baseline -0.004 -10"><span class='ocrx_word' id='word_1_157' title='bbox 141 1635 220 1677; x_wconf 84' lang='lat' dir='ltr'><strong>tus,’</strong></span> <span class='ocrx_word' id='word_1_158' title='bbox 237 1642 271 1668; x_wconf 87' lang='lat' dir='ltr'><strong>et</strong></span> <span class='ocrx_word' id='word_1_159' title='bbox 287 1637 417 1669; x_wconf 79' lang='lat' dir='ltr'><strong>similia.</strong></span> <span class='ocrx_word' id='word_1_160' title='bbox 463 1636 628 1670; x_wconf 84' lang='lat' dir='ltr'><strong>Quaedam</strong></span> <span class='ocrx_word' id='word_1_161' title='bbox 650 1636 693 1666; x_wconf 91' lang='lat' dir='ltr'><strong>de</strong></span> <span class='ocrx_word' id='word_1_162' title='bbox 716 1634 840 1665; x_wconf 76' lang='lat' dir='ltr'><strong>ambur-</strong></span> 
     </span>
     <span class='ocr_line' id='line_1_27' title="bbox 140 1684 840 1727; baseline -0.006 -9"><span class='ocrx_word' id='word_1_163' title='bbox 140 1698 213 1718; x_wconf 79' lang='lat' dir='ltr'><strong>vare</strong></span> <span class='ocrx_word' id='word_1_164' title='bbox 228 1688 305 1718; x_wconf 84' lang='lat' dir='ltr'><strong>olim</strong></span> <span class='ocrx_word' id='word_1_165' title='bbox 326 1688 469 1718; x_wconf 81' lang='lat' dir='ltr'><strong>diximus</strong></span> <span class='ocrx_word' id='word_1_166' title='bbox 488 1698 496 1718; x_wconf 88' lang='lat'>:</span> <span class='ocrx_word' id='word_1_167' title='bbox 520 1687 578 1718; x_wconf 86' lang='lat' dir='ltr'><strong>sed</strong></span> <span class='ocrx_word' id='word_1_168' title='bbox 597 1697 671 1727; x_wconf 83' lang='lat' dir='ltr'><strong>quae</strong></span> <span class='ocrx_word' id='word_1_169' title='bbox 689 1695 754 1716; x_wconf 87' lang='lat' dir='ltr'><strong>non</strong></span> <span class='ocrx_word' id='word_1_170' title='bbox 771 1684 840 1715; x_wconf 84' lang='lat' dir='ltr'><strong>sint</strong></span> 
     </span>
     <span class='ocr_line' id='line_1_28' title="bbox 143 1737 840 1778; baseline -0.003 -10"><span class='ocrx_word' id='word_1_171' title='bbox 143 1737 357 1778; x_wconf 67' lang='lat' dir='ltr'><strong>praeferenda</strong></span> <span class='ocrx_word' id='word_1_172' title='bbox 385 1738 462 1769; x_wconf 88' lang='lat' dir='ltr'><strong>huic</strong></span> <span class='ocrx_word' id='word_1_173' title='bbox 491 1738 727 1778; x_wconf 65' lang='lat' dir='ltr'><strong>conjecturae:</strong></span> <span class='ocrx_word' id='word_1_174' title='bbox 764 1745 840 1766; x_wconf 87' lang='lat' dir='ltr'><strong>nam</strong></span> 
     </span>
     <span class='ocr_line' id='line_1_29' title="bbox 143 1788 841 1819; baseline -0.001 -1"><span class='ocrx_word' id='word_1_175' title='bbox 143 1798 261 1819; x_wconf 87' lang='lat' dir='ltr'><strong>verum</strong></span> <span class='ocrx_word' id='word_1_176' title='bbox 289 1793 341 1819; x_wconf 86' lang='lat' dir='ltr'><strong>est</strong></span> <span class='ocrx_word' id='word_1_177' title='bbox 364 1798 383 1818; x_wconf 87' lang='lat' dir='ltr'><strong>a</strong></span> <span class='ocrx_word' id='word_1_178' title='bbox 408 1791 479 1819; x_wconf 81' lang='lat' dir='ltr'><strong>lrua</strong></span> <span class='ocrx_word' id='word_1_179' title='bbox 507 1788 636 1819; x_wconf 80' lang='lat' dir='ltr'><strong>dictum</strong></span> <span class='ocrx_word' id='word_1_180' title='bbox 664 1790 841 1817; x_wconf 80' lang='lat' dir='ltr'><strong>amtruare:</strong></span> 
     </span>
     <span class='ocr_line' id='line_1_30' title="bbox 143 1838 844 1878; baseline -0.004 -9"><span class='ocrx_word' id='word_1_181' title='bbox 143 1839 204 1869; x_wconf 78' lang='lat' dir='ltr'><strong>hoe</strong></span> <span class='ocrx_word' id='word_1_182' title='bbox 221 1843 286 1877; x_wconf 87' lang='lat' dir='ltr'><strong>est,</strong></span> <span class='ocrx_word' id='word_1_183' title='bbox 302 1838 427 1869; x_wconf 88' lang='lat' dir='ltr'><strong>circum</strong></span> <span class='ocrx_word' id='word_1_184' title='bbox 445 1838 596 1878; x_wconf 86' lang='lat' dir='ltr'><strong>volvere,</strong></span> <span class='ocrx_word' id='word_1_185' title='bbox 614 1842 649 1868; x_wconf 91' lang='lat' dir='ltr'><strong>ut</strong></span> <span class='ocrx_word' id='word_1_186' title='bbox 672 1846 747 1867; x_wconf 86' lang='lat' dir='ltr'><strong>cum</strong></span> <span class='ocrx_word' id='word_1_187' title='bbox 767 1840 844 1866; x_wconf 82' lang='lat' dir='ltr'><strong>trua</strong></span> 
     </span>
     <span class='ocr_line' id='line_1_31' title="bbox 144 1887 722 1921; baseline -0.007 0"><span class='ocrx_word' id='word_1_188' title='bbox 144 1890 212 1921; x_wconf 84' lang='lat' dir='ltr'><strong>olla</strong></span> <span class='ocrx_word' id='word_1_189' title='bbox 228 1890 352 1921; x_wconf 88' lang='lat' dir='ltr'><strong>circum</strong></span> <span class='ocrx_word' id='word_1_190' title='bbox 367 1893 532 1919; x_wconf 85' lang='lat' dir='ltr'><strong>movetur.</strong></span> <span class='ocrx_word' id='word_1_191' title='bbox 553 1889 624 1918; x_wconf 86' lang='lat' dir='ltr'><strong>Jos.</strong></span> <span class='ocrx_word' id='word_1_192' title='bbox 641 1887 722 1918; x_wconf 82' lang='lat' dir='ltr'><strong>Scal.</strong></span> 
     </span>
     <span class='ocr_line' id='line_1_32' title="bbox 188 1939 844 1979; baseline -0.008 -8"><span class='ocrx_word' id='word_1_193' title='bbox 188 1939 419 1979; x_wconf 80' lang='lat' dir='ltr'><strong>Redentruare]</strong></span> <span class='ocrx_word' id='word_1_194' title='bbox 457 1940 582 1970; x_wconf 87' lang='lat' dir='ltr'><strong>Locum</strong></span> <span class='ocrx_word' id='word_1_195' title='bbox 608 1939 776 1977; x_wconf 78' lang='lat' dir='ltr'><strong>integrum</strong></span> <span class='ocrx_word' id='word_1_196' title='bbox 801 1945 844 1966; x_wconf 86' lang='lat' dir='ltr'><strong>ex</strong></span> 
     </span>
    </p>
   </div>
   <div class='ocr_carea' id='block_1_14' title="bbox 146 1989 848 2028">
    <p class='ocr_par' dir='ltr' id='par_1_15' title="bbox 146 1989 848 2028">
     <span class='ocr_line' id='line_1_33' title="bbox 146 1989 848 2028; baseline -0.006 -5"><span class='ocrx_word' id='word_1_197' title='bbox 146 1991 381 2023; x_wconf 79' lang='lat' dir='ltr'><strong>emendatione</strong></span> <span class='ocrx_word' id='word_1_198' title='bbox 397 1990 559 2028; x_wconf 75' lang='lat' dir='ltr'><strong>scaligeri</strong></span> <span class='ocrx_word' id='word_1_199' title='bbox 576 1990 625 2019; x_wconf 86' lang='lat' dir='ltr'><strong>ita</strong></span> <span class='ocrx_word' id='word_1_200' title='bbox 640 1989 764 2028; x_wconf 82' lang='lat' dir='ltr'><strong>legito:</strong></span> <span class='ocrx_word' id='word_1_201' title='bbox 784 1989 848 2019; x_wconf 76' lang='lat' dir='ltr'><strong>Rc·</strong></span> 
     </span>
    </p>
   </div>
   <div class='ocr_carea' id='block_1_15' title="bbox 144 2039 850 2793">
    <p class='ocr_par' dir='ltr' id='par_1_16' title="bbox 144 2039 850 2793">
     <span class='ocr_line' id='line_1_34' title="bbox 144 2039 846 2083; baseline -0.01 -8"><span class='ocrx_word' id='word_1_202' title='bbox 144 2045 342 2083; x_wconf 79' lang='lat' dir='ltr'><strong>damptruare</strong></span> <span class='ocrx_word' id='word_1_203' title='bbox 358 2042 473 2072; x_wconf 80' lang='lat' dir='ltr'><strong>dicitur</strong></span> <span class='ocrx_word' id='word_1_204' title='bbox 489 2041 521 2070; x_wconf 86' lang='lat' dir='ltr'><strong>in</strong></span> <span class='ocrx_word' id='word_1_205' title='bbox 545 2039 703 2070; x_wconf 76' lang='lat' dir='ltr'><strong>Saliorum</strong></span> <span class='ocrx_word' id='word_1_206' title='bbox 724 2039 846 2069; x_wconf 75' lang='lat' dir='ltr'><strong>exulta-</strong></span> 
     </span>
     <span class='ocr_line' id='line_1_35' title="bbox 144 2089 846 2132; baseline -0.009 -7"><span class='ocrx_word' id='word_1_207' title='bbox 144 2093 291 2130; x_wconf 81' lang='lat' dir='ltr'><strong>tionibus,</strong></span> <span class='ocrx_word' id='word_1_208' title='bbox 316 2103 382 2123; x_wconf 80' lang='lat' dir='ltr'><strong>cum</strong></span> <span class='ocrx_word' id='word_1_209' title='bbox 403 2091 518 2132; x_wconf 83' lang='lat' dir='ltr'><strong>proesul</strong></span> <span class='ocrx_word' id='word_1_210' title='bbox 539 2089 746 2130; x_wconf 77' lang='lat' dir='ltr'><strong>mnptruavit,</strong></span> <span class='ocrx_word' id='word_1_211' title='bbox 766 2090 846 2129; x_wconf 82' lang='lat' dir='ltr'><strong>quod</strong></span> 
     </span>
     <span class='ocr_line' id='line_1_36' title="bbox 145 2141 846 2181; baseline -0.01 -4"><span class='ocrx_word' id='word_1_212' title='bbox 145 2149 201 2181; x_wconf 85' lang='lat' dir='ltr'><strong>est,</strong></span> <span class='ocrx_word' id='word_1_213' title='bbox 218 2149 319 2176; x_wconf 79' lang='lat' dir='ltr'><strong>motus</strong></span> <span class='ocrx_word' id='word_1_214' title='bbox 341 2143 451 2179; x_wconf 79' lang='lat' dir='ltr'><strong>edidit,</strong></span> <span class='ocrx_word' id='word_1_215' title='bbox 468 2147 497 2173; x_wconf 85' lang='lat' dir='ltr'><strong>et</strong></span> <span class='ocrx_word' id='word_1_216' title='bbox 519 2141 699 2180; x_wconf 79' lang='lat' dir='ltr'><strong>referuntur</strong></span> <span class='ocrx_word' id='word_1_217' title='bbox 714 2141 846 2171; x_wconf 80' lang='lat' dir='ltr'><strong>invicem</strong></span> 
     </span>
     <span class='ocr_line' id='line_1_37' title="bbox 145 2191 845 2227; baseline -0.007 0"><span class='ocrx_word' id='word_1_218' title='bbox 145 2197 240 2227; x_wconf 80' lang='lat' dir='ltr'><strong>iidem</strong></span> <span class='ocrx_word' id='word_1_219' title='bbox 269 2198 378 2226; x_wconf 85' lang='lat' dir='ltr'><strong>motus.</strong></span> <span class='ocrx_word' id='word_1_220' title='bbox 435 2193 608 2224; x_wconf 63' lang='lat' dir='ltr'><strong>Luc-illius:</strong></span> <span class='ocrx_word' id='word_1_221' title='bbox 647 2191 771 2222; x_wconf 78' lang='lat' dir='ltr'><strong>Proesul</strong></span> <span class='ocrx_word' id='word_1_222' title='bbox 811 2194 845 2222; x_wconf 79' lang='lat' dir='ltr'><strong>ut</strong></span> 
     </span>
     <span class='ocr_line' id='line_1_38' title="bbox 147 2241 847 2287; baseline -0.009 -9"><span class='ocrx_word' id='word_1_223' title='bbox 147 2249 317 2287; x_wconf 76' lang='lat' dir='ltr'><strong>amptruat,</strong></span> <span class='ocrx_word' id='word_1_224' title='bbox 348 2245 420 2275; x_wconf 79' lang='lat' dir='ltr'><strong>inde</strong></span> <span class='ocrx_word' id='word_1_225' title='bbox 445 2247 474 2274; x_wconf 80' lang='lat' dir='ltr'><strong>et</strong></span> <span class='ocrx_word' id='word_1_226' title='bbox 501 2241 605 2281; x_wconf 83' lang='lat' dir='ltr'><strong>volgu’</strong></span> <span class='ocrx_word' id='word_1_227' title='bbox 631 2244 847 2282; x_wconf 78' lang='lat' dir='ltr'><strong>redamptruat</strong></span> 
     </span>
     <span class='ocr_line' id='line_1_39' title="bbox 147 2292 847 2333; baseline -0.009 -6"><span class='ocrx_word' id='word_1_228' title='bbox 147 2297 212 2329; x_wconf 83' lang='lat' dir='ltr'><strong>olli.</strong></span> <span class='ocrx_word' id='word_1_229' title='bbox 258 2295 415 2327; x_wconf 74' lang='lat' dir='ltr'><strong>Pacuvius</strong></span> <span class='ocrx_word' id='word_1_230' title='bbox 427 2305 436 2325; x_wconf 92' lang='lat'><strong>.·</strong></span> <span class='ocrx_word' id='word_1_231' title='bbox 447 2315 454 2324; x_wconf 92' lang='lat'><strong>.</strong></span> <span class='ocrx_word' id='word_1_232' title='bbox 465 2317 473 2324; x_wconf 93' lang='lat'><strong>.</strong></span> <span class='ocrx_word' id='word_1_233' title='bbox 487 2316 495 2325; x_wconf 91' lang='lat'><strong>.</strong></span> <span class='ocrx_word' id='word_1_234' title='bbox 507 2294 717 2333; x_wconf 77' lang='lat' dir='ltr'><strong>promerenda·</strong></span> <span class='ocrx_word' id='word_1_235' title='bbox 732 2292 847 2331; x_wconf 81' lang='lat' dir='ltr'><strong>gratice</strong></span> 
     </span>
     <span class='ocr_line' id='line_1_40' title="bbox 153 2343 847 2378; baseline -0.01 1"><span class='ocrx_word' id='word_1_236' title='bbox 153 2348 250 2378; x_wconf 76' lang='lat' dir='ltr'><strong>Simul</strong></span> <span class='ocrx_word' id='word_1_237' title='bbox 272 2357 339 2378; x_wconf 84' lang='lat' dir='ltr'><strong>cum</strong></span> <span class='ocrx_word' id='word_1_238' title='bbox 359 2346 479 2377; x_wconf 82' lang='lat' dir='ltr'><strong>videam</strong></span> <span class='ocrx_word' id='word_1_239' title='bbox 498 2344 612 2375; x_wconf 80' lang='lat' dir='ltr'><strong>Graios</strong></span> <span class='ocrx_word' id='word_1_240' title='bbox 635 2343 715 2374; x_wconf 72' lang='lat' dir='ltr'><strong>nihil</strong></span> <span class='ocrx_word' id='word_1_241' title='bbox 731 2343 847 2373; x_wconf 77' lang='lat' dir='ltr'><strong>medio-</strong></span> 
     </span>
     <span class='ocr_line' id='line_1_41' title="bbox 149 2393 848 2437; baseline -0.007 -9"><span class='ocrx_word' id='word_1_242' title='bbox 149 2399 246 2428; x_wconf 77' lang='lat' dir='ltr'><strong>criter</strong></span> <span class='ocrx_word' id='word_1_243' title='bbox 262 2398 522 2437; x_wconf 73' lang='lat' dir='ltr'><strong>Redamptwure,</strong></span> <span class='ocrx_word' id='word_1_244' title='bbox 538 2394 700 2435; x_wconf 80' lang='lat' dir='ltr'><strong>opibusque</strong></span> <span class='ocrx_word' id='word_1_245' title='bbox 720 2393 848 2425; x_wconf 81' lang='lat' dir='ltr'><strong>summis</strong></span> 
     </span>
     <span class='ocr_line' id='line_1_42' title="bbox 149 2445 848 2489; baseline -0.006 -11"><span class='ocrx_word' id='word_1_246' title='bbox 149 2450 300 2489; x_wconf 79' lang='lat' dir='ltr'><strong>persequi.</strong></span> <span class='ocrx_word' id='word_1_247' title='bbox 345 2449 535 2489; x_wconf 71' lang='lat' dir='ltr'><strong>Amptructre</strong></span> <span class='ocrx_word' id='word_1_248' title='bbox 565 2452 678 2478; x_wconf 84' lang='lat' dir='ltr'><strong>antem</strong></span> <span class='ocrx_word' id='word_1_249' title='bbox 708 2445 848 2485; x_wconf 81' lang='lat' dir='ltr'><strong>antiqua</strong></span> 
     </span>
     <span class='ocr_line' id='line_1_43' title="bbox 151 2495 847 2540; baseline -0.006 -10"><span class='ocrx_word' id='word_1_250' title='bbox 151 2502 322 2540; x_wconf 85' lang='lat' dir='ltr'><strong>scriptura</strong></span> <span class='ocrx_word' id='word_1_251' title='bbox 338 2509 397 2539; x_wconf 85' lang='lat' dir='ltr'><strong>pro</strong></span> <span class='ocrx_word' id='word_1_252' title='bbox 413 2502 573 2538; x_wconf 63' lang='lat' dir='ltr'><strong>(intimare,</strong></span> <span class='ocrx_word' id='word_1_253' title='bbox 589 2502 627 2529; x_wconf 89' lang='lat' dir='ltr'><strong>ut</strong></span> <span class='ocrx_word' id='word_1_254' title='bbox 639 2499 648 2515; x_wconf 89' lang='lat'>‘</span> <span class='ocrx_word' id='word_1_255' title='bbox 663 2500 728 2528; x_wconf 84' lang='lat' dir='ltr'><strong>tem</strong></span> <span class='ocrx_word' id='word_1_256' title='bbox 736 2495 847 2536; x_wconf 82' lang='lat' dir='ltr'><strong>ptare&#39;</strong></span> 
     </span>
     <span class='ocr_line' id='line_1_44' title="bbox 153 2547 849 2592; baseline -0.006 -11"><span class='ocrx_word' id='word_1_257' title='bbox 153 2561 213 2592; x_wconf 87' lang='lat' dir='ltr'><strong>pro</strong></span> <span class='ocrx_word' id='word_1_258' title='bbox 239 2551 248 2567; x_wconf 89' lang='lat'>‘</span> <span class='ocrx_word' id='word_1_259' title='bbox 261 2549 420 2587; x_wconf 83' lang='lat' dir='ltr'><strong>tentare‚&#39;</strong></span> <span class='ocrx_word' id='word_1_260' title='bbox 444 2553 453 2567; x_wconf 90' lang='lat'>‘</span> <span class='ocrx_word' id='word_1_261' title='bbox 467 2554 619 2589; x_wconf 86' lang='lat' dir='ltr'><strong>sumptus</strong></span> <span class='ocrx_word' id='word_1_262' title='bbox 632 2547 640 2560; x_wconf 92' lang='lat'>&#39;</span> <span class='ocrx_word' id='word_1_263' title='bbox 661 2557 721 2588; x_wconf 88' lang='lat' dir='ltr'><strong>pro</strong></span> <span class='ocrx_word' id='word_1_264' title='bbox 738 2550 746 2564; x_wconf 92' lang='lat'><em>‘</em></span> <span class='ocrx_word' id='word_1_265' title='bbox 760 2557 849 2577; x_wconf 87' lang='lat' dir='ltr'><strong>sum-</strong></span> 
     </span>
     <span class='ocr_line' id='line_1_45' title="bbox 155 2597 849 2639; baseline -0.009 -7"><span class='ocrx_word' id='word_1_266' title='bbox 155 2601 232 2639; x_wconf 77' lang='lat' dir='ltr'><strong>tus,&#39;</strong></span> <span class='ocrx_word' id='word_1_267' title='bbox 259 2605 293 2632; x_wconf 89' lang='lat' dir='ltr'><strong>et</strong></span> <span class='ocrx_word' id='word_1_268' title='bbox 309 2600 441 2631; x_wconf 78' lang='lat' dir='ltr'><strong>similia.</strong></span> <span class='ocrx_word' id='word_1_269' title='bbox 485 2601 531 2630; x_wconf 88' lang='lat' dir='ltr'><strong>Et</strong></span> <span class='ocrx_word' id='word_1_270' title='bbox 554 2609 613 2639; x_wconf 81' lang='lat' dir='ltr'><strong>pro</strong></span> <span class='ocrx_word' id='word_1_271' title='bbox 634 2602 783 2629; x_wconf 65' lang='grc' dir='ltr'><strong>ωιτν-κανεῖ</strong></span> <span class='ocrx_word' id='word_1_272' title='bbox 801 2597 849 2626; x_wconf 88' lang='lat' dir='ltr'><strong>di-</strong></span> 
     </span>
     <span class='ocr_line' id='line_1_46' title="bbox 154 2648 850 2683; baseline -0.007 0"><span class='ocrx_word' id='word_1_273' title='bbox 154 2652 279 2683; x_wconf 78' lang='lat' dir='ltr'><strong>cebant</strong></span> <span class='ocrx_word' id='word_1_274' title='bbox 292 2652 447 2681; x_wconf 78' lang='lat' dir='ltr'><strong>amlruare</strong></span> <span class='ocrx_word' id='word_1_275' title='bbox 463 2655 497 2679; x_wconf 83' lang='lat' dir='ltr'><strong>et</strong></span> <span class='ocrx_word' id='word_1_276' title='bbox 512 2650 731 2679; x_wconf 60' lang='lat' dir='ltr'><strong>malundrum-e.</strong></span> <span class='ocrx_word' id='word_1_277' title='bbox 762 2648 850 2678; x_wconf 87' lang='lat' dir='ltr'><strong>Nou.</strong></span> 
     </span>
     <span class='ocr_line' id='line_1_47' title="bbox 154 2697 849 2739; baseline -0.009 -6"><span class='ocrx_word' id='word_1_278' title='bbox 154 2707 163 2720; x_wconf 80' lang='lat'><strong>⁴</strong></span> <span class='ocrx_word' id='word_1_279' title='bbox 178 2703 418 2739; x_wconf 84' lang='lat' dir='ltr'><strong>redandruare,</strong></span> <span class='ocrx_word' id='word_1_280' title='bbox 441 2699 551 2730; x_wconf 88' lang='lat' dir='ltr'><strong>redire</strong></span> <span class='ocrx_word' id='word_1_281' title='bbox 568 2710 575 2729; x_wconf 90' lang='lat'>:</span> <span class='ocrx_word' id='word_1_282' title='bbox 594 2699 703 2730; x_wconf 82' lang='lat' dir='ltr'><strong>Lucil.</strong></span> <span class='ocrx_word' id='word_1_283' title='bbox 720 2697 778 2728; x_wconf 87' lang='lat' dir='ltr'><strong>lib.</strong></span> <span class='ocrx_word' id='word_1_284' title='bbox 796 2706 849 2728; x_wconf 77' lang='lat' dir='ltr'><strong>ix.</strong></span> 
     </span>
     <span class='ocr_line' id='line_1_48' title="bbox 154 2747 850 2793; baseline -0.011 -8"><span class='ocrx_word' id='word_1_285' title='bbox 154 2755 162 2771; x_wconf 90' lang='lat'>‘</span> <span class='ocrx_word' id='word_1_286' title='bbox 178 2759 215 2785; x_wconf 90' lang='lat' dir='ltr'><strong>ut</strong></span> <span class='ocrx_word' id='word_1_287' title='bbox 231 2752 346 2793; x_wconf 83' lang='lat' dir='ltr'><strong>vulgu&#39;</strong></span> <span class='ocrx_word' id='word_1_288' title='bbox 362 2751 569 2783; x_wconf 76' lang='lat' dir='ltr'><strong>redandruet</strong></span> <span class='ocrx_word' id='word_1_289' title='bbox 591 2747 692 2780; x_wconf 86' lang='lat' dir='ltr'><strong>inde.’</strong></span> <span class='ocrx_word' id='word_1_290' title='bbox 738 2748 850 2778; x_wconf 85' lang='lat' dir='ltr'><strong>Pacu-</strong></span> 
     </span>
    </p>
   </div>
   <div class='ocr_carea' id='block_1_16' title="bbox 891 1418 1605 2733">
    <p class='ocr_par' dir='ltr' id='par_1_17' title="bbox 891 1418 1601 2078">
     <span class='ocr_line' id='line_1_49' title="bbox 891 1418 1595 1469; baseline -0.016 -9"><span class='ocrx_word' id='word_1_291' title='bbox 891 1430 963 1461; x_wconf 88' lang='lat' dir='ltr'><strong>vius</strong></span> <span class='ocrx_word' id='word_1_292' title='bbox 981 1428 1124 1469; x_wconf 83' lang='lat' dir='ltr'><strong>Chryse,</strong></span> <span class='ocrx_word' id='word_1_293' title='bbox 1141 1430 1150 1444; x_wconf 82' lang='lat'>‘</span> <span class='ocrx_word' id='word_1_294' title='bbox 1165 1426 1307 1457; x_wconf 83' lang='lat' dir='ltr'><strong>Graecos</strong></span> <span class='ocrx_word' id='word_1_295' title='bbox 1324 1422 1404 1454; x_wconf 85' lang='lat' dir='ltr'><strong>nihil</strong></span> <span class='ocrx_word' id='word_1_296' title='bbox 1418 1418 1595 1452; x_wconf 80' lang='lat' dir='ltr'><strong>mediocri-</strong></span> 
     </span>
     <span class='ocr_line' id='line_1_50' title="bbox 891 1470 1596 1512; baseline -0.016 -1"><span class='ocrx_word' id='word_1_297' title='bbox 891 1485 944 1512; x_wconf 84' lang='lat' dir='ltr'><strong>ter</strong></span> <span class='ocrx_word' id='word_1_298' title='bbox 958 1475 1246 1510; x_wconf 84' lang='lat' dir='ltr'><strong>Redandrnare.’&#39;</strong></span> <span class='ocrx_word' id='word_1_299' title='bbox 1286 1474 1353 1506; x_wconf 92' lang='lat' dir='ltr'><strong>Ubi</strong></span> <span class='ocrx_word' id='word_1_300' title='bbox 1367 1473 1470 1504; x_wconf 83' lang='lat' dir='ltr'><strong>verba</strong></span> <span class='ocrx_word' id='word_1_301' title='bbox 1496 1470 1596 1502; x_wconf 67' lang='lat' dir='ltr'><strong>Luci-</strong></span> 
     </span>
     <span class='ocr_line' id='line_1_51' title="bbox 892 1523 1597 1570; baseline -0.014 -9"><span class='ocrx_word' id='word_1_302' title='bbox 892 1530 927 1561; x_wconf 89' lang='lat' dir='ltr'><strong>lii</strong></span> <span class='ocrx_word' id='word_1_303' title='bbox 945 1529 1044 1570; x_wconf 87' lang='lat' dir='ltr'><strong>paulo</strong></span> <span class='ocrx_word' id='word_1_304' title='bbox 1069 1528 1167 1559; x_wconf 78' lang='lat' dir='ltr'><strong>aliter</strong></span> <span class='ocrx_word' id='word_1_305' title='bbox 1190 1536 1289 1567; x_wconf 91' lang='lat' dir='ltr'><strong>quam</strong></span> <span class='ocrx_word' id='word_1_306' title='bbox 1314 1524 1406 1565; x_wconf 80' lang='lat' dir='ltr'><strong>apud</strong></span> <span class='ocrx_word' id='word_1_307' title='bbox 1433 1523 1597 1554; x_wconf 86' lang='lat' dir='ltr'><strong>Nostrum</strong></span> 
     </span>
     <span class='ocr_line' id='line_1_52' title="bbox 893 1571 1598 1620; baseline -0.014 -8"><span class='ocrx_word' id='word_1_308' title='bbox 893 1584 1061 1620; x_wconf 87' lang='lat' dir='ltr'><strong>concepta</strong></span> <span class='ocrx_word' id='word_1_309' title='bbox 1100 1583 1190 1609; x_wconf 88' lang='lat' dir='ltr'><strong>sunt.</strong></span> <span class='ocrx_word' id='word_1_310' title='bbox 1236 1577 1293 1608; x_wconf 84' lang='lat' dir='ltr'><strong>Ita</strong></span> <span class='ocrx_word' id='word_1_311' title='bbox 1322 1580 1359 1606; x_wconf 89' lang='lat' dir='ltr'><strong>ut</strong></span> <span class='ocrx_word' id='word_1_312' title='bbox 1390 1575 1431 1605; x_wconf 88' lang='lat' dir='ltr'><strong>P.</strong></span> <span class='ocrx_word' id='word_1_313' title='bbox 1462 1571 1598 1604; x_wconf 85' lang='lat' dir='ltr'><strong>Merula</strong></span> 
     </span>
     <span class='ocr_line' id='line_1_53' title="bbox 895 1623 1598 1673; baseline -0.016 -9"><span class='ocrx_word' id='word_1_314' title='bbox 895 1633 1034 1673; x_wconf 80' lang='lat' dir='ltr'><strong>propius</strong></span> <span class='ocrx_word' id='word_1_315' title='bbox 1059 1631 1101 1662; x_wconf 88' lang='lat' dir='ltr'><strong>ad</strong></span> <span class='ocrx_word' id='word_1_316' title='bbox 1139 1636 1291 1661; x_wconf 88' lang='lat' dir='ltr'><strong>veterem</strong></span> <span class='ocrx_word' id='word_1_317' title='bbox 1320 1627 1521 1667; x_wconf 83' lang='lat' dir='ltr'><strong>scripturam</strong></span> <span class='ocrx_word' id='word_1_318' title='bbox 1551 1623 1598 1653; x_wconf 89' lang='lat' dir='ltr'><strong>vi-</strong></span> 
     </span>
     <span class='ocr_line' id='line_1_54' title="bbox 896 1674 1598 1720; baseline -0.016 -6"><span class='ocrx_word' id='word_1_319' title='bbox 896 1683 1018 1714; x_wconf 84' lang='lat' dir='ltr'><strong>deatur</strong></span> <span class='ocrx_word' id='word_1_320' title='bbox 1039 1680 1217 1718; x_wconf 84' lang='lat' dir='ltr'><strong>accedere,</strong></span> <span class='ocrx_word' id='word_1_321' title='bbox 1233 1680 1288 1720; x_wconf 86' lang='lat' dir='ltr'><strong>qui</strong></span> <span class='ocrx_word' id='word_1_322' title='bbox 1313 1678 1420 1718; x_wconf 81' lang='lat' dir='ltr'><strong>legit:</strong></span> <span class='ocrx_word' id='word_1_323' title='bbox 1444 1674 1598 1706; x_wconf 82' lang='lat' dir='ltr'><strong>‘Praesul</strong></span> 
     </span>
     <span class='ocr_line' id='line_1_55' title="bbox 896 1724 1598 1773; baseline -0.016 -9"><span class='ocrx_word' id='word_1_324' title='bbox 896 1739 935 1765; x_wconf 87' lang='lat' dir='ltr'><strong>ut</strong></span> <span class='ocrx_word' id='word_1_325' title='bbox 972 1736 1148 1773; x_wconf 84' lang='lat' dir='ltr'><strong>amptruet</strong></span> <span class='ocrx_word' id='word_1_326' title='bbox 1183 1731 1275 1769; x_wconf 89' lang='lat' dir='ltr'><strong>hinc,</strong></span> <span class='ocrx_word' id='word_1_327' title='bbox 1312 1734 1348 1759; x_wconf 91' lang='lat' dir='ltr'><strong>et</strong></span> <span class='ocrx_word' id='word_1_328' title='bbox 1395 1724 1506 1766; x_wconf 86' lang='lat' dir='ltr'><strong>vulgu&#39;</strong></span> <span class='ocrx_word' id='word_1_329' title='bbox 1546 1733 1598 1754; x_wconf 89' lang='lat' dir='ltr'><strong>re-</strong></span> 
     </span>
     <span class='ocr_line' id='line_1_56' title="bbox 898 1776 1598 1823; baseline -0.011 -9"><span class='ocrx_word' id='word_1_330' title='bbox 898 1783 1094 1823; x_wconf 81' lang='lat' dir='ltr'><strong>(lamptruet</strong></span> <span class='ocrx_word' id='word_1_331' title='bbox 1112 1781 1212 1812; x_wconf 83' lang='lat' dir='ltr'><strong>inde.&#39;</strong></span> <span class='ocrx_word' id='word_1_332' title='bbox 1260 1780 1483 1811; x_wconf 78' lang='lat' dir='ltr'><strong>Proesullorem</strong></span> <span class='ocrx_word' id='word_1_333' title='bbox 1499 1776 1598 1807; x_wconf 86' lang='lat' dir='ltr'><strong>intel-</strong></span> 
     </span>
     <span class='ocr_line' id='line_1_57' title="bbox 899 1827 1599 1876; baseline -0.011 -11"><span class='ocrx_word' id='word_1_334' title='bbox 899 1836 980 1876; x_wconf 81' lang='lat' dir='ltr'><strong>lige,</strong></span> <span class='ocrx_word' id='word_1_335' title='bbox 1000 1839 1039 1865; x_wconf 90' lang='lat' dir='ltr'><strong>ut</strong></span> <span class='ocrx_word' id='word_1_336' title='bbox 1064 1833 1153 1873; x_wconf 80' lang='lat' dir='ltr'><strong>apud</strong></span> <span class='ocrx_word' id='word_1_337' title='bbox 1179 1832 1327 1864; x_wconf 89' lang='lat' dir='ltr'><strong>Nonium</strong></span> <span class='ocrx_word' id='word_1_338' title='bbox 1352 1831 1385 1861; x_wconf 87' lang='lat' dir='ltr'><strong>iu</strong></span> <span class='ocrx_word' id='word_1_339' title='bbox 1404 1838 1486 1860; x_wconf 88' lang='lat' dir='ltr'><strong>voce</strong></span> <span class='ocrx_word' id='word_1_340' title='bbox 1511 1827 1599 1858; x_wconf 89' lang='lat' dir='ltr'><strong>‘Lu-</strong></span> 
     </span>
     <span class='ocr_line' id='line_1_58' title="bbox 899 1877 1600 1921; baseline -0.013 -5"><span class='ocrx_word' id='word_1_341' title='bbox 899 1885 972 1916; x_wconf 86' lang='lat' dir='ltr'><strong>dius</strong></span> <span class='ocrx_word' id='word_1_342' title='bbox 987 1884 1008 1916; x_wconf 89' lang='lat'><strong>:’</strong></span> <span class='ocrx_word' id='word_1_343' title='bbox 1046 1886 1054 1902; x_wconf 90' lang='lat'>‘</span> <span class='ocrx_word' id='word_1_344' title='bbox 1073 1883 1171 1916; x_wconf 82' lang='lat' dir='ltr'><strong>Quod</strong></span> <span class='ocrx_word' id='word_1_345' title='bbox 1202 1882 1288 1913; x_wconf 87' lang='lat' dir='ltr'><strong>ludis</strong></span> <span class='ocrx_word' id='word_1_346' title='bbox 1318 1879 1413 1921; x_wconf 87' lang='lat' dir='ltr'><strong>pueri</strong></span> <span class='ocrx_word' id='word_1_347' title='bbox 1436 1877 1600 1919; x_wconf 80' lang='lat' dir='ltr'><strong>praesules</strong></span> 
     </span>
     <span class='ocr_line' id='line_1_59' title="bbox 901 1931 1600 1975; baseline -0.014 -8"><span class='ocrx_word' id='word_1_348' title='bbox 901 1940 1015 1967; x_wconf 87' lang='lat' dir='ltr'><strong>essent</strong></span> <span class='ocrx_word' id='word_1_349' title='bbox 1044 1934 1154 1975; x_wconf 83' lang='lat' dir='ltr'><strong>glabri</strong></span> <span class='ocrx_word' id='word_1_350' title='bbox 1181 1942 1220 1964; x_wconf 92' lang='lat' dir='ltr'><strong>ac</strong></span> <span class='ocrx_word' id='word_1_351' title='bbox 1245 1931 1375 1972; x_wconf 79' lang='lat' dir='ltr'><strong>depiles</strong></span> <span class='ocrx_word' id='word_1_352' title='bbox 1400 1933 1541 1970; x_wconf 88' lang='lat' dir='ltr'><strong>propter</strong></span> <span class='ocrx_word' id='word_1_353' title='bbox 1557 1938 1600 1958; x_wconf 84' lang='lat' dir='ltr'><strong>ae-</strong></span> 
     </span>
     <span class='ocr_line' id='line_1_60' title="bbox 901 1978 1601 2026; baseline -0.016 -8"><span class='ocrx_word' id='word_1_354' title='bbox 901 1992 1021 2025; x_wconf 84' lang='lat' dir='ltr'><strong>tatem,</strong></span> <span class='ocrx_word' id='word_1_355' title='bbox 1045 1994 1127 2026; x_wconf 87' lang='lat' dir='ltr'><strong>quos</strong></span> <span class='ocrx_word' id='word_1_356' title='bbox 1156 1983 1287 2024; x_wconf 80' lang='lat' dir='ltr'><strong>antiqui</strong></span> <span class='ocrx_word' id='word_1_357' title='bbox 1316 1980 1462 2012; x_wconf 86' lang='lat' dir='ltr'><strong>Romani</strong></span> <span class='ocrx_word' id='word_1_358' title='bbox 1479 1978 1601 2009; x_wconf 87' lang='lat' dir='ltr'><strong>Ludios</strong></span> 
     </span>
     <span class='ocr_line' id='line_1_61' title="bbox 900 2033 1258 2078; baseline -0.006 -10"><span class='ocrx_word' id='word_1_359' title='bbox 900 2033 1149 2078; x_wconf 56' lang='lat' dir='ltr'><strong>appellabant?</strong></span> <span class='ocrx_word' id='word_1_360' title='bbox 1175 2034 1258 2066; x_wconf 78' lang='lat' dir='ltr'><strong>Dae.</strong></span> 
     </span>
    </p>

    <p class='ocr_par' dir='ltr' id='par_1_18' title="bbox 900 2077 1605 2532">
     <span class='ocr_line' id='line_1_62' title="bbox 942 2077 1602 2124; baseline -0.014 -7"><span class='ocrx_word' id='word_1_361' title='bbox 942 2093 963 2107; x_wconf 83' lang='lat'><strong>¹¹¹</strong></span> <span class='ocrx_word' id='word_1_362' title='bbox 989 2084 1216 2124; x_wconf 81' lang='lat' dir='ltr'><strong>Redarguisse]</strong></span> <span class='ocrx_word' id='word_1_363' title='bbox 1259 2083 1340 2122; x_wconf 83' lang='lat' dir='ltr'><strong>Ipsa</strong></span> <span class='ocrx_word' id='word_1_364' title='bbox 1371 2079 1477 2111; x_wconf 85' lang='lat' dir='ltr'><strong>verba</strong></span> <span class='ocrx_word' id='word_1_365' title='bbox 1508 2077 1602 2109; x_wconf 84' lang='lat' dir='ltr'><strong>Festi</strong></span> 
     </span>
     <span class='ocr_line' id='line_1_63' title="bbox 900 2129 1602 2174; baseline -0.016 -5"><span class='ocrx_word' id='word_1_366' title='bbox 900 2138 1057 2169; x_wconf 83' lang='lat' dir='ltr'><strong>indicant</strong></span> <span class='ocrx_word' id='word_1_367' title='bbox 1074 2134 1254 2174; x_wconf 81' lang='lat' dir='ltr'><strong>legendum</strong></span> <span class='ocrx_word' id='word_1_368' title='bbox 1274 2133 1498 2170; x_wconf 75' lang='lat' dir='ltr'><strong>Redarguesse.</strong></span> <span class='ocrx_word' id='word_1_369' title='bbox 1537 2129 1602 2158; x_wconf 89' lang='lat' dir='ltr'><strong>Lu-</strong></span> 
     </span>
     <span class='ocr_line' id='line_1_64' title="bbox 901 2180 1600 2221; baseline -0.014 -3"><span class='ocrx_word' id='word_1_370' title='bbox 901 2188 968 2219; x_wconf 86' lang='lat' dir='ltr'><strong>cilii</strong></span> <span class='ocrx_word' id='word_1_371' title='bbox 999 2196 1078 2216; x_wconf 88' lang='lat' dir='ltr'><strong>vero</strong></span> <span class='ocrx_word' id='word_1_372' title='bbox 1097 2183 1272 2215; x_wconf 81' lang='lat' dir='ltr'><strong>Trocliaici</strong></span> <span class='ocrx_word' id='word_1_373' title='bbox 1299 2182 1349 2213; x_wconf 83' lang='lat' dir='ltr'><strong>ita</strong></span> <span class='ocrx_word' id='word_1_374' title='bbox 1375 2180 1600 2221; x_wconf 80' lang='lat' dir='ltr'><strong>gradiuntur:</strong></span> 
     </span>
     <span class='ocr_line' id='line_1_65' title="bbox 904 2232 1604 2275; baseline -0.014 -6"><span class='ocrx_word' id='word_1_375' title='bbox 904 2240 973 2274; x_wconf 79' lang='lat' dir='ltr'><strong>Quo</strong></span> <span class='ocrx_word' id='word_1_376' title='bbox 979 2236 1117 2275; x_wconf 81' lang='lat' dir='ltr'><strong>facetior</strong></span> <span class='ocrx_word' id='word_1_377' title='bbox 1131 2235 1268 2272; x_wconf 75' lang='lat' dir='ltr'><strong>videare,</strong></span> <span class='ocrx_word' id='word_1_378' title='bbox 1282 2237 1311 2263; x_wconf 83' lang='lat' dir='ltr'><strong>et</strong></span> <span class='ocrx_word' id='word_1_379' title='bbox 1328 2234 1407 2264; x_wconf 81' lang='lat' dir='ltr'><strong>scire</strong></span> <span class='ocrx_word' id='word_1_380' title='bbox 1426 2232 1497 2271; x_wconf 81' lang='lat' dir='ltr'><strong>plus</strong></span> <span class='ocrx_word' id='word_1_381' title='bbox 1513 2239 1604 2270; x_wconf 80' lang='lat' dir='ltr'><strong>quam</strong></span> 
     </span>
     <span class='ocr_line' id='line_1_66' title="bbox 901 2284 1605 2329; baseline -0.016 -9"><span class='ocrx_word' id='word_1_382' title='bbox 901 2289 1007 2329; x_wconf 78' lang='lat' dir='ltr'><strong>ceteri,</strong></span> <span class='ocrx_word' id='word_1_383' title='bbox 1023 2287 1178 2318; x_wconf 75' lang='lat' dir='ltr'><strong>Percisum</strong></span> <span class='ocrx_word' id='word_1_384' title='bbox 1188 2284 1352 2323; x_wconf 77' lang='lat' dir='ltr'><strong>lwminem,</strong></span> <span class='ocrx_word' id='word_1_385' title='bbox 1364 2293 1424 2313; x_wconf 82' lang='lat' dir='ltr'><strong>non</strong></span> <span class='ocrx_word' id='word_1_386' title='bbox 1437 2284 1605 2322; x_wconf 83' lang='lat' dir='ltr'><strong>pertesum,</strong></span> 
     </span>
     <span class='ocr_line' id='line_1_67' title="bbox 900 2330 1604 2376; baseline -0.014 -6"><span class='ocrx_word' id='word_1_387' title='bbox 900 2340 1001 2370; x_wconf 81' lang='lat' dir='ltr'><strong>dicere</strong></span> <span class='ocrx_word' id='word_1_388' title='bbox 1014 2338 1191 2376; x_wconf 77' lang='lat' dir='ltr'><strong>fortunam,</strong></span> <span class='ocrx_word' id='word_1_389' title='bbox 1212 2345 1322 2375; x_wconf 84' lang='lat' dir='ltr'><strong>genus.</strong></span> <span class='ocrx_word' id='word_1_390' title='bbox 1370 2334 1458 2372; x_wconf 83' lang='lat' dir='ltr'><strong>Quo,</strong></span> <span class='ocrx_word' id='word_1_391' title='bbox 1483 2330 1604 2371; x_wconf 86' lang='lat' dir='ltr'><strong>iuquit.</strong></span> 
     </span>
     <span class='ocr_line' id='line_1_68' title="bbox 901 2381 1603 2425; baseline -0.016 -4"><span class='ocrx_word' id='word_1_392' title='bbox 901 2390 1044 2421; x_wconf 78' lang='lat' dir='ltr'><strong>facetior</strong></span> <span class='ocrx_word' id='word_1_393' title='bbox 1062 2388 1212 2425; x_wconf 85' lang='lat' dir='ltr'><strong>videare,</strong></span> <span class='ocrx_word' id='word_1_394' title='bbox 1230 2387 1272 2416; x_wconf 90' lang='lat' dir='ltr'><strong>P.</strong></span> <span class='ocrx_word' id='word_1_395' title='bbox 1289 2384 1417 2425; x_wconf 79' lang='lat' dir='ltr'><strong>Scipio,</strong></span> <span class='ocrx_word' id='word_1_396' title='bbox 1434 2381 1529 2422; x_wconf 80' lang='lat' dir='ltr'><strong>dicis,</strong></span> <span class='ocrx_word' id='word_1_397' title='bbox 1545 2381 1603 2411; x_wconf 90' lang='lat' dir='ltr'><strong>ho-</strong></span> 
     </span>
     <span class='ocr_line' id='line_1_69' title="bbox 903 2431 1603 2480; baseline -0.016 -9"><span class='ocrx_word' id='word_1_398' title='bbox 903 2451 957 2472; x_wconf 89' lang='lat' dir='ltr'><strong>mo</strong></span> <span class='ocrx_word' id='word_1_399' title='bbox 987 2439 1135 2480; x_wconf 81' lang='lat' dir='ltr'><strong>pertisus</strong></span> <span class='ocrx_word' id='word_1_400' title='bbox 1167 2442 1219 2468; x_wconf 89' lang='lat' dir='ltr'><strong>est</strong></span> <span class='ocrx_word' id='word_1_401' title='bbox 1247 2435 1428 2468; x_wconf 81' lang='lat' dir='ltr'><strong>fortunam,</strong></span> <span class='ocrx_word' id='word_1_402' title='bbox 1459 2431 1603 2473; x_wconf 76' lang='lat' dir='ltr'><strong>penisus</strong></span> 
     </span>
     <span class='ocr_line' id='line_1_70' title="bbox 904 2483 1552 2532; baseline -0.017 -9"><span class='ocrx_word' id='word_1_403' title='bbox 904 2497 956 2523; x_wconf 89' lang='lat' dir='ltr'><strong>est</strong></span> <span class='ocrx_word' id='word_1_404' title='bbox 974 2500 1091 2532; x_wconf 73' lang='lat' dir='ltr'><strong>genus,</strong></span> <span class='ocrx_word' id='word_1_405' title='bbox 1107 2498 1171 2519; x_wconf 87' lang='lat' dir='ltr'><strong>non</strong></span> <span class='ocrx_word' id='word_1_406' title='bbox 1190 2491 1357 2528; x_wconf 84' lang='lat' dir='ltr'><strong>pertesus.</strong></span> <span class='ocrx_word' id='word_1_407' title='bbox 1379 2485 1449 2515; x_wconf 86' lang='lat' dir='ltr'><strong>Jos.</strong></span> <span class='ocrx_word' id='word_1_408' title='bbox 1468 2483 1552 2514; x_wconf 77' lang='lat' dir='ltr'><strong>Scal.</strong></span> 
     </span>
    </p>

    <p class='ocr_par' dir='ltr' id='par_1_19' title="bbox 905 2533 1604 2733">
     <span class='ocr_line' id='line_1_71' title="bbox 946 2533 1604 2579; baseline -0.018 -7"><span class='ocrx_word' id='word_1_409' title='bbox 946 2547 960 2561; x_wconf 87' lang='lat'><strong>¹¹</strong></span> <span class='ocrx_word' id='word_1_410' title='bbox 1000 2536 1288 2579; x_wconf 79' lang='lat' dir='ltr'><strong>Redemptituvere]</strong></span> <span class='ocrx_word' id='word_1_411' title='bbox 1331 2534 1361 2566; x_wconf 92' lang='lat' dir='ltr'><strong>A</strong></span> <span class='ocrx_word' id='word_1_412' title='bbox 1395 2533 1525 2571; x_wconf 76' lang='lat' dir='ltr'><strong>redimo,</strong></span> <span class='ocrx_word' id='word_1_413' title='bbox 1555 2540 1604 2561; x_wconf 83' lang='lat' dir='ltr'><strong>re-</strong></span> 
     </span>
     <span class='ocr_line' id='line_1_72' title="bbox 905 2581 1604 2632; baseline -0.02 -8"><span class='ocrx_word' id='word_1_414' title='bbox 905 2594 1036 2632; x_wconf 80' lang='lat' dir='ltr'><strong>dempto,</strong></span> <span class='ocrx_word' id='word_1_415' title='bbox 1054 2589 1145 2621; x_wconf 89' lang='lat' dir='ltr'><strong>unde</strong></span> <span class='ocrx_word' id='word_1_416' title='bbox 1166 2586 1360 2626; x_wconf 75' lang='lat' dir='ltr'><strong>redemptito.</strong></span> <span class='ocrx_word' id='word_1_417' title='bbox 1406 2584 1482 2616; x_wconf 82' lang='lat' dir='ltr'><strong>Quo</strong></span> <span class='ocrx_word' id='word_1_418' title='bbox 1499 2581 1604 2612; x_wconf 83' lang='lat' dir='ltr'><strong>etiam</strong></span> 
     </span>
     <span class='ocr_line' id='line_1_73' title="bbox 905 2631 1601 2676; baseline -0.017 -2"><span class='ocrx_word' id='word_1_419' title='bbox 905 2654 983 2675; x_wconf 73' lang='lat' dir='ltr'><strong>usus</strong></span> <span class='ocrx_word' id='word_1_420' title='bbox 1001 2647 1052 2673; x_wconf 85' lang='lat' dir='ltr'><strong>est</strong></span> <span class='ocrx_word' id='word_1_421' title='bbox 1070 2642 1185 2671; x_wconf 87' lang='lat' dir='ltr'><strong>Plaut.</strong></span> <span class='ocrx_word' id='word_1_422' title='bbox 1210 2639 1218 2655; x_wconf 89' lang='lat'>‘</span> <span class='ocrx_word' id='word_1_423' title='bbox 1233 2635 1535 2676; x_wconf 81' lang='lat' dir='ltr'><strong>Redemptitavcre</strong></span> <span class='ocrx_word' id='word_1_424' title='bbox 1560 2631 1601 2662; x_wconf 75' lang='lat' dir='ltr'><strong>ad</strong></span> 
     </span>
     <span class='ocr_line' id='line_1_74' title="bbox 907 2688 1274 2733; baseline -0.022 -8"><span class='ocrx_word' id='word_1_425' title='bbox 907 2703 1006 2725; x_wconf 81' lang='lat' dir='ltr'><strong>mium</strong></span> <span class='ocrx_word' id='word_1_426' title='bbox 1025 2688 1167 2733; x_wconf 66' lang='lat' dir='ltr'><strong>captos!</strong></span> <span class='ocrx_word' id='word_1_427' title='bbox 1191 2688 1274 2720; x_wconf 70' lang='lat' dir='ltr'><strong>Duc.</strong></span> 
     </span>
    </p>
   </div>
  </div>
 </body>
</html>
