1876 3025
249 164 335 206 922

692 174 841 204 SEXTI
877 172 1080 203 POMPEII
1115 172 1254 203 FESTI

308 283 396 310 men
416 269 481 310 rei
503 268 645 310 solum
669 269 916 316 conserunt,
939 266 1166 308 subsolanei
1185 268 1290 308 enim
1311 266 1506 307 (licuntur
1535 266 1606 321 qui
1638 267 1700 306 in-

306 338 454 379 fimum
475 337 603 378 solum
631 336 766 377 colunt
787 343 832 376 ut
853 336 923 391 qui
951 337 996 377 in
1024 339 1179 377 terram
1211 335 1520 389 supersolanei.-
1553 334 1701 374 dicitur

305 404 400 446 inde
419 405 617 455 solidum,
637 406 786 454 imum,
808 402 936 444 solum
954 419 966 443 .-
997 417 1136 444 rursus
1166 417 1244 457 quo
1274 402 1424 458 planta
1439 401 1557 456 pedis
1591 402 1700 442 inni-

307 475 425 516 titur.

250 542 544 583 Substillum⁰
577 540 738 596 antiqui
767 539 1032 595 appellabunt
1066 543 1242 593 tempus
1277 544 1378 580 ante
1404 538 1586 593 pluviam
1602 537 1700 592 jam

305 624 435 664 paene
451 609 646 659 uvidum,
669 615 705 649 et
723 616 815 663 post
835 608 1023 663 pluviam
1056 621 1145 649 non
1166 609 1429 662 persiccum,
1465 606 1582 660 quod
1603 606 1700 660 jum

305 677 496 727 stillaret,
518 683 595 719 aut
615 677 805 718 nondum
827 678 1051 718 desiisset.

248 745 508 786 Substillum
525 751 700 799 tempus
718 750 817 785 ante
833 745 1031 799 pluviam
1045 744 1142 799 jam
1160 757 1287 798 paene
1307 743 1501 792 uvidum,
1520 742 1700 797 [PAUL.

304 818 347 854 et
377 818 481 867 post
514 812 709 866 pluviam
729 827 813 854 non
833 814 1095 867 persiccum,
1117 812 1238 867 quod
1267 811 1360 866 jam
1390 812 1588 862 stillaret,
1608 816 1701 852 ‘aut

306 881 503 922 nondum
521 881 744 921 desiisset.

248 950 477 991 Subucula
495 955 511 980 P
531 962 665 1002 genus
690 949 766 990 libi
784 949 959 999 dicitur,
983 962 1043 990 ex
1063 948 1226 999 halica,
1253 953 1298 990 et
1333 948 1448 995 oleo,
1470 953 1512 989 et
1543 947 1668 989 melle
1688 960 1697 988 :

304 1022 345 1057 et
366 1030 506 1070 genus
528 1018 794 1057 vestimenti.

246 1085 520 1126 Subuculam
543 1085 687 1125 AElius
710 1084 839 1131 Stilo,
861 1089 907 1124 et
923 1084 1125 1126 Cloatius
1138 1084 1289 1125 iisdem
1312 1084 1399 1124 fere
1422 1096 1515 1123 ver-
1532 1082 1698 1135 [Fsssrr.

303 1153 373 1192 bis
405 1152 706 1193 demonstrant
740 1154 903 1202 vocari,
933 1153 1053 1206 quod
1093 1152 1192 1193 Diis
1226 1152 1350 1192 detur
1386 1164 1445 1192 ex
1477 1151 1622 1191 halica
1659 1154 1700 1190 et

304 1221 416 1269 oleo,
431 1225 472 1261 et
489 1221 629 1261 melle.
670 1219 786 1260 Nam
805 1220 860 1260 de
883 1221 1044 1262 tunicae
1062 1233 1216 1272 genere
1233 1226 1383 1260 notum
1406 1223 1468 1259 cst
1483 1219 1699 1259 omnibus.

246 1287 629 1336 Subverbustam,q
663 1288 839 1328 veribus
861 1291 1003 1328 ustam
1027 1288 1247 1340 significat
1274 1288 1463 1328 Plautus
1487 1299 1584 1328 cum
1613 1286 1697 1326 ait:

304 1355 617 1405 Ulcerosam,¹¹
641 1356 956 1410 compeditam,
997 1357 1348 1406 subverbustam,
1371 1354 1610 1396 sordidam.

854 1465 1094 1477 ‘oenoe-‘0600

288 1535 324 1564 ll
353 1532 432 1565 Vet.
449 1532 525 1564 cod.
542 1533 720 1566 vicerosam.

903 1619 1049 1651 NOTJE

243 1685 326 1716 citur
342 1685 412 1716 imle
423 1685 555 1715 solidum
567 1695 577 1715 .·
598 1684 680 1725 inde,
697 1685 730 1715 id
749 1690 815 1722 est,
830 1696 849 1716 a
864 1687 945 1716 solo.-

244 1746 263 1766 a
278 1736 339 1766 solo
356 1735 446 1766 enim
462 1736 606 1774 solidum,
623 1741 775 1776 utsupra
802 1736 834 1766 in
847 1737 855 1753 ‘
867 1736 946 1767 soli-

243 1786 285 1816 da
321 1785 428 1816 sella!
474 1786 615 1826 Optime
648 1794 763 1817 autern
800 1787 945 1826 solidum,

242 1838 358 1876 imum,
371 1838 478 1867 solum
494 1837 752 1876 interpretatur.
778 1838 859 1869 Duc.

284 1893 298 1907 ⁰
323 1886 524 1927 Substillum]
550 1888 734 1919 Substillum
759 1889 863 1928 igitur
886 1897 944 1919 vo-

242 1945 341 1970 catur
358 1946 437 1970 ante
455 1940 601 1979 pluviam
618 1943 762 1980 tempus,
778 1949 852 1970 cum
868 1944 944 1979 gut-

244 1989 340 2020 tatim
359 1990 459 2019 stillae
486 1989 624 2024 cadunt,
638 1994 672 2020 et
689 1996 766 2029 post
783 1990 944 2029 pluviam,

243 2040 323 2072 dum
352 2040 461 2070 adhuc
491 2039 627 2070 uvidum
656 2045 719 2070 est.
764 2040 945 2070 Tertullia-

243 2100 328 2121 nus:
354 2091 362 2106 ‘
381 2095 440 2120 aut
466 2090 591 2120 imbres
622 2093 734 2129 ruunt,
764 2095 800 2120 et
827 2090 854 2120 si
879 2099 947 2130 qua

243 2141 392 2172 Missilia
422 2150 498 2171 cum
527 2140 705 2179 imbribus,
729 2140 850 2171 dehinc
868 2140 945 2170 sub-

240 2192 380 2227 stillum,
398 2197 432 2222 et
448 2191 559 2221 denuo
583 2190 728 2221 sudum.‘
764 2191 850 2221 Inde
876 2191 946 2221 sub-

242 2243 362 2273 stillum
410 2248 446 2273 et
484 2241 685 2281 substillatio,
723 2243 947 2282 στραγγουρία,

242 2293 378 2323 morbus
410 2302 487 2323 cum
518 2292 617 2322 urina
653 2293 806 2323 stillatim
838 2293 942 2324 cadit.

243 2344 328 2375 Cato
346 2342 387 2373 de
406 2343 450 2374 R.
466 2343 506 2374 R.
524 2352 599 2382 cap.
617 2346 670 2374 56.
696 2348 703 2361 ‘
716 2344 816 2374 Nunc
841 2343 884 2374 de
906 2344 943 2374 il-

242 2395 282 2425 lis
298 2394 419 2434 quibus
437 2404 527 2434 aegre
544 2394 662 2424 lotium
692 2394 730 2434 it,
756 2395 945 2435 quibusque

242 2447 432 2478 substillum
445 2445 522 2477 est!
547 2446 793 2487 GlossaeCyril.
810 2452 946 2487 ’στραγ-

242 2497 362 2538 γουρία,
387 2496 540 2532 culbitio,
558 2497 787 2529 substillatio.’
811 2498 909 2528 Idem.

285 2554 300 2574 p
326 2546 499 2586 subucula]
524 2546 565 2576 In
593 2547 672 2576 meis
698 2548 827 2578 Glossis
855 2548 942 2579 anti-

245 2599 319 2638 quis
345 2597 479 2628 invenio
506 2596 701 2631 Subitiuum,
727 2603 785 2628 aut
803 2598 941 2629 Subucu-

244 2650 307 2679 lum
347 2649 477 2678 dit-tum
519 2656 594 2678 cum
630 2648 914 2687 interpretatione
935 2660 941 2677 :

245 2698 425 2736 Subitiltus,
441 2697 590 2736 ἔγχυτον.
613 2698 680 2728 Jos.
699 2698 782 2729 Scul-

288 2747 460 2788 Subucula]
473 2748 540 2779 Pro
556 2748 757 2780 vestimento
771 2749 858 2790 quod
868 2748 946 2780 sub-

1001 1690 1054 1717 tus
1085 1685 1237 1716 induitur
1263 1695 1281 1715 a
1308 1684 1400 1714 subuo
1424 1693 1485 1724 pro
1509 1683 1634 1718 subcluo,
1664 1688 1700 1714 ut

1001 1735 1130 1767 ‘exuo'
1155 1746 1215 1776 pro
1239 1733 1395 1764 ‘eit-(luo.5
1441 1734 1540 1764 Varr.
1568 1733 1624 1765 lib.
1650 1743 1700 1765 ιν.

1001 1788 1043 1818 de
1063 1788 1098 1817 L.
1116 1787 1152 1817 L.
1177 1785 1186 1801 ‘
1201 1786 1372 1826 Capitium
1391 1785 1431 1815 ab
1447 1795 1486 1815 eo
1501 1785 1589 1826 quod
1607 1785 1701 1825 capit

1001 1842 1134 1878 pectus,
1160 1836 1192 1866 id
1217 1841 1281 1871 est,
1307 1841 1343 1866 ut
1367 1834 1498 1874 antiqui
1527 1833 1702 1871 dicebant,

1000 1887 1120 1918 indutu
1137 1885 1408 1926 comprehendit,
1433 1884 1587 1922 alterum,
1610 1884 1697 1925 quod

1001 1938 1131 1976 subtus,
1149 1947 1167 1968 a
1181 1946 1245 1977 quo
1261 1936 1438 1970 subucula,
1454 1935 1595 1965 alterum
1610 1935 1698 1975 quod

1001 1998 1114 2028 supra,
1133 1982 1240 2028 a‘quo
1267 1986 1456 2026 supparus!
1500 1986 1567 2016 Sed
1595 1995 1698 2025 quare

1002 2040 1105 2070 libum
1124 2048 1165 2069 ex
1185 2039 1282 2072 alica,
1300 2038 1375 2067 oleo
1393 2042 1428 2067 et
1442 2036 1537 2065 melle
1554 2035 1698 2066 subucula

1003 2089 1148 2123 dicatur,
1167 2088 1317 2127 reperire
1332 2097 1395 2117 non
1413 2086 1519 2126 potui.
1552 2087 1699 2117 Notavit

1000 2140 1152 2179 Scaliger
1178 2140 1210 2168 in
1238 2138 1387 2178 antiquis
1415 2138 1528 2168 Gloss.
1556 2137 1698 2167 inveniri

1001 2189 1170 2226 subitillus,
1184 2186 1332 2226 ἔγχυτον.
1378 2187 1444 2217 Sed
1464 2186 1526 2217 boc
1551 2187 1631 2216 nihil
1657 2187 1698 2217 ad

1001 2251 1084 2280 rem,
1109 2248 1218 2279 neque
1235 2237 1325 2269 enim
1353 2247 1412 2277 pro
1437 2237 1594 2275 subucula,
1615 2238 1699 2267 subi-

1001 2291 1088 2322 tillus
1108 2298 1253 2330 unquam
1272 2288 1459 2318 rescribere
1476 2288 1591 2318 ausim.
1617 2288 1697 2319 Duc.

1042 2346 1057 2367 ‘1
1081 2338 1335 2378 Snbcerbnseam]
1367 2339 1432 2369 Hic
1447 2339 1464 2368 b
1493 2348 1553 2379 pro
1572 2349 1601 2374 u,
1618 2338 1697 2369 Sub-

1000 2395 1185 2424 vert-ustam.
1216 2391 1446 2421 Tertullianus
1460 2390 1490 2420 in
1506 2390 1591 2420 libro
1604 2391 1697 2420 scho-

1001 2443 1123 2474 lastico
1154 2441 1196 2472 de
1234 2441 1363 2471 Pallio:
1403 2442 1411 2456 ‘
1436 2440 1625 2470 Libertinos
1664 2441 1696 2471 in

998 2491 1236 2533 equestribus:
1262 2489 1507 2520 subverbustos
1526 2491 1557 2521 in
1576 2491 1696 2520 libera-

998 2545 1111 2575 libus:
1135 2541 1311 2573 dedititios
1342 2542 1374 2571 in
1403 2542 1574 2581 ingenuis:
1605 2542 1694 2581 rupi-

999 2605 1054 2626 ces
1072 2594 1104 2625 in
1119 2593 1254 2623 urbanis
1271 2603 1277 2623 :
1295 2602 1426 2623 scurras
1441 2595 1470 2622 in
1488 2591 1694 2623 forensibus:

999 2655 1147 2688 paganos
1165 2646 1197 2675 in
1212 2644 1437 2675 militaribus!
1484 2643 1696 2674 Subverbus-

1001 2703 1052 2728 tos
1072 2701 1172 2726 vocat
1187 2694 1259 2725 τοὺς
1282 2692 1478 2734 στιγματίας,
1505 2695 1582 2735 quia
1607 2695 1693 2724 notis

1000 2748 1231 2779 inurebantur.
1256 2747 1323 2777 ιΙοε.
1341 2745 1421 2776 Scul.
