<?xml version="1.0" encoding="UTF-8"?>
<!DOCTYPE html PUBLIC "-//W3C//DTD XHTML 1.0 Transitional//EN"
    "http://www.w3.org/TR/xhtml1/DTD/xhtml1-transitional.dtd">
<html xmlns="http://www.w3.org/1999/xhtml" xml:lang="en" lang="en">
 <head>
  <title>
</title>
<meta http-equiv="Content-Type" content="text/html;charset=utf-8" />
  <meta name='ocr-system' content='tesseract 3.04.00' />
  <meta name='ocr-capabilities' content='ocr_page ocr_carea ocr_par ocr_line ocrx_word'/>
</head>
<body>
  <div class='ocr_page' id='page_1' title='image "./mverriiflacciqua02verruoft/mverriiflacciqua02verruoft_0342.png"; bbox 0 0 1876 3025; ppageno 0'>
   <div class='ocr_carea' id='block_1_1' title="bbox 272 137 359 178">
    <p class='ocr_par' dir='ltr' id='par_1_1' title="bbox 272 137 359 178">
     <span class='ocr_line' id='line_1_1' title="bbox 272 137 359 178; baseline 0.011 -1"><span class='ocrx_word' id='word_1_1' title='bbox 272 137 359 178; x_wconf 84' lang='lat'><strong>970</strong></span> 
     </span>
    </p>
   </div>
   <div class='ocr_carea' id='block_1_2' title="bbox 719 143 1282 176">
    <p class='ocr_par' dir='ltr' id='par_1_2' title="bbox 719 143 1282 176">
     <span class='ocr_line' id='line_1_2' title="bbox 719 143 1282 176; baseline -0.007 0"><span class='ocrx_word' id='word_1_2' title='bbox 719 145 869 176; x_wconf 85' lang='lat' dir='ltr'><strong>SEX&#39;rl</strong></span> <span class='ocrx_word' id='word_1_3' title='bbox 904 143 1108 174; x_wconf 85' lang='lat' dir='ltr'>POMPEII</span> <span class='ocrx_word' id='word_1_4' title='bbox 1144 143 1282 174; x_wconf 81' lang='lat' dir='ltr'>FES&#39;I‘I</span> 
     </span>
    </p>
   </div>
   <div class='ocr_carea' id='block_1_3' title="bbox 266 236 1729 553">
    <p class='ocr_par' dir='ltr' id='par_1_3' title="bbox 266 236 1729 553">
     <span class='ocr_line' id='line_1_3' title="bbox 330 236 1726 296; baseline -0.004 -12"><span class='ocrx_word' id='word_1_5' title='bbox 330 255 506 296; x_wconf 83' lang='lat' dir='ltr'><strong>aspera,</strong></span> <span class='ocrx_word' id='word_1_6' title='bbox 537 241 735 282; x_wconf 89' lang='lat' dir='ltr'><strong>difficilia</strong></span> <span class='ocrx_word' id='word_1_7' title='bbox 766 239 886 281; x_wconf 86' lang='lat' dir='ltr'><strong>aditu</strong></span> <span class='ocrx_word' id='word_1_8' title='bbox 917 239 1037 287; x_wconf 66' lang='lat' dir='ltr'><strong>dixit,</strong></span> <span class='ocrx_word' id='word_1_9' title='bbox 1069 253 1158 279; x_wconf 79' lang='lat' dir='ltr'><strong>cum</strong></span> <span class='ocrx_word' id='word_1_10' title='bbox 1188 238 1249 279; x_wconf 76' lang='lat' dir='ltr'><strong>ait</strong></span> <span class='ocrx_word' id='word_1_11' title='bbox 1285 236 1377 279; x_wconf 86' lang='lat' dir='ltr'><strong>loca</strong></span> <span class='ocrx_word' id='word_1_12' title='bbox 1416 250 1572 291; x_wconf 79' lang='lat' dir='ltr'><strong>aspera</strong></span> <span class='ocrx_word' id='word_1_13' title='bbox 1611 251 1726 279; x_wconf 83' lang='lat' dir='ltr'><strong>saxa</strong></span> 
     </span>
     <span class='ocr_line' id='line_1_4' title="bbox 266 304 1727 360; baseline -0.005 -9"><span class='ocrx_word' id='word_1_14' title='bbox 266 326 276 338; x_wconf 72' lang='lat'><strong><em>⁴</em></strong></span> <span class='ocrx_word' id='word_1_15' title='bbox 331 315 455 351; x_wconf 90' lang='lat' dir='ltr'><strong>tesca</strong></span> <span class='ocrx_word' id='word_1_16' title='bbox 475 313 587 356; x_wconf 84' lang='lat' dir='ltr'><strong>tuor,</strong></span> <span class='ocrx_word' id='word_1_17' title='bbox 611 307 760 348; x_wconf 78' lang='lat' dir='ltr'><strong>Accius</strong></span> <span class='ocrx_word' id='word_1_18' title='bbox 782 308 825 347; x_wconf 76' lang='lat' dir='ltr'><strong>in</strong></span> <span class='ocrx_word' id='word_1_19' title='bbox 848 305 1123 348; x_wconf 73' lang='lat' dir='ltr'><strong>Philocteta:</strong></span> <span class='ocrx_word' id='word_1_20' title='bbox 1163 305 1279 357; x_wconf 84' lang='lat' dir='ltr'><strong>Quis</strong></span> <span class='ocrx_word' id='word_1_21' title='bbox 1299 310 1347 348; x_wconf 88' lang='lat' dir='ltr'><strong>tu</strong></span> <span class='ocrx_word' id='word_1_22' title='bbox 1368 319 1415 346; x_wconf 92' lang='lat' dir='ltr'><strong>es</strong></span> <span class='ocrx_word' id='word_1_23' title='bbox 1435 305 1634 347; x_wconf 85' lang='lat' dir='ltr'><strong>mortalis</strong></span> <span class='ocrx_word' id='word_1_24' title='bbox 1657 304 1727 360; x_wconf 75' lang='lat' dir='ltr'><strong>qui</strong></span> 
     </span>
     <span class='ocr_line' id='line_1_5' title="bbox 329 374 1239 429; baseline -0.002 -13"><span class='ocrx_word' id='word_1_25' title='bbox 329 377 372 417; x_wconf 79' lang='lat' dir='ltr'><strong>in</strong></span> <span class='ocrx_word' id='word_1_26' title='bbox 393 376 567 426; x_wconf 79' lang='lat' dir='ltr'><strong>deserta,</strong></span> <span class='ocrx_word' id='word_1_27' title='bbox 589 382 634 417; x_wconf 91' lang='lat' dir='ltr'><strong>et</strong></span> <span class='ocrx_word' id='word_1_28' title='bbox 654 381 813 429; x_wconf 83' lang='lat' dir='ltr'><strong>tesqua</strong></span> <span class='ocrx_word' id='word_1_29' title='bbox 829 379 874 416; x_wconf 85' lang='lat' dir='ltr'><strong>te</strong></span> <span class='ocrx_word' id='word_1_30' title='bbox 896 375 1107 428; x_wconf 81' lang='lat' dir='ltr'>adportas</span> <span class='ocrx_word' id='word_1_31' title='bbox 1126 374 1239 415; x_wconf 88' lang='lat' dir='ltr'><strong>loca.</strong></span> 
     </span>
     <span class='ocr_line' id='line_1_6' title="bbox 273 440 1729 497; baseline -0.004 -11"><span class='ocrx_word' id='word_1_32' title='bbox 273 442 560 486; x_wconf 79' lang='lat' dir='ltr'><strong>Testicularii</strong></span> <span class='ocrx_word' id='word_1_33' title='bbox 583 447 650 484; x_wconf 87' lang='lat' dir='ltr'><strong>est</strong></span> <span class='ocrx_word' id='word_1_34' title='bbox 664 442 874 497; x_wconf 84' lang='lat' dir='ltr'><strong>jumentis</strong></span> <span class='ocrx_word' id='word_1_35' title='bbox 893 443 1083 483; x_wconf 87' lang='lat' dir='ltr'><strong>maribus</strong></span> <span class='ocrx_word' id='word_1_36' title='bbox 1104 442 1323 492; x_wconf 81' lang='lat' dir='ltr'><strong>foeminas,</strong></span> <span class='ocrx_word' id='word_1_37' title='bbox 1342 441 1413 483; x_wconf 85' lang='lat' dir='ltr'><strong>vel</strong></span> <span class='ocrx_word' id='word_1_38' title='bbox 1435 453 1527 481; x_wconf 84' lang='lat' dir='ltr'><strong>ma·</strong></span> <span class='ocrx_word' id='word_1_39' title='bbox 1546 440 1729 493; x_wconf 71' lang='lat' dir='ltr'>[PAUL.</span> 
     </span>
     <span class='ocr_line' id='line_1_7' title="bbox 331 508 1525 553; baseline -0.005 0"><span class='ocrx_word' id='word_1_40' title='bbox 331 526 401 553; x_wconf 90' lang='lat' dir='ltr'><strong>res</strong></span> <span class='ocrx_word' id='word_1_41' title='bbox 424 511 620 552; x_wconf 85' lang='lat' dir='ltr'>foeminis</span> <span class='ocrx_word' id='word_1_42' title='bbox 642 511 900 551; x_wconf 87' lang='lat' dir='ltr'><strong>admovere:</strong></span> <span class='ocrx_word' id='word_1_43' title='bbox 930 509 1033 550; x_wconf 89' lang='lat' dir='ltr'><strong>licet</strong></span> <span class='ocrx_word' id='word_1_44' title='bbox 1054 509 1131 550; x_wconf 86' lang='lat' dir='ltr'><strong>alii</strong></span> <span class='ocrx_word' id='word_1_45' title='bbox 1153 509 1302 550; x_wconf 85' lang='lat' dir='ltr'><strong>dicant</strong></span> <span class='ocrx_word' id='word_1_46' title='bbox 1322 508 1525 550; x_wconf 85' lang='lat' dir='ltr'><strong>testilari.</strong></span> 
     </span>
    </p>
   </div>
   <div class='ocr_carea' id='block_1_4' title="bbox 276 577 710 633">
    <p class='ocr_par' dir='ltr' id='par_1_4' title="bbox 276 577 710 633">
     <span class='ocr_line' id='line_1_8' title="bbox 276 577 710 633; baseline -0.007 -12"><span class='ocrx_word' id='word_1_47' title='bbox 276 580 422 621; x_wconf 91' lang='lat' dir='ltr'><strong>Tetini</strong></span> <span class='ocrx_word' id='word_1_48' title='bbox 437 577 452 600; x_wconf 65' lang='lat'><strong>¹&lt;</strong></span> <span class='ocrx_word' id='word_1_49' title='bbox 474 592 554 633; x_wconf 87' lang='lat' dir='ltr'><strong>pro</strong></span> <span class='ocrx_word' id='word_1_50' title='bbox 578 579 710 619; x_wconf 87' lang='lat' dir='ltr'><strong>tenui.</strong></span> 
     </span>
    </p>
   </div>
   <div class='ocr_carea' id='block_1_5' title="bbox 275 642 1732 902">
    <p class='ocr_par' dir='ltr' id='par_1_5' title="bbox 276 642 1730 768">
     <span class='ocr_line' id='line_1_9' title="bbox 276 642 1730 696; baseline -0.003 -9"><span class='ocrx_word' id='word_1_51' title='bbox 276 647 458 693; x_wconf 85' lang='lat' dir='ltr'><strong>Thaleae</strong></span> <span class='ocrx_word' id='word_1_52' title='bbox 473 644 529 672; x_wconf 85' lang='lat'><strong>¹⁶¹</strong></span> <span class='ocrx_word' id='word_1_53' title='bbox 550 660 706 688; x_wconf 89' lang='lat' dir='ltr'><strong>nomen</strong></span> <span class='ocrx_word' id='word_1_54' title='bbox 729 646 910 695; x_wconf 90' lang='lat' dir='ltr'><strong>dictum,</strong></span> <span class='ocrx_word' id='word_1_55' title='bbox 928 646 1002 686; x_wconf 89' lang='lat' dir='ltr'><strong>alii</strong></span> <span class='ocrx_word' id='word_1_56' title='bbox 1025 646 1081 686; x_wconf 88' lang='lat' dir='ltr'><strong>ab</strong></span> <span class='ocrx_word' id='word_1_57' title='bbox 1104 646 1254 686; x_wconf 82' lang='lat' dir='ltr'><strong>aetatis</strong></span> <span class='ocrx_word' id='word_1_58' title='bbox 1277 644 1384 685; x_wconf 89' lang='lat' dir='ltr'><strong>flore</strong></span> <span class='ocrx_word' id='word_1_59' title='bbox 1407 644 1546 693; x_wconf 88' lang='lat' dir='ltr'><strong>aiunt,</strong></span> <span class='ocrx_word' id='word_1_60' title='bbox 1562 642 1730 696; x_wconf 82' lang='lat' dir='ltr'>[FEST.</span> 
     </span>
     <span class='ocr_line' id='line_1_10' title="bbox 334 714 1183 768; baseline -0.002 -12"><span class='ocrx_word' id='word_1_61' title='bbox 334 715 410 756; x_wconf 87' lang='lat' dir='ltr'><strong>alii</strong></span> <span class='ocrx_word' id='word_1_62' title='bbox 432 714 550 768; x_wconf 89' lang='lat' dir='ltr'><strong>quod</strong></span> <span class='ocrx_word' id='word_1_63' title='bbox 572 714 769 755; x_wconf 84' lang='lat' dir='ltr'><strong>carmina</strong></span> <span class='ocrx_word' id='word_1_64' title='bbox 790 727 964 767; x_wconf 85' lang='lat' dir='ltr'><strong>semper</strong></span> <span class='ocrx_word' id='word_1_65' title='bbox 985 714 1183 754; x_wconf 87' lang='lat' dir='ltr'><strong>floreant.</strong></span> 
     </span>
    </p>

    <p class='ocr_par' dir='ltr' id='par_1_6' title="bbox 275 777 1732 902">
     <span class='ocr_line' id='line_1_11' title="bbox 275 777 1732 834; baseline -0.003 -12"><span class='ocrx_word' id='word_1_66' title='bbox 275 781 460 822; x_wconf 86' lang='lat' dir='ltr'><strong>Themin</strong></span> <span class='ocrx_word' id='word_1_67' title='bbox 474 786 501 803; x_wconf 80' lang='lat'><strong>¹¹¹</strong></span> <span class='ocrx_word' id='word_1_68' title='bbox 522 782 668 822; x_wconf 83' lang='lat' dir='ltr'><strong>Deam</strong></span> <span class='ocrx_word' id='word_1_69' title='bbox 691 781 906 834; x_wconf 86' lang='lat' dir='ltr'><strong>putabant</strong></span> <span class='ocrx_word' id='word_1_70' title='bbox 925 794 1041 830; x_wconf 88' lang='lat' dir='ltr'><strong>esse,</strong></span> <span class='ocrx_word' id='word_1_71' title='bbox 1064 792 1165 834; x_wconf 84' lang='lat' dir='ltr'><strong>quae</strong></span> <span class='ocrx_word' id='word_1_72' title='bbox 1199 780 1462 834; x_wconf 73' lang='lat' dir='ltr'><strong>praeciperet</strong></span> <span class='ocrx_word' id='word_1_73' title='bbox 1481 777 1732 818; x_wconf 87' lang='lat' dir='ltr'><strong>hominibus</strong></span> 
     </span>
     <span class='ocr_line' id='line_1_12' title="bbox 333 846 1732 902; baseline -0.003 -13"><span class='ocrx_word' id='word_1_74' title='bbox 333 848 378 889; x_wconf 92' lang='lat' dir='ltr'><strong>id</strong></span> <span class='ocrx_word' id='word_1_75' title='bbox 409 853 574 902; x_wconf 89' lang='lat' dir='ltr'><strong>petere,</strong></span> <span class='ocrx_word' id='word_1_76' title='bbox 596 847 715 902; x_wconf 91' lang='lat' dir='ltr'><strong>quod</strong></span> <span class='ocrx_word' id='word_1_77' title='bbox 738 847 807 888; x_wconf 89' lang='lat' dir='ltr'><strong>fas</strong></span> <span class='ocrx_word' id='word_1_78' title='bbox 830 853 964 898; x_wconf 91' lang='lat' dir='ltr'><strong>esset,</strong></span> <span class='ocrx_word' id='word_1_79' title='bbox 984 860 1167 902; x_wconf 89' lang='lat' dir='ltr'><strong>eamque</strong></span> <span class='ocrx_word' id='word_1_80' title='bbox 1189 847 1234 888; x_wconf 90' lang='lat' dir='ltr'><strong>id</strong></span> <span class='ocrx_word' id='word_1_81' title='bbox 1264 861 1365 888; x_wconf 89' lang='lat' dir='ltr'><strong>esse</strong></span> <span class='ocrx_word' id='word_1_82' title='bbox 1397 846 1732 894; x_wconf 84' lang='lat' dir='ltr'><strong>existimabant,</strong></span> 
     </span>
    </p>
   </div>
   <div class='ocr_carea' id='block_1_6' title="bbox 278 915 837 1034">
    <p class='ocr_par' dir='ltr' id='par_1_7' title="bbox 278 915 837 1034">
     <span class='ocr_line' id='line_1_13' title="bbox 334 915 713 969; baseline 0 -13"><span class='ocrx_word' id='word_1_83' title='bbox 334 915 453 969; x_wconf 90' lang='lat' dir='ltr'><strong>quod</strong></span> <span class='ocrx_word' id='word_1_84' title='bbox 476 919 519 957; x_wconf 89' lang='lat' dir='ltr'><strong>et</strong></span> <span class='ocrx_word' id='word_1_85' title='bbox 541 916 608 957; x_wconf 86' lang='lat' dir='ltr'><strong>fas</strong></span> <span class='ocrx_word' id='word_1_86' title='bbox 631 919 713 956; x_wconf 83' lang='lat' dir='ltr'><strong>est.</strong></span> 
     </span>
     <span class='ocr_line' id='line_1_14' title="bbox 278 983 837 1034; baseline -0.002 -10"><span class='ocrx_word' id='word_1_87' title='bbox 278 983 545 1034; x_wconf 80' lang='lat' dir='ltr'><strong>Thiasitas‚¹¹</strong></span> <span class='ocrx_word' id='word_1_88' title='bbox 567 983 837 1025; x_wconf 87' lang='lat' dir='ltr'><strong>sodalitas.¹⁷</strong></span> 
     </span>
    </p>
   </div>
   <div class='ocr_carea' id='block_1_7' title="bbox 1551 979 1733 1032">
    <p class='ocr_par' dir='ltr' id='par_1_8' title="bbox 1551 979 1733 1032">
     <span class='ocr_line' id='line_1_15' title="bbox 1551 979 1733 1032; baseline -0.016 -10"><span class='ocrx_word' id='word_1_89' title='bbox 1551 979 1733 1032; x_wconf 72' lang='lat' dir='ltr'>[PAUL.</span> 
     </span>
    </p>
   </div>
   <div class='ocr_carea' id='block_1_8' title="bbox 278 1048 1740 1241">
    <p class='ocr_par' dir='ltr' id='par_1_9' title="bbox 278 1048 1740 1241">
     <span class='ocr_line' id='line_1_16' title="bbox 278 1048 1737 1105; baseline -0.004 -13"><span class='ocrx_word' id='word_1_90' title='bbox 278 1051 516 1093; x_wconf 90' lang='lat' dir='ltr'><strong>Thomices</strong></span> <span class='ocrx_word' id='word_1_91' title='bbox 548 1050 708 1092; x_wconf 88' lang='lat' dir='ltr'><strong>Graeco</strong></span> <span class='ocrx_word' id='word_1_92' title='bbox 739 1053 914 1092; x_wconf 88' lang='lat' dir='ltr'><strong>nomine</strong></span> <span class='ocrx_word' id='word_1_93' title='bbox 945 1052 1224 1105; x_wconf 82' lang='lat' dir='ltr'><strong>appellantur</strong></span> <span class='ocrx_word' id='word_1_94' title='bbox 1255 1051 1414 1092; x_wconf 85' lang='lat' dir='ltr'><strong>canabi</strong></span> <span class='ocrx_word' id='word_1_95' title='bbox 1443 1048 1654 1103; x_wconf 85' lang='lat' dir='ltr'><strong>impoliti,</strong></span> <span class='ocrx_word' id='word_1_96' title='bbox 1693 1049 1737 1086; x_wconf 89' lang='lat' dir='ltr'><strong>et</strong></span> 
     </span>
     <span class='ocr_line' id='line_1_17' title="bbox 337 1114 1740 1172; baseline -0.004 -13"><span class='ocrx_word' id='word_1_97' title='bbox 337 1124 491 1172; x_wconf 87' lang='lat' dir='ltr'><strong>sparto</strong></span> <span class='ocrx_word' id='word_1_98' title='bbox 512 1119 667 1160; x_wconf 87' lang='lat' dir='ltr'><strong>leviter</strong></span> <span class='ocrx_word' id='word_1_99' title='bbox 689 1124 818 1160; x_wconf 81' lang='lat' dir='ltr'><strong>tortae</strong></span> <span class='ocrx_word' id='word_1_100' title='bbox 834 1119 864 1142; x_wconf 74' lang='lat'><strong>¹⁸</strong></span> <span class='ocrx_word' id='word_1_101' title='bbox 890 1123 1044 1168; x_wconf 84' lang='lat' dir='ltr'><strong>restes,</strong></span> <span class='ocrx_word' id='word_1_102' title='bbox 1066 1132 1123 1159; x_wconf 87' lang='lat' dir='ltr'><strong>ex</strong></span> <span class='ocrx_word' id='word_1_103' title='bbox 1153 1119 1311 1172; x_wconf 86' lang='lat' dir='ltr'><strong>quibus</strong></span> <span class='ocrx_word' id='word_1_104' title='bbox 1331 1119 1457 1159; x_wconf 85' lang='lat' dir='ltr'><strong>funes</strong></span> <span class='ocrx_word' id='word_1_105' title='bbox 1476 1117 1613 1157; x_wconf 73' lang='lat' dir='ltr'><strong>fiuntt</strong></span> <span class='ocrx_word' id='word_1_106' title='bbox 1643 1114 1740 1168; x_wconf 88' lang='lat' dir='ltr'><strong>pnl-</strong></span> 
     </span>
     <span class='ocr_line' id='line_1_18' title="bbox 338 1183 1737 1241; baseline -0.004 -14"><span class='ocrx_word' id='word_1_107' title='bbox 338 1187 429 1227; x_wconf 87' lang='lat' dir='ltr'>villi</span> <span class='ocrx_word' id='word_1_108' title='bbox 452 1200 628 1241; x_wconf 85' lang='lat' dir='ltr'><strong>quoque</strong></span> <span class='ocrx_word' id='word_1_109' title='bbox 652 1201 765 1240; x_wconf 85' lang='lat' dir='ltr'><strong>quos</strong></span> <span class='ocrx_word' id='word_1_110' title='bbox 788 1188 831 1227; x_wconf 92' lang='lat' dir='ltr'><strong>in</strong></span> <span class='ocrx_word' id='word_1_111' title='bbox 854 1187 969 1228; x_wconf 89' lang='lat' dir='ltr'><strong>collo</strong></span> <span class='ocrx_word' id='word_1_112' title='bbox 1000 1186 1173 1236; x_wconf 89' lang='lat' dir='ltr'><strong>habent,</strong></span> <span class='ocrx_word' id='word_1_113' title='bbox 1204 1201 1259 1227; x_wconf 90' lang='lat' dir='ltr'><strong>ne</strong></span> <span class='ocrx_word' id='word_1_114' title='bbox 1292 1200 1319 1227; x_wconf 85' lang='lat' dir='ltr'><strong>a</strong></span> <span class='ocrx_word' id='word_1_115' title='bbox 1348 1186 1537 1227; x_wconf 86' lang='lat' dir='ltr'><strong>restibus</strong></span> <span class='ocrx_word' id='word_1_116' title='bbox 1570 1183 1737 1224; x_wconf 85' lang='lat' dir='ltr'><strong>laedan-</strong></span> 
     </span>
    </p>
   </div>
   <div class='ocr_carea' id='block_1_9' title="bbox 338 1255 913 1305">
    <p class='ocr_par' dir='ltr' id='par_1_10' title="bbox 338 1255 913 1305">
     <span class='ocr_line' id='line_1_19' title="bbox 338 1255 913 1305; baseline 0 -11"><span class='ocrx_word' id='word_1_117' title='bbox 338 1259 422 1305; x_wconf 85' lang='lat' dir='ltr'><strong>tur,</strong></span> <span class='ocrx_word' id='word_1_118' title='bbox 445 1255 656 1296; x_wconf 89' lang='lat' dir='ltr'><strong>thomices</strong></span> <span class='ocrx_word' id='word_1_119' title='bbox 682 1261 913 1297; x_wconf 80' lang='lat' dir='ltr'><strong>vocantur.</strong></span> 
     </span>
    </p>
   </div>
   <div class='ocr_carea' id='block_1_10' title="bbox 288 1318 1742 1376">
    <p class='ocr_par' dir='ltr' id='par_1_11' title="bbox 288 1318 1742 1376">
     <span class='ocr_line' id='line_1_20' title="bbox 288 1318 1742 1376; baseline -0.003 -14"><span class='ocrx_word' id='word_1_120' title='bbox 288 1320 492 1362; x_wconf 67' lang='lat' dir='ltr'><strong>Thomices</strong></span> <span class='ocrx_word' id='word_1_121' title='bbox 506 1327 521 1343; x_wconf 90' lang='lat'><strong>⁰</strong></span> <span class='ocrx_word' id='word_1_122' title='bbox 543 1320 686 1362; x_wconf 75' lang='lat' dir='ltr'><strong>Graeco</strong></span> <span class='ocrx_word' id='word_1_123' title='bbox 707 1324 883 1363; x_wconf 86' lang='lat' dir='ltr'><strong>nomine</strong></span> <span class='ocrx_word' id='word_1_124' title='bbox 903 1321 1180 1376; x_wconf 82' lang='lat' dir='ltr'><strong>appellantur</strong></span> <span class='ocrx_word' id='word_1_125' title='bbox 1196 1321 1343 1362; x_wconf 75' lang='lat' dir='ltr'><strong>canabi</strong></span> <span class='ocrx_word' id='word_1_126' title='bbox 1364 1319 1552 1375; x_wconf 70' lang='lat' dir='ltr'><strong>impoliti,</strong></span> <span class='ocrx_word' id='word_1_127' title='bbox 1578 1318 1742 1370; x_wconf 82' lang='lat' dir='ltr'><strong>[FES&#39;r.</strong></span> 
     </span>
    </p>
   </div>
   <div class='ocr_carea' id='block_1_11' title="bbox 888 1452 1133 1465">
    <p class='ocr_par' dir='ltr' id='par_1_12' title="bbox 888 1452 1133 1465">
     <span class='ocr_line' id='line_1_21' title="bbox 888 1452 1133 1465; baseline 0 0"><span class='ocrx_word' id='word_1_128' title='bbox 888 1452 1133 1465; x_wconf 61' lang='lat' dir='ltr'><strong>‘eeoeomo‘OO</strong></span> 
     </span>
    </p>
   </div>
   <div class='ocr_carea' id='block_1_12' title="bbox 327 1538 1744 1582">
    <p class='ocr_par' dir='ltr' id='par_1_13' title="bbox 327 1538 1744 1582">
     <span class='ocr_line' id='line_1_22' title="bbox 327 1538 1744 1582; baseline -0.004 -10"><span class='ocrx_word' id='word_1_129' title='bbox 327 1544 368 1572; x_wconf 83' lang='lat'><strong>16</strong></span> <span class='ocrx_word' id='word_1_130' title='bbox 393 1541 589 1582; x_wconf 81' lang='lat' dir='ltr'><strong>Legendum</strong></span> <span class='ocrx_word' id='word_1_131' title='bbox 615 1548 730 1573; x_wconf 86' lang='lat' dir='ltr'><strong>monet</strong></span> <span class='ocrx_word' id='word_1_132' title='bbox 756 1543 846 1574; x_wconf 88' lang='lat' dir='ltr'><strong>Dae.</strong></span> <span class='ocrx_word' id='word_1_133' title='bbox 866 1543 986 1575; x_wconf 78' lang='lat' dir='ltr'><strong>Thalia,</strong></span> <span class='ocrx_word' id='word_1_134' title='bbox 1005 1547 1043 1573; x_wconf 88' lang='lat' dir='ltr'><strong>ut</strong></span> <span class='ocrx_word' id='word_1_135' title='bbox 1068 1541 1101 1572; x_wconf 91' lang='lat' dir='ltr'><strong>in</strong></span> <span class='ocrx_word' id='word_1_136' title='bbox 1119 1545 1187 1572; x_wconf 85' lang='lat' dir='ltr'><strong>vet.</strong></span> <span class='ocrx_word' id='word_1_137' title='bbox 1202 1539 1346 1571; x_wconf 80' lang='lat' dir='ltr'><strong>lib.—17</strong></span> <span class='ocrx_word' id='word_1_138' title='bbox 1371 1539 1449 1571; x_wconf 85' lang='lat' dir='ltr'><strong>Vid.</strong></span> <span class='ocrx_word' id='word_1_139' title='bbox 1468 1539 1637 1569; x_wconf 60' lang='lat' dir='ltr'><strong>Non—13</strong></span> <span class='ocrx_word' id='word_1_140' title='bbox 1662 1538 1744 1568; x_wconf 78' lang='lat' dir='ltr'><strong>Vet.</strong></span> 
     </span>
    </p>
   </div>
   <div class='ocr_carea' id='block_1_13' title="bbox 285 1584 454 1617">
    <p class='ocr_par' dir='ltr' id='par_1_14' title="bbox 285 1584 454 1617">
     <span class='ocr_line' id='line_1_23' title="bbox 285 1584 454 1617; baseline 0 -2"><span class='ocrx_word' id='word_1_141' title='bbox 285 1584 345 1617; x_wconf 87' lang='lat' dir='ltr'><strong>lib.</strong></span> <span class='ocrx_word' id='word_1_142' title='bbox 359 1587 454 1615; x_wconf 76' lang='lat' dir='ltr'><strong>torto.</strong></span> 
     </span>
    </p>
   </div>
   <div class='ocr_carea' id='block_1_14' title="bbox 938 1671 1080 1704">
    <p class='ocr_par' dir='ltr' id='par_1_15' title="bbox 938 1671 1080 1704">
     <span class='ocr_line' id='line_1_24' title="bbox 938 1671 1080 1704; baseline 0 -1"><span class='ocrx_word' id='word_1_143' title='bbox 938 1671 1080 1704; x_wconf 87' lang='lat' dir='ltr'>NOTAE</span> 
     </span>
    </p>
   </div>
   <div class='ocr_carea' id='block_1_15' title="bbox 283 1746 1001 2750">
    <p class='ocr_par' dir='ltr' id='par_1_16' title="bbox 283 1746 998 2340">
     <span class='ocr_line' id='line_1_25' title="bbox 283 1746 989 1787; baseline 0.003 -10"><span class='ocrx_word' id='word_1_144' title='bbox 283 1746 341 1777; x_wconf 84' lang='lat' dir='ltr'><strong>alii</strong></span> <span class='ocrx_word' id='word_1_145' title='bbox 355 1747 497 1787; x_wconf 84' lang='lat' dir='ltr'><strong>templa.</strong></span> <span class='ocrx_word' id='word_1_146' title='bbox 537 1747 667 1777; x_wconf 87' lang='lat' dir='ltr'><strong>Ennius</strong></span> <span class='ocrx_word' id='word_1_147' title='bbox 684 1756 706 1777; x_wconf 85' lang='lat'><strong>1.</strong></span> <span class='ocrx_word' id='word_1_148' title='bbox 723 1747 846 1779; x_wconf 87' lang='lat' dir='ltr'><strong>Annal.</strong></span> <span class='ocrx_word' id='word_1_149' title='bbox 871 1752 878 1765; x_wconf 83' lang='lat'><strong><em>¹</em></strong></span> <span class='ocrx_word' id='word_1_150' title='bbox 894 1748 989 1779; x_wconf 90' lang='lat' dir='ltr'><strong>Unus</strong></span> 
     </span>
     <span class='ocr_line' id='line_1_26' title="bbox 286 1797 989 1835; baseline 0 -7"><span class='ocrx_word' id='word_1_151' title='bbox 286 1797 352 1828; x_wconf 83' lang='lat' dir='ltr'><strong>erit</strong></span> <span class='ocrx_word' id='word_1_152' title='bbox 379 1806 480 1835; x_wconf 85' lang='lat' dir='ltr'><strong>quem</strong></span> <span class='ocrx_word' id='word_1_153' title='bbox 505 1801 542 1828; x_wconf 88' lang='lat' dir='ltr'><strong>tu</strong></span> <span class='ocrx_word' id='word_1_154' title='bbox 571 1798 670 1828; x_wconf 86' lang='lat' dir='ltr'><strong>tolles</strong></span> <span class='ocrx_word' id='word_1_155' title='bbox 697 1798 729 1828; x_wconf 90' lang='lat' dir='ltr'><strong>in</strong></span> <span class='ocrx_word' id='word_1_156' title='bbox 758 1798 883 1829; x_wconf 77' lang='lat' dir='ltr'><strong>coerula</strong></span> <span class='ocrx_word' id='word_1_157' title='bbox 913 1798 989 1829; x_wconf 82' lang='lat' dir='ltr'><strong>coeli</strong></span> 
     </span>
     <span class='ocr_line' id='line_1_27' title="bbox 285 1847 990 1889; baseline 0.001 -11"><span class='ocrx_word' id='word_1_158' title='bbox 285 1847 451 1888; x_wconf 86' lang='lat' dir='ltr'><strong>Templa.&#39;</strong></span> <span class='ocrx_word' id='word_1_159' title='bbox 497 1848 728 1889; x_wconf 88' lang='lat' dir='ltr'><strong>Superiusque</strong></span> <span class='ocrx_word' id='word_1_160' title='bbox 775 1848 854 1879; x_wconf 87' lang='lat' dir='ltr'><strong>illud</strong></span> <span class='ocrx_word' id='word_1_161' title='bbox 883 1849 990 1879; x_wconf 86' lang='lat' dir='ltr'><strong>hemi-</strong></span> 
     </span>
     <span class='ocr_line' id='line_1_28' title="bbox 287 1898 988 1941; baseline 0 -12"><span class='ocrx_word' id='word_1_162' title='bbox 287 1898 481 1939; x_wconf 57' lang='lat' dir='ltr'><strong>sphaerium?</strong></span> <span class='ocrx_word' id='word_1_163' title='bbox 501 1899 666 1940; x_wconf 80' lang='lat' dir='ltr'><strong>intellige,</strong></span> <span class='ocrx_word' id='word_1_164' title='bbox 697 1899 787 1941; x_wconf 90' lang='lat' dir='ltr'><strong>quod</strong></span> <span class='ocrx_word' id='word_1_165' title='bbox 825 1900 988 1939; x_wconf 85' lang='lat' dir='ltr'><strong>templum</strong></span> 
     </span>
     <span class='ocr_line' id='line_1_29' title="bbox 289 1949 991 1991; baseline 0.001 -11"><span class='ocrx_word' id='word_1_166' title='bbox 289 1954 487 1990; x_wconf 85' lang='lat' dir='ltr'><strong>tescumque</strong></span> <span class='ocrx_word' id='word_1_167' title='bbox 514 1949 641 1981; x_wconf 86' lang='lat' dir='ltr'><strong>dicitur</strong></span> <span class='ocrx_word' id='word_1_168' title='bbox 668 1951 747 1991; x_wconf 88' lang='lat' dir='ltr'><strong>quia</strong></span> <span class='ocrx_word' id='word_1_169' title='bbox 772 1950 932 1991; x_wconf 87' lang='lat' dir='ltr'><strong>undique,</strong></span> <span class='ocrx_word' id='word_1_170' title='bbox 953 1955 991 1981; x_wconf 87' lang='lat' dir='ltr'><strong>ut</strong></span> 
     </span>
     <span class='ocr_line' id='line_1_30' title="bbox 290 2000 994 2040; baseline 0.001 -10"><span class='ocrx_word' id='word_1_171' title='bbox 290 2000 400 2030; x_wconf 70' lang='lat' dir='ltr'><strong>Naevii</strong></span> <span class='ocrx_word' id='word_1_172' title='bbox 418 2000 529 2031; x_wconf 83' lang='lat' dir='ltr'><strong>verbis</strong></span> <span class='ocrx_word' id='word_1_173' title='bbox 541 2006 631 2038; x_wconf 86' lang='lat' dir='ltr'><strong>utar,</strong></span> <span class='ocrx_word' id='word_1_174' title='bbox 650 2001 756 2031; x_wconf 84' lang='lat' dir='ltr'><strong>aethra</strong></span> <span class='ocrx_word' id='word_1_175' title='bbox 773 2001 901 2031; x_wconf 85' lang='lat' dir='ltr'><strong>coerula</strong></span> <span class='ocrx_word' id='word_1_176' title='bbox 917 2010 994 2040; x_wconf 89' lang='lat' dir='ltr'><strong>sep-</strong></span> 
     </span>
     <span class='ocr_line' id='line_1_31' title="bbox 290 2049 994 2089; baseline 0.001 -10"><span class='ocrx_word' id='word_1_177' title='bbox 290 2054 360 2079; x_wconf 89' lang='lat' dir='ltr'><strong>tum</strong></span> <span class='ocrx_word' id='word_1_178' title='bbox 375 2056 447 2080; x_wconf 84' lang='lat' dir='ltr'><strong>est:</strong></span> <span class='ocrx_word' id='word_1_179' title='bbox 472 2054 480 2066; x_wconf 89' lang='lat'><em>‘</em></span> <span class='ocrx_word' id='word_1_180' title='bbox 496 2049 571 2080; x_wconf 84' lang='lat' dir='ltr'><strong>Hoc</strong></span> <span class='ocrx_word' id='word_1_181' title='bbox 583 2049 639 2080; x_wconf 90' lang='lat' dir='ltr'><strong>ubi</strong></span> <span class='ocrx_word' id='word_1_182' title='bbox 653 2051 759 2080; x_wconf 75' lang='lat' dir='ltr'><strong>aetlira</strong></span> <span class='ocrx_word' id='word_1_183' title='bbox 775 2050 902 2081; x_wconf 83' lang='lat' dir='ltr'><strong>coerula</strong></span> <span class='ocrx_word' id='word_1_184' title='bbox 919 2059 994 2089; x_wconf 83' lang='lat' dir='ltr'><strong>sep-</strong></span> 
     </span>
     <span class='ocr_line' id='line_1_32' title="bbox 291 2100 993 2140; baseline 0.004 -11"><span class='ocrx_word' id='word_1_185' title='bbox 291 2105 362 2130; x_wconf 86' lang='lat' dir='ltr'><strong>tum</strong></span> <span class='ocrx_word' id='word_1_186' title='bbox 378 2105 446 2131; x_wconf 84' lang='lat' dir='ltr'><strong>stat</strong></span> <span class='ocrx_word' id='word_1_187' title='bbox 457 2100 753 2140; x_wconf 64' lang='lat' dir='ltr'><strong>hemisphaerium!</strong></span> <span class='ocrx_word' id='word_1_188' title='bbox 781 2101 910 2131; x_wconf 83' lang='lat' dir='ltr'><strong>Versus</strong></span> <span class='ocrx_word' id='word_1_189' title='bbox 926 2100 993 2132; x_wconf 87' lang='lat' dir='ltr'><strong>Ac-</strong></span> 
     </span>
     <span class='ocr_line' id='line_1_33' title="bbox 290 2150 989 2190; baseline 0.001 -10"><span class='ocrx_word' id='word_1_190' title='bbox 290 2150 332 2180; x_wconf 86' lang='lat' dir='ltr'><strong>cii</strong></span> <span class='ocrx_word' id='word_1_191' title='bbox 350 2159 392 2180; x_wconf 84' lang='lat' dir='ltr'><strong>ex</strong></span> <span class='ocrx_word' id='word_1_192' title='bbox 410 2150 562 2180; x_wconf 81' lang='lat' dir='ltr'><strong>Varrone</strong></span> <span class='ocrx_word' id='word_1_193' title='bbox 589 2150 762 2190; x_wconf 81' lang='lat' dir='ltr'><strong>Scaliger:</strong></span> <span class='ocrx_word' id='word_1_194' title='bbox 791 2150 869 2185; x_wconf 77' lang='lat' dir='ltr'><strong>Quis</strong></span> <span class='ocrx_word' id='word_1_195' title='bbox 892 2153 928 2181; x_wconf 83' lang='lat' dir='ltr'><strong>tu</strong></span> <span class='ocrx_word' id='word_1_196' title='bbox 957 2160 989 2181; x_wconf 87' lang='lat' dir='ltr'><strong>es</strong></span> 
     </span>
     <span class='ocr_line' id='line_1_34' title="bbox 290 2201 998 2240; baseline 0 -9"><span class='ocrx_word' id='word_1_197' title='bbox 290 2201 431 2231; x_wconf 77' lang='lat' dir='ltr'><strong>mortalis</strong></span> <span class='ocrx_word' id='word_1_198' title='bbox 446 2201 498 2240; x_wconf 82' lang='lat' dir='ltr'><strong>qui</strong></span> <span class='ocrx_word' id='word_1_199' title='bbox 515 2201 547 2231; x_wconf 77' lang='lat' dir='ltr'><strong>in</strong></span> <span class='ocrx_word' id='word_1_200' title='bbox 562 2201 684 2231; x_wconf 79' lang='lat' dir='ltr'><strong>deserta</strong></span> <span class='ocrx_word' id='word_1_201' title='bbox 696 2201 825 2232; x_wconf 84' lang='lat' dir='ltr'><strong>Lemnia</strong></span> <span class='ocrx_word' id='word_1_202' title='bbox 842 2202 886 2231; x_wconf 81' lang='lat' dir='ltr'><strong>Et</strong></span> <span class='ocrx_word' id='word_1_203' title='bbox 906 2201 998 2231; x_wconf 85' lang='lat' dir='ltr'><strong>Tesca</strong></span> 
     </span>
     <span class='ocr_line' id='line_1_35' title="bbox 289 2250 997 2293; baseline 0.001 -12"><span class='ocrx_word' id='word_1_204' title='bbox 289 2255 320 2281; x_wconf 81' lang='lat' dir='ltr'><strong>te</strong></span> <span class='ocrx_word' id='word_1_205' title='bbox 342 2253 490 2292; x_wconf 73' lang='lat' dir='ltr'><strong>adportas</strong></span> <span class='ocrx_word' id='word_1_206' title='bbox 514 2252 601 2282; x_wconf 85' lang='lat' dir='ltr'><strong>loca?</strong></span> <span class='ocrx_word' id='word_1_207' title='bbox 631 2252 735 2293; x_wconf 75' lang='lat' dir='ltr'><strong>Tesm,</strong></span> <span class='ocrx_word' id='word_1_208' title='bbox 754 2262 774 2283; x_wconf 88' lang='lat' dir='ltr'><strong>a</strong></span> <span class='ocrx_word' id='word_1_209' title='bbox 797 2253 922 2284; x_wconf 84' lang='lat' dir='ltr'><strong>Graeco</strong></span> <span class='ocrx_word' id='word_1_210' title='bbox 947 2250 997 2283; x_wconf 76' lang='grc' dir='ltr'><strong>δά-</strong></span> 
     </span>
     <span class='ocr_line' id='line_1_36' title="bbox 292 2302 676 2340; baseline 0 -9"><span class='ocrx_word' id='word_1_211' title='bbox 292 2313 377 2340; x_wconf 86' lang='grc' dir='ltr'><strong><em>σκια,</em></strong></span> <span class='ocrx_word' id='word_1_212' title='bbox 398 2302 567 2332; x_wconf 82' lang='lat' dir='ltr'><strong>umbrosa.</strong></span> <span class='ocrx_word' id='word_1_213' title='bbox 593 2302 676 2333; x_wconf 77' lang='lat' dir='ltr'><strong>Duc.</strong></span> 
     </span>
    </p>

    <p class='ocr_par' dir='ltr' id='par_1_17' title="bbox 335 2352 951 2392">
     <span class='ocr_line' id='line_1_37' title="bbox 335 2352 951 2392; baseline 0 -9"><span class='ocrx_word' id='word_1_214' title='bbox 335 2352 343 2372; x_wconf 76' lang='lat'>¹</span> <span class='ocrx_word' id='word_1_215' title='bbox 367 2352 569 2392; x_wconf 74' lang='lat' dir='ltr'><strong>Testiculari]</strong></span> <span class='ocrx_word' id='word_1_216' title='bbox 595 2352 625 2383; x_wconf 89' lang='lat' dir='ltr'><strong>A</strong></span> <span class='ocrx_word' id='word_1_217' title='bbox 640 2353 836 2384; x_wconf 81' lang='lat' dir='ltr'><strong>&#39;resticulis.</strong></span> <span class='ocrx_word' id='word_1_218' title='bbox 854 2354 951 2383; x_wconf 83' lang='lat' dir='ltr'><strong>Idem.</strong></span> 
     </span>
    </p>

    <p class='ocr_par' dir='ltr' id='par_1_18' title="bbox 294 2401 997 2588">
     <span class='ocr_line' id='line_1_38' title="bbox 337 2401 996 2444; baseline 0.002 -10"><span class='ocrx_word' id='word_1_219' title='bbox 337 2401 352 2423; x_wconf 70' lang='lat' dir='ltr'>k</span> <span class='ocrx_word' id='word_1_220' title='bbox 377 2404 496 2444; x_wconf 79' lang='lat' dir='ltr'><strong>Tetinz‘]</strong></span> <span class='ocrx_word' id='word_1_221' title='bbox 523 2402 575 2434; x_wconf 87' lang='lat' dir='ltr'><strong>Ab</strong></span> <span class='ocrx_word' id='word_1_222' title='bbox 591 2403 731 2444; x_wconf 89' lang='lat' dir='ltr'><strong>antiquo</strong></span> <span class='ocrx_word' id='word_1_223' title='bbox 747 2407 816 2434; x_wconf 73' lang='lat' dir='ltr'><strong>leno</strong></span> <span class='ocrx_word' id='word_1_224' title='bbox 833 2413 894 2444; x_wconf 87' lang='lat' dir='ltr'><strong>pro</strong></span> <span class='ocrx_word' id='word_1_225' title='bbox 910 2408 996 2435; x_wconf 83' lang='lat' dir='ltr'><strong>teneo</strong></span> 
     </span>
     <span class='ocr_line' id='line_1_39' title="bbox 296 2454 997 2495; baseline 0.001 -10"><span class='ocrx_word' id='word_1_226' title='bbox 296 2455 509 2495; x_wconf 72' lang='lat' dir='ltr'><strong>praeteritum</strong></span> <span class='ocrx_word' id='word_1_227' title='bbox 542 2454 635 2484; x_wconf 74' lang='lat' dir='ltr'><strong>tetini</strong></span> <span class='ocrx_word' id='word_1_228' title='bbox 666 2463 727 2493; x_wconf 86' lang='lat' dir='ltr'><strong>pro</strong></span> <span class='ocrx_word' id='word_1_229' title='bbox 756 2455 864 2485; x_wconf 79' lang='lat' dir='ltr'><strong>tenui:</strong></span> <span class='ocrx_word' id='word_1_230' title='bbox 893 2464 997 2495; x_wconf 83' lang='lat' dir='ltr'><strong>supra</strong></span> 
     </span>
     <span class='ocr_line' id='line_1_40' title="bbox 294 2505 996 2546; baseline 0.001 -10"><span class='ocrx_word' id='word_1_231' title='bbox 294 2506 456 2546; x_wconf 83' lang='lat' dir='ltr'><strong>purissime</strong></span> <span class='ocrx_word' id='word_1_232' title='bbox 483 2506 627 2545; x_wconf 71' lang='lat' dir='ltr'><strong>tetinero,</strong></span> <span class='ocrx_word' id='word_1_233' title='bbox 651 2514 711 2545; x_wconf 81' lang='lat' dir='ltr'><strong>pro</strong></span> <span class='ocrx_word' id='word_1_234' title='bbox 724 2505 887 2544; x_wconf 80' lang='lat' dir='ltr'><strong>purissime</strong></span> <span class='ocrx_word' id='word_1_235' title='bbox 910 2509 996 2537; x_wconf 84' lang='lat' dir='ltr'><strong>tenu-</strong></span> 
     </span>
     <span class='ocr_line' id='line_1_41' title="bbox 296 2556 494 2588; baseline 0 -1"><span class='ocrx_word' id='word_1_236' title='bbox 296 2566 360 2588; x_wconf 81' lang='lat' dir='ltr'><strong>ero.</strong></span> <span class='ocrx_word' id='word_1_237' title='bbox 388 2556 494 2587; x_wconf 75' lang='lat' dir='ltr'><strong>Ideni.</strong></span> 
     </span>
    </p>

    <p class='ocr_par' dir='ltr' id='par_1_19' title="bbox 297 2605 1001 2750">
     <span class='ocr_line' id='line_1_42' title="bbox 340 2605 1000 2646; baseline 0 -9"><span class='ocrx_word' id='word_1_238' title='bbox 340 2606 348 2627; x_wconf 91' lang='lat'><strong>¹</strong></span> <span class='ocrx_word' id='word_1_239' title='bbox 374 2606 511 2646; x_wconf 73' lang='lat' dir='ltr'><strong>Tlmleae]</strong></span> <span class='ocrx_word' id='word_1_240' title='bbox 534 2605 620 2646; x_wconf 83' lang='lat' dir='ltr'><strong>Leg.</strong></span> <span class='ocrx_word' id='word_1_241' title='bbox 637 2605 1000 2645; x_wconf 68' lang='grc' dir='ltr'>ΤΙιαΖὶα,Θάλειααθοίλ-</span> 
     </span>
     <span class='ocr_line' id='line_1_43' title="bbox 297 2656 999 2699; baseline 0.001 -11"><span class='ocrx_word' id='word_1_242' title='bbox 297 2664 360 2699; x_wconf 82' lang='grc' dir='ltr'><strong>λω,</strong></span> <span class='ocrx_word' id='word_1_243' title='bbox 381 2659 434 2688; x_wconf 84' lang='lat' dir='ltr'><strong>vel</strong></span> <span class='ocrx_word' id='word_1_244' title='bbox 460 2657 549 2699; x_wconf 87' lang='lat' dir='ltr'><strong>quod</strong></span> <span class='ocrx_word' id='word_1_245' title='bbox 581 2657 655 2697; x_wconf 82' lang='lat' dir='ltr'><strong>ejus</strong></span> <span class='ocrx_word' id='word_1_246' title='bbox 681 2657 753 2687; x_wconf 89' lang='lat' dir='ltr'><strong>laus</strong></span> <span class='ocrx_word' id='word_1_247' title='bbox 783 2667 917 2698; x_wconf 82' lang='lat' dir='ltr'><strong>semper</strong></span> <span class='ocrx_word' id='word_1_248' title='bbox 940 2656 999 2689; x_wconf 86' lang='lat' dir='ltr'><strong>flo-</strong></span> 
     </span>
     <span class='ocr_line' id='line_1_44' title="bbox 299 2705 1001 2750; baseline -0.001 -9"><span class='ocrx_word' id='word_1_249' title='bbox 299 2713 387 2749; x_wconf 82' lang='lat' dir='ltr'><strong>reat,</strong></span> <span class='ocrx_word' id='word_1_250' title='bbox 404 2709 458 2740; x_wconf 90' lang='lat' dir='ltr'><strong>vel</strong></span> <span class='ocrx_word' id='word_1_251' title='bbox 486 2707 576 2750; x_wconf 81' lang='lat' dir='ltr'><strong>quod</strong></span> <span class='ocrx_word' id='word_1_252' title='bbox 593 2708 732 2740; x_wconf 83' lang='lat' dir='ltr'><strong>Plantas</strong></span> <span class='ocrx_word' id='word_1_253' title='bbox 753 2706 935 2740; x_wconf 82' lang='lat' dir='ltr'><strong>florescere</strong></span> <span class='ocrx_word' id='word_1_254' title='bbox 952 2705 1001 2740; x_wconf 82' lang='lat' dir='ltr'><strong>fa-</strong></span> 
     </span>
    </p>
   </div>
   <div class='ocr_carea' id='block_1_16' title="bbox 1044 1742 1759 2748">
    <p class='ocr_par' dir='ltr' id='par_1_20' title="bbox 1044 1742 1751 2082">
     <span class='ocr_line' id='line_1_45' title="bbox 1045 1742 1746 1788; baseline -0.01 -9"><span class='ocrx_word' id='word_1_255' title='bbox 1045 1749 1115 1779; x_wconf 88' lang='lat' dir='ltr'><strong>ciat</strong></span> <span class='ocrx_word' id='word_1_256' title='bbox 1127 1752 1162 1779; x_wconf 90' lang='lat' dir='ltr'><strong>et</strong></span> <span class='ocrx_word' id='word_1_257' title='bbox 1180 1747 1382 1788; x_wconf 82' lang='lat' dir='ltr'><strong>germinare,</strong></span> <span class='ocrx_word' id='word_1_258' title='bbox 1394 1744 1483 1777; x_wconf 86' lang='lat' dir='ltr'><strong>unde</strong></span> <span class='ocrx_word' id='word_1_259' title='bbox 1497 1752 1568 1775; x_wconf 87' lang='lat' dir='ltr'><strong>eam</strong></span> <span class='ocrx_word' id='word_1_260' title='bbox 1581 1742 1682 1774; x_wconf 83' lang='lat' dir='ltr'><strong>etiam</strong></span> <span class='ocrx_word' id='word_1_261' title='bbox 1692 1751 1746 1773; x_wconf 90' lang='lat' dir='ltr'><strong>co-</strong></span> 
     </span>
     <span class='ocr_line' id='line_1_46' title="bbox 1045 1793 1750 1834; baseline -0.01 -4"><span class='ocrx_word' id='word_1_262' title='bbox 1045 1799 1162 1830; x_wconf 85' lang='lat' dir='ltr'><strong>lebant</strong></span> <span class='ocrx_word' id='word_1_263' title='bbox 1189 1797 1326 1828; x_wconf 81' lang='lat' dir='ltr'><strong>rustici:</strong></span> <span class='ocrx_word' id='word_1_264' title='bbox 1353 1802 1390 1827; x_wconf 87' lang='lat' dir='ltr'><strong>nt</strong></span> <span class='ocrx_word' id='word_1_265' title='bbox 1413 1800 1466 1826; x_wconf 82' lang='lat' dir='ltr'><strong>est</strong></span> <span class='ocrx_word' id='word_1_266' title='bbox 1491 1794 1579 1834; x_wconf 86' lang='lat' dir='ltr'><strong>apud</strong></span> <span class='ocrx_word' id='word_1_267' title='bbox 1611 1793 1750 1824; x_wconf 78' lang='lat' dir='ltr'><strong>Plutar-</strong></span> 
     </span>
     <span class='ocr_line' id='line_1_47' title="bbox 1044 1843 1748 1885; baseline -0.011 -5"><span class='ocrx_word' id='word_1_268' title='bbox 1044 1850 1164 1881; x_wconf 82' lang='lat' dir='ltr'><strong>chum:</strong></span> <span class='ocrx_word' id='word_1_269' title='bbox 1191 1849 1243 1879; x_wconf 87' lang='lat' dir='ltr'><strong>vel</strong></span> <span class='ocrx_word' id='word_1_270' title='bbox 1266 1853 1304 1878; x_wconf 93' lang='lat' dir='ltr'><strong>ut</strong></span> <span class='ocrx_word' id='word_1_271' title='bbox 1328 1844 1527 1885; x_wconf 82' lang='lat' dir='ltr'><strong>Fulgentius</strong></span> <span class='ocrx_word' id='word_1_272' title='bbox 1544 1844 1603 1874; x_wconf 87' lang='lat' dir='ltr'><strong>lib.</strong></span> <span class='ocrx_word' id='word_1_273' title='bbox 1620 1852 1645 1874; x_wconf 82' lang='lat'><strong>1.</strong></span> <span class='ocrx_word' id='word_1_274' title='bbox 1672 1843 1748 1884; x_wconf 88' lang='lat' dir='ltr'><strong>My.</strong></span> 
     </span>
     <span class='ocr_line' id='line_1_48' title="bbox 1046 1892 1750 1940; baseline -0.013 -9"><span class='ocrx_word' id='word_1_275' title='bbox 1046 1900 1172 1940; x_wconf 82' lang='lat' dir='ltr'><strong>tholog.</strong></span> <span class='ocrx_word' id='word_1_276' title='bbox 1197 1899 1207 1915; x_wconf 77' lang='lat'><strong><em>⁴</em></strong></span> <span class='ocrx_word' id='word_1_277' title='bbox 1225 1899 1356 1931; x_wconf 83' lang='lat' dir='ltr'><strong>Quarta</strong></span> <span class='ocrx_word' id='word_1_278' title='bbox 1370 1896 1377 1908; x_wconf 85' lang='lat'>²</span> <span class='ocrx_word' id='word_1_279' title='bbox 1395 1894 1524 1937; x_wconf 87' lang='lat' dir='ltr'><strong>(musa)</strong></span> <span class='ocrx_word' id='word_1_280' title='bbox 1551 1899 1558 1912; x_wconf 91' lang='lat'>‘</span> <span class='ocrx_word' id='word_1_281' title='bbox 1576 1893 1693 1929; x_wconf 72' lang='grc' dir='ltr'>θάλειαι,</span> <span class='ocrx_word' id='word_1_282' title='bbox 1716 1892 1750 1923; x_wconf 95' lang='lat' dir='ltr'><strong>id</strong></span> 
     </span>
     <span class='ocr_line' id='line_1_49' title="bbox 1047 1942 1751 1989; baseline -0.013 -8"><span class='ocrx_word' id='word_1_283' title='bbox 1047 1955 1113 1987; x_wconf 84' lang='lat' dir='ltr'><strong>est,</strong></span> <span class='ocrx_word' id='word_1_284' title='bbox 1128 1949 1313 1989; x_wconf 83' lang='lat' dir='ltr'><strong>capacitas,</strong></span> <span class='ocrx_word' id='word_1_285' title='bbox 1338 1947 1430 1978; x_wconf 87' lang='lat' dir='ltr'><strong>velut</strong></span> <span class='ocrx_word' id='word_1_286' title='bbox 1448 1946 1474 1976; x_wconf 84' lang='lat' dir='ltr'><strong>si</strong></span> <span class='ocrx_word' id='word_1_287' title='bbox 1493 1945 1642 1983; x_wconf 80' lang='lat' dir='ltr'><strong>dicatur,</strong></span> <span class='ocrx_word' id='word_1_288' title='bbox 1656 1942 1751 1974; x_wconf 79' lang='grc' dir='ltr'>τιθεὶς</span> 
     </span>
     <span class='ocr_line' id='line_1_50' title="bbox 1048 1994 1750 2039; baseline -0.011 -8"><span class='ocrx_word' id='word_1_289' title='bbox 1048 1999 1188 2039; x_wconf 82' lang='grc' dir='ltr'>θάλειαν,</span> <span class='ocrx_word' id='word_1_290' title='bbox 1212 1999 1245 2029; x_wconf 90' lang='lat' dir='ltr'><strong>id</strong></span> <span class='ocrx_word' id='word_1_291' title='bbox 1269 2004 1333 2033; x_wconf 86' lang='lat' dir='ltr'><strong>est,</strong></span> <span class='ocrx_word' id='word_1_292' title='bbox 1350 2006 1478 2036; x_wconf 82' lang='lat' dir='ltr'><strong>ponens</strong></span> <span class='ocrx_word' id='word_1_293' title='bbox 1495 1994 1669 2035; x_wconf 61' lang='lat' dir='ltr'><strong>germina!</strong></span> <span class='ocrx_word' id='word_1_294' title='bbox 1707 1994 1750 2024; x_wconf 90' lang='lat' dir='ltr'><strong>E-</strong></span> 
     </span>
     <span class='ocr_line' id='line_1_51' title="bbox 1050 2046 1588 2082; baseline -0.011 0"><span class='ocrx_word' id='word_1_295' title='bbox 1050 2050 1175 2082; x_wconf 81' lang='lat' dir='ltr'><strong>menda</strong></span> <span class='ocrx_word' id='word_1_296' title='bbox 1189 2050 1309 2079; x_wconf 80' lang='grc' dir='ltr'>τιθεῖσα</span> <span class='ocrx_word' id='word_1_297' title='bbox 1325 2046 1463 2078; x_wconf 80' lang='grc' dir='ltr'>θάλειαν.</span> <span class='ocrx_word' id='word_1_298' title='bbox 1491 2047 1588 2077; x_wconf 83' lang='lat' dir='ltr'><strong>Idem.</strong></span> 
     </span>
    </p>

    <p class='ocr_par' dir='ltr' id='par_1_21' title="bbox 1051 2093 1753 2242">
     <span class='ocr_line' id='line_1_52' title="bbox 1090 2093 1752 2139; baseline -0.011 -8"><span class='ocrx_word' id='word_1_299' title='bbox 1090 2105 1113 2121; x_wconf 78' lang='lat'><strong>“¹</strong></span> <span class='ocrx_word' id='word_1_300' title='bbox 1139 2099 1283 2139; x_wconf 81' lang='lat' dir='ltr'><strong>Themin]</strong></span> <span class='ocrx_word' id='word_1_301' title='bbox 1310 2099 1394 2129; x_wconf 83' lang='lat' dir='ltr'><strong>Nam</strong></span> <span class='ocrx_word' id='word_1_302' title='bbox 1424 2098 1547 2129; x_wconf 82' lang='lat' dir='ltr'><strong>Graece</strong></span> <span class='ocrx_word' id='word_1_303' title='bbox 1578 2093 1671 2134; x_wconf 84' lang='grc' dir='ltr'><strong><em>θέμις,</em></strong></span> <span class='ocrx_word' id='word_1_304' title='bbox 1694 2095 1752 2135; x_wconf 86' lang='lat' dir='ltr'><strong>jus</strong></span> 
     </span>
     <span class='ocr_line' id='line_1_53' title="bbox 1051 2145 1753 2187; baseline -0.007 -6"><span class='ocrx_word' id='word_1_305' title='bbox 1051 2155 1085 2181; x_wconf 85' lang='lat' dir='ltr'><strong>et</strong></span> <span class='ocrx_word' id='word_1_306' title='bbox 1101 2149 1163 2180; x_wconf 88' lang='lat' dir='ltr'><strong>fas.</strong></span> <span class='ocrx_word' id='word_1_307' title='bbox 1212 2149 1298 2180; x_wconf 84' lang='lat' dir='ltr'><strong>Haec</strong></span> <span class='ocrx_word' id='word_1_308' title='bbox 1315 2148 1479 2187; x_wconf 82' lang='lat' dir='ltr'><strong>templum</strong></span> <span class='ocrx_word' id='word_1_309' title='bbox 1495 2146 1614 2177; x_wconf 78' lang='lat' dir='ltr'><strong>habuit</strong></span> <span class='ocrx_word' id='word_1_310' title='bbox 1630 2145 1672 2176; x_wconf 88' lang='lat' dir='ltr'><strong>ad</strong></span> <span class='ocrx_word' id='word_1_311' title='bbox 1689 2146 1753 2178; x_wconf 86' lang='lat' dir='ltr'><strong>Ce-</strong></span> 
     </span>
     <span class='ocr_line' id='line_1_54' title="bbox 1054 2197 1637 2242; baseline -0.007 -11"><span class='ocrx_word' id='word_1_312' title='bbox 1054 2200 1185 2242; x_wconf 88' lang='lat' dir='ltr'><strong>phisum</strong></span> <span class='ocrx_word' id='word_1_313' title='bbox 1202 2199 1345 2229; x_wconf 84' lang='lat' dir='ltr'><strong>Boeotiae</strong></span> <span class='ocrx_word' id='word_1_314' title='bbox 1362 2197 1512 2229; x_wconf 86' lang='lat' dir='ltr'><strong>fluvium.</strong></span> <span class='ocrx_word' id='word_1_315' title='bbox 1539 2197 1637 2228; x_wconf 84' lang='lat' dir='ltr'><strong>Idem.</strong></span> 
     </span>
    </p>

    <p class='ocr_par' dir='ltr' id='par_1_22' title="bbox 1049 2247 1758 2691">
     <span class='ocr_line' id='line_1_55' title="bbox 1096 2247 1755 2289; baseline -0.008 -8"><span class='ocrx_word' id='word_1_316' title='bbox 1096 2256 1110 2271; x_wconf 87' lang='lat'><strong>¹¹</strong></span> <span class='ocrx_word' id='word_1_317' title='bbox 1137 2249 1309 2289; x_wconf 77' lang='lat' dir='ltr'><strong>Thiasitas]</strong></span> <span class='ocrx_word' id='word_1_318' title='bbox 1336 2248 1547 2288; x_wconf 78' lang='lat' dir='ltr'><strong>Thiasus‚Gr.</strong></span> <span class='ocrx_word' id='word_1_319' title='bbox 1559 2247 1664 2278; x_wconf 81' lang='grc' dir='ltr'><strong><em>θίασος</em></strong></span> <span class='ocrx_word' id='word_1_320' title='bbox 1677 2254 1755 2285; x_wconf 85' lang='lat' dir='ltr'><strong>pro-</strong></span> 
     </span>
     <span class='ocr_line' id='line_1_56' title="bbox 1051 2297 1754 2343; baseline -0.009 -11"><span class='ocrx_word' id='word_1_321' title='bbox 1051 2302 1123 2343; x_wconf 84' lang='lat' dir='ltr'><strong>prie</strong></span> <span class='ocrx_word' id='word_1_322' title='bbox 1140 2300 1384 2331; x_wconf 85' lang='lat' dir='ltr'><strong>Bacchantium</strong></span> <span class='ocrx_word' id='word_1_323' title='bbox 1409 2298 1522 2335; x_wconf 80' lang='lat' dir='ltr'><strong>turba,</strong></span> <span class='ocrx_word' id='word_1_324' title='bbox 1545 2298 1625 2328; x_wconf 83' lang='lat' dir='ltr'><strong>hine</strong></span> <span class='ocrx_word' id='word_1_325' title='bbox 1646 2297 1754 2327; x_wconf 82' lang='grc' dir='ltr'><strong><em>θιασῶ-</em></strong></span> 
     </span>
     <span class='ocr_line' id='line_1_57' title="bbox 1049 2348 1756 2391; baseline -0.006 -10"><span class='ocrx_word' id='word_1_326' title='bbox 1049 2364 1113 2391; x_wconf 86' lang='grc' dir='ltr'><em>ται,</em></span> <span class='ocrx_word' id='word_1_327' title='bbox 1128 2350 1353 2390; x_wconf 74' lang='grc' dir='ltr'>χορευταὶ,.(]ιιί</span> <span class='ocrx_word' id='word_1_328' title='bbox 1372 2359 1434 2379; x_wconf 78' lang='lat' dir='ltr'><strong>una</strong></span> <span class='ocrx_word' id='word_1_329' title='bbox 1446 2353 1611 2380; x_wconf 84' lang='lat' dir='ltr'><strong>exercent</strong></span> <span class='ocrx_word' id='word_1_330' title='bbox 1623 2348 1756 2378; x_wconf 84' lang='lat' dir='ltr'><strong>choros.</strong></span> 
     </span>
     <span class='ocr_line' id='line_1_58' title="bbox 1051 2398 1758 2441; baseline -0.008 -8"><span class='ocrx_word' id='word_1_331' title='bbox 1051 2404 1096 2434; x_wconf 91' lang='lat' dir='ltr'><strong>Et</strong></span> <span class='ocrx_word' id='word_1_332' title='bbox 1113 2402 1283 2441; x_wconf 75' lang='lat' dir='ltr'><strong>leiusitas,</strong></span> <span class='ocrx_word' id='word_1_333' title='bbox 1299 2398 1758 2440; x_wconf 77' lang='lat' dir='ltr'><strong>tripudiantium,Bacchan-</strong></span> 
     </span>
     <span class='ocr_line' id='line_1_59' title="bbox 1053 2447 1756 2490; baseline -0.01 -6"><span class='ocrx_word' id='word_1_334' title='bbox 1053 2454 1148 2488; x_wconf 82' lang='lat' dir='ltr'><strong>tium,</strong></span> <span class='ocrx_word' id='word_1_335' title='bbox 1163 2453 1393 2490; x_wconf 82' lang='lat' dir='ltr'><strong>convivarum,</strong></span> <span class='ocrx_word' id='word_1_336' title='bbox 1410 2454 1472 2482; x_wconf 76' lang='lat' dir='ltr'><strong>&amp;c-</strong></span> <span class='ocrx_word' id='word_1_337' title='bbox 1490 2450 1658 2481; x_wconf 76' lang='lat' dir='ltr'><strong>sodalitas,</strong></span> <span class='ocrx_word' id='word_1_338' title='bbox 1689 2447 1756 2479; x_wconf 88' lang='lat' dir='ltr'><strong>Sed</strong></span> 
     </span>
     <span class='ocr_line' id='line_1_60' title="bbox 1053 2498 1758 2538; baseline -0.01 -3"><span class='ocrx_word' id='word_1_339' title='bbox 1053 2504 1132 2536; x_wconf 83' lang='lat' dir='ltr'><strong>mibi</strong></span> <span class='ocrx_word' id='word_1_340' title='bbox 1164 2503 1196 2533; x_wconf 92' lang='lat' dir='ltr'><strong>in</strong></span> <span class='ocrx_word' id='word_1_341' title='bbox 1226 2507 1370 2533; x_wconf 84' lang='lat' dir='ltr'><strong>mentem</strong></span> <span class='ocrx_word' id='word_1_342' title='bbox 1404 2505 1545 2532; x_wconf 80' lang='lat' dir='ltr'><strong>venerat</strong></span> <span class='ocrx_word' id='word_1_343' title='bbox 1580 2498 1758 2538; x_wconf 76' lang='lat' dir='ltr'><strong>scripsisse</strong></span> 
     </span>
     <span class='ocr_line' id='line_1_61' title="bbox 1055 2550 1758 2591; baseline -0.01 -5"><span class='ocrx_word' id='word_1_344' title='bbox 1055 2556 1192 2587; x_wconf 82' lang='lat' dir='ltr'><strong>Festum</strong></span> <span class='ocrx_word' id='word_1_345' title='bbox 1206 2554 1379 2591; x_wconf 71' lang='lat' dir='ltr'><strong>Thiasutus,</strong></span> <span class='ocrx_word' id='word_1_346' title='bbox 1389 2554 1516 2583; x_wconf 80' lang='lat' dir='ltr'><strong>sodales.</strong></span> <span class='ocrx_word' id='word_1_347' title='bbox 1551 2550 1650 2583; x_wconf 85' lang='lat' dir='ltr'><strong>Quod</strong></span> <span class='ocrx_word' id='word_1_348' title='bbox 1666 2554 1758 2590; x_wconf 82' lang='lat' dir='ltr'><strong>post-</strong></span> 
     </span>
     <span class='ocr_line' id='line_1_62' title="bbox 1053 2599 1757 2637; baseline -0.01 -1"><span class='ocrx_word' id='word_1_349' title='bbox 1053 2615 1094 2637; x_wconf 84' lang='lat' dir='ltr'><strong>ea</strong></span> <span class='ocrx_word' id='word_1_350' title='bbox 1111 2609 1145 2636; x_wconf 89' lang='lat' dir='ltr'><strong>et</strong></span> <span class='ocrx_word' id='word_1_351' title='bbox 1162 2604 1283 2635; x_wconf 87' lang='lat' dir='ltr'><strong>Vossio</strong></span> <span class='ocrx_word' id='word_1_352' title='bbox 1299 2604 1331 2634; x_wconf 94' lang='lat' dir='ltr'><strong>in</strong></span> <span class='ocrx_word' id='word_1_353' title='bbox 1357 2608 1505 2634; x_wconf 85' lang='lat' dir='ltr'><strong>mentem</strong></span> <span class='ocrx_word' id='word_1_354' title='bbox 1524 2602 1658 2632; x_wconf 84' lang='lat' dir='ltr'><strong>venisse</strong></span> <span class='ocrx_word' id='word_1_355' title='bbox 1674 2599 1757 2630; x_wconf 81' lang='lat' dir='ltr'><strong>didi-</strong></span> 
     </span>
     <span class='ocr_line' id='line_1_63' title="bbox 1054 2653 1743 2691; baseline -0.012 -1"><span class='ocrx_word' id='word_1_356' title='bbox 1054 2658 1098 2691; x_wconf 85' lang='lat' dir='ltr'><strong>ci.</strong></span> <span class='ocrx_word' id='word_1_357' title='bbox 1145 2658 1216 2688; x_wconf 80' lang='lat' dir='ltr'><strong>Etsi</strong></span> <span class='ocrx_word' id='word_1_358' title='bbox 1233 2658 1389 2688; x_wconf 73' lang='lat' dir='ltr'><strong>Thiasitas</strong></span> <span class='ocrx_word' id='word_1_359' title='bbox 1405 2656 1480 2687; x_wconf 85' lang='lat' dir='ltr'><strong>libri</strong></span> <span class='ocrx_word' id='word_1_360' title='bbox 1500 2664 1627 2686; x_wconf 81' lang='lat' dir='ltr'><strong>omnes.</strong></span> <span class='ocrx_word' id='word_1_361' title='bbox 1647 2653 1743 2684; x_wconf 80' lang='lat' dir='ltr'><strong>Idem.</strong></span> 
     </span>
    </p>

    <p class='ocr_par' dir='ltr' id='par_1_23' title="bbox 1097 2701 1759 2748">
     <span class='ocr_line' id='line_1_64' title="bbox 1097 2701 1759 2748; baseline -0.012 -8"><span class='ocrx_word' id='word_1_362' title='bbox 1097 2715 1112 2729; x_wconf 87' lang='lat'>⁰</span> <span class='ocrx_word' id='word_1_363' title='bbox 1135 2707 1308 2748; x_wconf 81' lang='lat' dir='ltr'><strong>Thomices]</strong></span> <span class='ocrx_word' id='word_1_364' title='bbox 1348 2707 1461 2739; x_wconf 81' lang='lat' dir='ltr'><strong>Verba</strong></span> <span class='ocrx_word' id='word_1_365' title='bbox 1477 2704 1598 2737; x_wconf 87' lang='lat' dir='ltr'><strong>Lucilii</strong></span> <span class='ocrx_word' id='word_1_366' title='bbox 1614 2703 1662 2734; x_wconf 88' lang='lat' dir='ltr'><strong>ita</strong></span> <span class='ocrx_word' id='word_1_367' title='bbox 1678 2701 1759 2743; x_wconf 85' lang='lat' dir='ltr'><strong>legi-</strong></span> 
     </span>
    </p>
   </div>
  </div>
 </body>
</html>
