1876 3025
221 181 305 222 (544

648 185 798 216 SEXTi
835 184 1037 214 ΡΟΜΡΕΙΙ
1073 184 1210 214 FESTI

222 286 310 326 Pro
334 283 558 330 sententia,
580 294 632 322 ac
660 281 698 322 si
729 279 898 321 dicatur
927 278 972 319 in
1004 278 1241 328 sententia,
1261 282 1308 320 ut
1330 291 1408 332 pro
1428 280 1597 329 rostris,
1619 279 1662 320 id

278 357 360 402 est,
380 353 423 392 in
442 350 608 392 rostris.

221 419 576 463 Proaedificatum
594 423 610 439 ⁰
633 416 803 465 dicitur,
825 414 945 467 quod
968 426 1025 454 ex
1047 414 1220 466 privato
1243 414 1343 454 loco
1363 427 1461 467 pro·
1497 413 1664 468 [Fsssr.

277 488 416 529 cessit
437 487 481 527 in
506 485 732 539 publicum
753 483 910 524 solum.

221 557 393 604 P1·obi‚'‘
416 554 532 595 velut
553 552 743 606 prohibi,
762 551 836 604 qui
860 563 907 590 se
930 562 958 589 a
979 548 1271 601 delinquendo
1294 548 1541 602 prohibent.

221 624 471 671 Probrum‚y
493 626 709 674 stuprum,
729 618 956 671 flagitium,
978 621 1027 657 ut
1046 615 1196 656 Attius
1212 617 1257 656 in
1278 616 1555 658 Helenibus:
1579 616 1667 668 qui,

275 691 360 731 nisi
388 690 605 743 probrum,
627 688 773 727 omnia
804 686 895 725 alia
924 684 1132 725 indelicta
1164 684 1399 725 aestimant.

1459 684 1667 725 Caecilius

276 759 318 798 in
356 757 510 798 Davo:
556 756 623 796 Ea
660 760 751 795 tum
784 765 1039 807 compressa
1073 752 1188 806 parit
1220 752 1319 792 huic
1353 765 1549 806 puerum,
1583 752 1668 793 sibi

276 826 499 879 probrum.

218 893 447 941 Probrum‚
469 896 681 945 stuprum,
702 889 927 942 flagitium.

1483 888 1663 942 [PAUL.

218 960 454 1001 Probrumz
476 958 653 1012 virginis
666 957 877 1006 Vestalis,
893 961 941 998 ut
956 957 1103 1011 capite
1116 956 1370 1010 puniretur3
1392 956 1471 1005 vir,
1504 956 1666 1006 [FEs'r.

274 1028 349 1081 qui
360 1040 457 1069 eam
474 1026 1044 1068 incestavissetverberibus
1053 1030 1304 1066 necaretur:
1318 1025 1393 1065 lex
1407 1024 1548 1065 fixain
1558 1025 1666 1064 atrio

274 1095 515 1136 Libertatis
543 1108 642 1135 cum
670 1094 818 1135 multis
849 1094 949 1135 aliis
981 1094 1148 1146 legibus
1171 1092 1378 1134 incendio
1401 1098 1666 1145 consumpta

272 1167 355 1212 est,
377 1166 424 1203 ut
443 1162 504 1202 ait
525 1161 591 1203 M.
615 1162 727 1202 Cato
749 1162 792 1202 in
816 1174 869 1202 ea
890 1161 1098 1211 oratione,
1122 1175 1220 1214 quae
1251 1161 1305 1201 de
1336 1161 1574 1213 auguribus
1603 1160 1667 1199 in-

272 1230 488 1270 scribitur.

550 1228 721 1283 Adjicit
750 1242 928 1282 quoque
961 1229 1150 1281 virgines
1181 1228 1386 1269 Vestales
1419 1227 1667 1269 sacerdotio

271 1301 576 1338 exauctoratus
606 1310 694 1351 quae
724 1296 865 1336 incesti
885 1295 1100 1345 dammam,
1129 1294 1228 1335 vivae
1251 1294 1412 1348 deffossae
1433 1301 1539 1344 sunt,
1562 1293 1669 1349 quod

270 1378 386 1404 sacra
413 1362 453 1403 V
449 1371 537 1404 θείω
557 1364 699 1404 matris
716 1363 969 1417 polluissent,
986 1377 1054 1404 uec
1070 1370 1218 1408 tamen,
1235 1362 1325 1403 licet
1340 1369 1535 1412 nocentem,
1552 1368 1666 1402 extra

271 1431 408 1471 urbem
430 1431 729 1472 obruebantur:
751 1430 876 1471 sedin
894 1430 1049 1485 Campo
1060 1431 1245 1486 proxime
1261 1437 1425 1484 portam
1445 1428 1666 1479 Collinam,

270 1499 341 1554 qui
360 1498 570 1540 sceleratus
592 1498 841 1552 appellatur.

215 1566 478 1616 ProcaIare,a
499 1580 755 1620 provocare,
779 1580 835 1607 ex
858 1567 1021 1608 Graeco
1047 1568 1188 1616 καλεῖν,
1209 1567 1252 1606 id
1275 1571 1359 1617 est,
1379 1580 1457 1608 vo·
1488 1565 1666 1616 [PAUL.

271 1647 394 1675 care:
447 1635 561 1675 unde
615 1634 845 1689 Kalendae,
883 1635 1120 1683 calumnia,
1163 1634 1360 1683 calones,
1400 1634 1584 1684 caculae,
1624 1637 1668 1673 et

270 1701 502 1743 calatores.

865 1810 1005 1842 NOTAE

254 1890 267 1904 *¹
292 1884 559 1925 Prooedi'ftcutum]
585 1883 681 1914 Idem
699 1884 818 1924 opinor
835 1893 909 1914 esse

213 1934 314 1974 quod,
330 1935 338 1951 ⁶
354 1934 567 1973 projectum,'
581 1935 588 1949 ‘
602 1933 909 1973 provolaus,’Grae-

214 1984 260 2013 cis
274 1981 437 2022 πρόφορον.
482 1982 569 2012 Vide
587 1982 798 2013 ‘Maeniana.'
812 1983 910 2013 Idem.

256 2039 270 2053 x
296 2033 408 2072 Probi]
434 2033 539 2063 Velut
565 2033 697 2072 prohibi.
758 2034 846 2064 Nam
875 2037 910 2063 et

210 2084 335 2125 probere
352 2084 513 2114 dicebant
540 2094 600 2124 pro
623 2085 792 2123 prohibere.
848 2085 909 2115 Lu-

213 2141 297 2166 eret.
316 2135 373 2165 lib.
395 2144 418 2165 1.
457 2135 465 2150 ‘
483 2135 571 2165 Nam
602 2135 672 2165 sive
704 2140 757 2165 est
784 2135 909 2176 aliquid

213 2186 299 2227 quod
319 2185 473 2225 probeat,
490 2184 708 2225 officiatque.'
734 2185 831 2216 Idem.

256 2241 270 2262 ἵ
295 2235 462 2275 Probrum]
488 2235 592 2267 Quasi
615 2235 805 2274 prohibrnm,
821 2236 911 2276 quod

215 2286 394 2326 probibere
419 2286 549 2316 anobis
568 2285 742 2316 debemus.
787 2287 831 2317 Et
845 2296 911 2317 non

214 2342 343 2367 tautum
375 2336 416 2366 de
446 2337 571 2375 stupris
602 2341 637 2366 et
661 2335 809 2376 flagitiis.
865 2337 913 2367 Ut

214 2385 329 2416 Piaut.
345 2395 369 2416 1.
391 2388 423 2416 2.
449 2386 459 2403 ‘
475 2385 586 2426 Atque
605 2386 808 2416 insimulabit
839 2396 911 2417 eam

214 2435 352 2475 probri!
397 2436 441 2466 Et
458 2436 594 2466 Sueton.
614 2437 690 2467 Cos.
709 2439 762 2467 43.
787 2438 796 2453 ‘
815 2437 911 2468 'Dire-

214 2486 275 2516 mit
292 2485 427 2525 nuptias
446 2486 595 2525 praeiorii
616 2486 689 2524 viri,
705 2486 762 2527 qui
782 2486 912 2526 digres-

215 2546 285 2566 sam
320 2545 339 2566 a
369 2536 491 2566 marito
522 2541 597 2576 post
629 2535 765 2566 biduum
795 2539 912 2568 statim

215 2586 372 2623 duxerat,
387 2586 538 2626 quamvis
556 2587 628 2616 siue
644 2586 756 2626 probri
773 2587 911 2627 suspici·

216 2635 301 2667 one.'
330 2636 395 2666 Sed
414 2636 515 2666 eiiam
533 2636 574 2666 de
591 2637 739 2677 qualibet
762 2637 825 2666 alia
843 2643 913 2668 tui·-

219 2685 381 2724 pitudiue.
428 2686 468 2716 P.
486 2686 666 2717 Africanus
692 2687 733 2716 de
762 2687 909 2718 mulcta:

218 2740 227 2751 ¹
249 2735 369 2765 Omnia
390 2736 487 2771 maia,
509 2736 646 2776 probra,
672 2735 813 2777 flagitia,
838 2747 912 2777 quae

963 1884 1113 1914 homines
1127 1883 1269 1921 faciunt,
1280 1884 1311 1914 in
1325 1884 1454 1915 duabus
1466 1884 1565 1915 rebus
1577 1889 1667 1920 suutr

964 1935 1094 1964 malitia
1110 1940 1213 1974 atque
1239 1932 1413 1974 nequitia.’
1439 1935 1536 1965 Idem.

1007 1984 1178 2023 Probrum]
1202 1985 1328 2014 Versus
1349 1984 1438 2014 Attii
1456 1985 1555 2024 plane
1578 1986 1667 2015 Stoi-

964 2044 1038 2065 cum
1056 2035 1227 2064 decretum
1246 2040 1297 2065 est
1313 2046 1319 2063 :
1344 2034 1431 2066 οὐδὲν
1445 2035 1553 2075 κακὸν,
1570 2036 1597 2067 εἶ
1623 2037 1665 2074 μὴ

965 2083 1105 2124 αἰσχρόν.
1129 2085 1199 2114 Jos.
1217 2084 1301 2115 Scal.

1009 2140 1021 2154 ²
1037 2134 1207 2174 Probi-um]
1224 2136 1310 2166 Quae
1326 2135 1425 2165 Festo
1439 2135 1574 2175 desunt,
1585 2136 1664 2167 addi

967 2189 1128 2225 poterunt
1152 2194 1194 2215 ex
1219 2185 1258 2215 iis
1274 2195 1349 2225 quae
1366 2185 1407 2215 ab
1424 2186 1594 2216 historicis
1619 2187 1667 2217 di·

966 2239 1089 2265 cuntur
1105 2234 1146 2264 de
1163 2244 1262 2274 poena
1279 2235 1466 2265 Vestalium
1490 2240 1667 2275 corrupta-

969 2295 1055 2316 rum.
1078 2284 1165 2315 Vide
1182 2286 1395 2317 ‘Sceleratus
1408 2286 1572 2326 campus.'
1589 2288 1667 2318 Ant.

965 2335 1052 2373 Aug.

1010 2384 1163 2415 Probrum
1180 2384 1331 2424 virginis]
1354 2385 1493 2425 Optime
1522 2386 1580 2422 ait,
1604 2387 1664 2417 Sa-

967 2434 1120 2465 cerdotio
1136 2441 1363 2474 exauguraias
1381 2440 1501 2475 postea
1528 2437 1664 2467 damna-

967 2492 1016 2516 tas
1046 2486 1137 2515 vivas
1168 2484 1294 2515 defodi.
1341 2486 1428 2516 Nam
1461 2486 1664 2518 insimulatae

966 2536 1114 2575 virgines
1132 2536 1237 2575 primo
1251 2535 1390 2566 decreto
1402 2536 1598 2576 pontificum
1613 2547 1665 2568 sa·

966 2586 1031 2617 cris
1063 2585 1235 2616 abstinere
1261 2586 1485 2626 jubebantur.
1532 2587 1665 2618 Deinde

967 2635 1058 2667 facto
1083 2636 1226 2675 judicio,
1258 2636 1342 2667 vivae
1371 2636 1528 2668 defossae.
1576 2637 1663 2668 Vide

966 2687 976 2703 ‘
988 2686 1169 2717 sceleratus
1186 2686 1349 2726 campus.’
1373 2687 1453 2719 Dae.
1614 2728 1616 2730 Ι

1009 2741 1022 2756 ²
1039 2735 1220 2775 Proculare]
1232 2737 1318 2768 Vide
1334 2738 1342 2754 ‘
1354 2737 1550 2769 Caiatores!
1575 2737 1663 2769 Vide
