1876 3025
248 171 332 213 642

700 182 846 212 SEXTI
882 181 1081 212 FOMPEH
1116 180 1251 211 FESTI

251 275 435 319 Privos¹¹
457 277 688 331 privasque
718 275 886 329 antiqui
918 275 1128 316 dicebant
1151 287 1231 327 pro
1252 273 1455 326 singulis:
1508 273 1687 326 [PAUL.

305 345 361 385 ol]
383 358 515 398 quam
536 356 714 385 causam
735 348 776 384 et
792 344 964 396 privata
981 343 1196 391 dicuntur,
1217 354 1316 395 quae
1335 341 1687 395 uniuscujusque

306 413 418 453 sint:
446 412 546 453 hinc
567 417 610 452 et
630 411 920 464 privilegium,
942 414 983 450 et
1005 410 1233 464 privatus:
1265 409 1453 450 dicimus
1476 414 1625 450 tamen
1644 415 1690 450 et

306 481 542 532 privatum,
563 479 633 520 cui
653 478 759 532 quid
781 481 848 519 est
869 478 1140 530 ademptum.

250 547 364 588 Pro<³
392 547 607 601 significat
635 547 694 596 in,
726 551 775 586 ut
804 558 882 599 pro
912 545 1078 594 rostris,
1108 558 1188 598 pro
1220 544 1329 594 aede9
1361 558 1441 598 pro
1470 545 1688 586 tribunali.

305 614 394 656 Pro
415 615 590 668 ponitur
611 614 742 654 etiam
763 627 842 667 pro
865 612 1188 666 amplificando,
1211 626 1263 653 ac
1294 612 1445 665 palam
1467 613 1688 663 faciendo,

304 685 353 722 ut
373 682 515 735 prodi,
534 694 744 735 provoca,
766 680 982 734 protrahe,
1005 680 1234 734 propelle:
1257 681 1366 721 alias
1388 693 1468 733 pro
1488 680 1691 733 privandi

303 750 529 800 facultate,
551 751 662 790 utin
684 749 929 802 propudio:
974 748 1273 802 prohibend03
1320 748 1426 802 quia
1456 753 1690 801 utrumque

305 818 457 858 abnuit
478 819 521 858 in
541 818 609 858 his
633 830 732 857 esse
760 816 987 870 pudorem,
1011 820 1388 870 potestatemque:
1433 817 1542 857 alias
1573 815 1690 856 aliud

305 898 385 937 pro
408 885 510 935 alio,
527 889 574 925 ut
593 897 671 937 pro
692 883 898 937 pecunia,
912 897 989 937 pro
1006 885 1193 937 praedio,
1210 884 1505 925 Proconsule:
1527 882 1558 907 ¹⁶
1580 883 1690 924 alias

303 966 383 1006 pro
406 952 704 1001 admiratione,
725 955 770 992 ut
790 964 868 1004 pro
888 951 917 992 J
923 953 1114 1005 uppiter:
1155 953 1265 993 alias
1288 965 1367 1005 pro
1396 958 1513 1002 ante,
1537 955 1583 993 ut
1610 965 1689 1006 pro

304 1020 444 1060 ostio:
477 1020 585 1060 alias
607 1020 766 1074 proin,
797 1023 846 1060 ut
875 1020 1131 1073 promittere
1154 1021 1350 1070 barbam,
1384 1025 1430 1061 et
1461 1021 1688 1074 capillum.

306 1086 359 1126 In
376 1086 664 1141 compositione
678 1086 849 1142 ponitur
864 1092 877 1108 Γ
890 1101 966 1140 pro
982 1087 1285 1141 amplificando,
1301 1086 1502 1141 acpalam
1523 1088 1688 1141 [FEST.

288 1154 511 1209 fizciendo:
546 1161 588 1195 ut
605 1153 740 1208 prodi,
759 1168 957 1209 provoca,
980 1153 1175 1208 propelle.

851 1253 967 1264 «estete

971 1253 1089 1265 αααααα

292 1310 331 1338 16
359 1308 368 1324 ⁴
381 1307 645 1346 Corruptissinia
660 1312 758 1337 sunt:
777 1308 856 1338 alias
872 1309 956 1338 aliud
970 1309 1043 1342 alio,
1059 1311 1094 1338 ut
1108 1317 1164 1348 pro
1181 1308 1320 1348 pecnnia,
1332 1317 1388 1348 pro
1401 1307 1533 1348 prcecIio,
1544 1316 1600 1347 pro
1616 1316 1686 1337 con-

247 1351 318 1381 sule.
347 1350 436 1389 Lego
453 1360 460 1380 2
474 1350 551 1380 alius
564 1351 658 1389 apudJ
670 1350 720 1388 ab,
735 1350 793 1385 0b;
810 1354 843 1381 ut
856 1360 912 1390 pro
921 1351 1061 1390 pecunia,
1076 1360 1132 1390 pro
1147 1353 1262 1392 proede,
1275 1361 1331 1390 pro
1347 1350 1497 1383 consilio.’
1513 1350 1586 1382 Jos.
1602 1350 1689 1381 Scal-

896 1435 1040 1467 NOTAE

244 1499 343 1531 ‘ollis
358 1499 379 1530 ι’
397 1504 404 1517 ‘
416 1498 618 1538 Pilumnoe,'
632 1499 640 1515 ⁴
655 1499 803 1530 Pilumni
818 1499 839 1530 :¹
856 1503 864 1517 ‘
882 1509 939 1540 po-

247 1551 348 1590 ploe,’
363 1554 371 1567 ‘
386 1550 527 1590 populi,'
540 1553 603 1581 Sec.
620 1551 688 1581 Jos.
706 1550 789 1581 Scul-

290 1600 432 1631 Prz'vivio
446 1600 590 1640 esprius]
614 1601 776 1631 Scliedae:
803 1603 810 1618 ⁵
832 1602 939 1631 Privi-

245 1649 299 1681 vio
316 1660 351 1681 es
369 1651 485 1690 privis,
500 1650 532 1681 id
549 1655 613 1690 est,
631 1650 791 1690 singulis!
809 1651 891 1681 Dac.

285 1699 300 1719 ¹¹
324 1700 454 1740 Prinos]
480 1701 604 1738 Verba,
634 1704 664 1731 et
698 1701 855 1740 privatus,
888 1702 939 1733 vel

244 1749 405 1781 mendosa
422 1754 510 1784 sunt,
528 1750 580 1780 vel
598 1760 615 1780 a
635 1750 743 1781 Paulo
761 1751 939 1782 deti-nuca-

242 1804 296 1830 ta:
322 1809 398 1830 nain
413 1800 438 1829 si
457 1799 655 1840 addidisset,
669 1810 744 1830 cum
760 1801 938 1841 distingui-

245 1855 302 1885 tur
329 1850 371 1881 ab
400 1859 452 1887 eo,
480 1850 535 1888 qui
565 1859 638 1879 cnm
675 1855 847 1889 potestate
875 1858 938 1885 est,

244 1903 315 1929 tum
347 1904 441 1929 recte
470 1904 586 1928 cetera
617 1900 837 1932 coliaererent.
859 1902 938 1933 Aut.

246 1950 333 1987 Aug.

289 1998 419 2038 Prinos]
449 1997 604 2029 Offendit
634 2008 700 2037 ine,
729 1999 817 2039 quod
850 2001 938 2039 apud

245 2049 445 2080 Ciceronem
477 2058 536 2088 pro
567 2048 628 2079 hac
661 2058 743 2079 voce
774 2050 938 2081 Privatum

246 2098 505 2129 substituerint:
530 2102 568 2129 nt
595 2099 629 2129 iu
659 2109 699 2129 ea
727 2109 788 2139 pro
817 2100 937 2131 domo:

243 2151 253 2167 ‘
268 2149 393 2180 Vetant
405 2149 495 2188 leges
508 2152 664 2187 sacratae,
677 2154 792 2180 vetant
807 2153 857 2181 12.
875 2152 938 2182 Ta-

243 2199 332 2229 bulae
350 2200 439 2238 leges
457 2199 561 2239 privis
574 2200 937 2240 bominibusirrogari!

244 2249 292 2279 At
319 2248 417 2279 hodie
442 2249 559 2288 legunt
575 2249 726 2280 privatis.
772 2250 859 2281 Item
880 2261 935 2282 111.

241 2297 285 2328 de
302 2298 451 2338 legibus:
474 2300 483 2314 ⁵
502 2303 630 2329 tautum
649 2300 794 2339 majores
810 2301 842 2330 in
860 2311 936 2341 pos-

241 2351 351 2377 terum
377 2348 581 2388 providisse:
606 2349 638 2379 in
663 2350 811 2388 privatos
833 2351 935 2381 homi-

241 2398 404 2437 nesleges
419 2397 499 2428 ferri
517 2398 730 2430 nolueruntz’
749 2409 823 2430 curn
842 2400 937 2432 Cice-

241 2457 279 2477 ro
296 2448 482 2488 scripserit,
494 2449 528 2479 in
541 2450 647 2488 privos
661 2450 807 2481 hanzines.
851 2451 936 2481 Sub—

234 2497 312 2537 jicit
325 2498 425 2534 enim,
442 2498 450 2514 ‘
468 2499 501 2529 id
524 2505 575 2530 est
598 2501 683 2530 enini
698 2501 934 2541 privilegium.¹

240 2548 370 2579 Postea
385 2550 648 2589 interpretatur:
673 2552 682 2567 ⁸
701 2552 797 2582 Ferri
814 2552 855 2582 de
872 2552 936 2582 sin·

241 2599 326 2638 gulis
342 2599 402 2630 nisi
428 2601 625 2631 centuriatis
653 2602 797 2632 comitiis
820 2603 933 2633 nolue-

241 2649 343 2680 runt.'
386 2650 475 2681 Vide
492 2650 637 2682 Gellium
654 2651 712 2682 lib.
731 2661 766 2683 x.
784 2661 858 2692 cap.
878 2655 930 2684 20.

241 2699 309 2729 Jos.
326 2698 408 2730 Scal.

284 2748 399 2781 Privos
411 2750 588 2791 privasque]
610 2751 696 2783 Vide
720 2752 853 2793 Cujacii
873 2753 931 2785 ob·

992 1504 1119 1531 servat.
1143 1500 1200 1532 lib.
1219 1509 1279 1532 xv.
1304 1509 1379 1542 cap.
1400 1503 1450 1532 18.
1489 1500 1606 1531 Prii-us
1631 1503 1688 1530 a'u-

993 1555 1059 1580 tein
1077 1555 1128 1581 est
1144 1541 1307 1591 cnjusdue
1325 1551 1488 1591 proprius,
1503 1560 1593 1582 snus.
1619 1550 1690 1580 Ho-

992 1606 1055 1631 rat.
1074 1601 1131 1631 lib.
1151 1610 1173 1632 r.
1198 1602 1261 1641 Ep.
1281 1604 1309 1632 1.
1333 1604 1342 1618 ⁴
1361 1602 1514 1632 Nauseat
1539 1605 1574 1632 et
1599 1601 1691 1632 locu·

992 1652 1077 1690 ple&
1095 1662 1192 1690 quein
1210 1652 1305 1682 ducit
1323 1653 1418 1692 priva
1436 1652 1605 1683 triremis!
1635 1652 1691 1683 Li-

992 1701 1064 1731 vius
1083 1702 1139 1732 lib.
1156 1710 1221 1732 vir.
1247 1707 1254 1719 ‘
1270 1703 1396 1733 Milites
1419 1703 1556 1742 singulis
1584 1702 1689 1733 bobus

993 1750 1024 1779 in
1057 1751 1259 1789 praesentia:
1300 1751 1427 1791 duplici
1453 1750 1625 1782 fruniento
1656 1751 1690 1782 in

991 1805 1213 1841 perpetuum:
1241 1802 1394 1842 binisque
1429 1803 1534 1842 privis
1566 1802 1691 1833 tunicis

991 1849 1131 1880 donam*
1179 1852 1237 1881 Est
1251 1857 1363 1881 autem
1378 1861 1395 1881 a
1407 1850 1493 1890 πρίω,
1505 1851 1690 1892 eino‚quia,

990 1900 1077 1938 quod
1102 1901 1175 1939 quis
1193 1901 1286 1936 cinit,
1303 1902 1328 1929 is
1342 1901 1402 1930 sibi
1419 1901 1499 1930 illud
1515 1902 1689 1941 proprium

989 1948 1091 1979 fecit:
1118 1955 1151 1980 et
1170 1950 1247 1979 inde
1265 1960 1324 1989 pro
1346 1949 1489 1989 singulo,
1506 1951 1619 1989 unico,
1637 1961 1688 1981 so-

991 1999 1103 2030 litario
1126 1997 1233 2039 privas
1256 1999 1379 2029 dictus.
1415 2001 1487 2030 Liv.
1514 2000 1571 2030 lib.
1597 2010 1686 2032 xxx.

974 2050 1206 2080 V‘Fecialibus
1246 2049 1494 2089 postulantibus
1541 2050 1688 2083 Senatus

990 2102 1179 2131 consultum
1199 2100 1327 2131 factum
1342 2105 1408 2140 est,
1423 2102 1455 2131 in
1472 2101 1542 2132 liaec
1561 2102 1685 2133 verba:

989 2157 1025 2182 ut
1057 2152 1170 2191 privos
1202 2151 1333 2191 lapides
1365 2152 1475 2182 silices
1508 2153 1687 2194 privasque

988 2201 1156 2232 verbenas
1173 2211 1285 2233 secunx
1306 2200 1461 2232 feri-ent!
1508 2202 1551 2232 Et
1576 2203 1687 2234 Lucil.

988 2252 996 2267 ‘
1016 2252 1195 2282 Culcitulae
1228 2252 1395 2283 accedunt
1433 2254 1538 2292 privae
1571 2258 1685 2283 cento-

987 2301 1080 2332 nibu’
1102 2301 1213 2332 binis.’
1257 2301 1287 2332 A
1311 2303 1431 2342 prinus,
1457 2308 1508 2333 est
1535 2303 1687 2342 privatus,

988 2353 1179 2392 etprimre:
1201 2353 1243 2384 de
1259 2354 1425 2393 privilegio
1444 2353 1542 2385 infra.
1560 2356 1640 2385 Duc.

1029 2408 1044 2428 ‘1
1070 2403 1150 2442 Pro]
1175 2403 1289 2434 Infra:
1317 2405 1401 2435 Fere
1416 2405 1527 2435 onmia
1544 2414 1585 2435 ex
1603 2406 1682 2446 Epi-

987 2457 1077 2484 tome
1114 2454 1265 2484 divinare
1302 2459 1408 2494 potes.
1454 2455 1529 2486 Hoc
1571 2461 1683 2487 tannen

986 2509 1155 2544 p1·aetei·ea
1181 2504 1327 2535 habebat
1355 2505 1485 2544 Festus,
1507 2506 1594 2545 quod
1621 2506 1683 2537 At-

986 2554 1067 2583 tium
1090 2555 1122 2584 in
1150 2554 1361 2595 Menalippo,
1391 2556 1442 2585 vel
1470 2556 1616 2587 Ennium
1646 2557 1681 2588 in

984 2603 1195 2643 Menalippa,
1214 2604 1294 2634 itein
1321 2605 1479 2635 Plautum
1505 2606 1535 2636 in
1553 2607 1684 2638 conua-

984 2653 1028 2684 lio
1044 2653 1184 2685 citabat.
1205 2655 1272 2685 Jos.
1295 2654 1375 2685 Scal.

1028 2707 1038 2723 Γ
1064 2704 1332 2743 incompositione
1350 2706 1492 2746 ponitur]
1518 2706 1609 2737 Male
1625 2706 1679 2736 hic

985 2753 1084 2786 Pauli
1114 2759 1149 2786 et
1182 2755 1273 2787 Festi
1306 2756 1408 2787 verba
1441 2757 1676 2788 cobaeserunt.
