1876 3025
295 152 358 183 DE
391 150 662 181 VERBORUM
697 147 1112 180 siGNmioArioNiz
1147 148 1241 177 Lm.
1277 147 1406 178 Xv11.
1483 137 1567 178 805

175 254 268 288 suut
303 248 484 302 primum
502 245 633 302 facti,
665 259 780 301 quem
817 245 953 286 Marti
994 242 1264 284 consecravit
1298 240 1352 281 P.
1381 239 1567 281 Valerius

171 315 378 370 poplicola
401 315 505 356 Cos.
525 314 640 367 quod
664 314 857 367 populus
890 312 1120 352 Romanus
1152 311 1194 350 in
1231 309 1312 349 loco
1348 307 1418 348 illo
1445 316 1565 348 antea

172 390 373 437 repertam
403 396 519 423 aram
541 395 717 435 quoque
744 382 834 422 Diti
857 394 904 421 ac
926 378 1183 433 Proserpince
1217 383 1518 418 consecraverat
1534 375 1564 399 ¹⁸

172 450 213 490 in
237 455 433 493 extremo
455 449 612 490 Martio
639 447 808 502 Campo,
830 447 939 503 qaod
957 445 1187 487 Terentium
1208 445 1470 499 appellatur,
1492 444 1545 484 de

172 519 348 559 missam
386 517 498 574 iiffra
521 524 674 558 terram
700 517 822 570 pedes
840 516 939 572 fere
970 515 1141 568 viginti,
1174 515 1217 554 in
1245 525 1333 566 qua
1348 525 1427 565 pro
1449 510 1565 550 malis

170 585 399 626 avertendis
432 585 612 639 populus
655 585 710 625 R.
747 586 892 626 facere
924 597 1052 625 sacra
1087 582 1227 623 solitus
1261 587 1362 621 erat.
1425 577 1566 619 Ludos

166 660 309 708 postea
334 652 555 693 Saeculares
576 659 619 694 et
640 654 911 706 nonagesimo
935 665 1091 706 quoque
1111 665 1216 691 anno
1235 648 1381 705 facere
1402 647 1459 687 ibi
1491 661 1565 688 (α’-

166 721 234 776 pit
257 721 437 775 Popilio
460 721 642 762 Laenate
665 718 938 761 Duum-Viro
969 734 1190 769 sacrorum,
1219 718 1259 758 in
1282 717 1393 772 quib.
1415 715 1564 758 hostiis

171 790 313 830 furuis
337 795 368 822 ¹9
397 794 466 830 est
487 795 676 842 operatus
703 788 834 828 tribus
860 787 1000 827 diebus
1021 786 1263 841 totidemque
1284 785 1489 826 noctibus
1512 797 1566 824 ao

168 856 317 898 deinde
339 856 570 896 institutam
592 869 671 896 esse
692 863 854 897 centum
878 860 979 909 post
1000 868 1141 897 annos
1165 861 1211 896 ut
1227 853 1396 908 fierent.
1450 850 1565 891 Unde

166 924 357 966 videntur
396 923 634 965 Saeculares
668 924 834 978 appell.
858 922 968 978 quod
995 931 1151 963 centum
1172 936 1371 963 annorum
1390 920 1566 975 spatium

171 993 327 1034 saeculi
347 993 545 1034 habetur.

110 1062 303 1115 Sagaces
322 1058 339 1082 ‘³
377 1059 652 1114 appellantur
678 1059 823 1110 multi,

716 1174 832 1186 eeeeee

855 1072 908 1100 ac
944 1060 1115 1101 solertis
1149 1059 1380 1101 acuminis.
1439 1055 1567 1097 Afra-

836 1173 951 1185 eeeee

151 1246 189 1274 18
208 1242 272 1275 Ed.
289 1243 379 1274 Scal.
394 1244 737 1275 conservaveram—19
758 1241 841 1274 Ead.
856 1242 911 1273 ed.
938 1246 945 1259 ¹
960 1241 1062 1272 hostis
1078 1239 1225 1271 furulis?

770 1378 909 1409 NOTAE

108 1464 164 1496 sit.
208 1463 295 1494 Vide
313 1462 542 1494 ‘Terentum.’
566 1462 646 1493 Ant.
665 1462 750 1500 Aug.

150 1514 320 1546 Saeculares
345 1514 410 1544 ludi
428 1513 589 1554 Tarquinii
605 1512 739 1552 Superbi
760 1522 807 1544 re-

104 1565 172 1606 gis]
197 1566 282 1598 Quae
308 1565 359 1596 liic
385 1564 427 1595 de
452 1574 572 1604 campo
602 1563 738 1603 Martio,
765 1563 807 1594 de

108 1617 183 1646 loco
210 1616 242 1646 in
281 1625 334 1654 eo,
366 1615 421 1655 qui
467 1615 651 1645 Terentum
689 1614 806 1654 appel-

106 1666 256 1705 labatur,
282 1664 324 1695 de
349 1674 407 1695 ara
437 1674 510 1705 quae
529 1674 547 1694 a
564 1664 690 1704 populo
707 1664 805 1695 Rom.

108 1716 142 1746 in
160 1716 247 1746 bello
263 1719 381 1746 contra
396 1713 546 1745 Albanos
570 1714 641 1744 Diti
670 1723 708 1744 ac
720 1714 804 1744 Pro-

108 1767 253 1806 serpinae
284 1766 407 1799 dicata,
433 1765 493 1795 sub
519 1770 642 1794 terram
666 1764 708 1794 ad
728 1764 802 1794 alti-

109 1817 260 1847 tudinem
279 1817 401 1857 pedum
428 1816 548 1855 viginti
576 1814 709 1846 defossa
739 1820 803 1850 est,

108 1867 150 1898 de
167 1868 285 1898 hostiis
304 1866 422 1901 furvis,
447 1866 489 1896 de
508 1865 613 1896 tribus
631 1864 750 1896 diebus
765 1875 802 1896 ac

106 1918 276 1957 noctibus,
317 1916 390 1947 fuse
448 1916 664 1956 persequitur
708 1915 803 1946 Zosi-

105 1979 190 2009 mus,
218 1970 312 2010 cujus
337 1978 401 2008 ope
429 1969 586 1999 ruderum
603 1968 741 1999 istorum
757 1969 801 1999 la-

106 2019 202 2060 pides
225 2017 295 2049 fere
322 2028 435 2049 omnes
473 2018 642 2048 redivivos
671 2018 801 2049 excita-

105 2080 187 2101 ram.
210 2070 320 2099 Varro
335 2069 393 2100 lil).
413 2078 436 2099 1.
454 2068 496 2099 de
514 2069 655 2100 scenicis
668 2069 801 2109 Origin.

105 2120 114 2136 ‘
129 2121 212 2151 Cum
230 2121 334 2151 multa
350 2125 509 2161 portenta
530 2119 651 2151 fierent
678 2124 714 2151 et
731 2129 801 2150 mu-

106 2180 161 2201 rus
178 2181 216 2202 ac
233 2171 335 2202 turris
360 2181 433 2212 quae
457 2177 533 2201 sunt
559 2171 646 2201 intra
668 2174 799 2211 portam

106 2222 268 2253 Collinam
286 2227 321 2252 et
342 2222 550 2262 Esquilinam
568 2222 610 2252 de
638 2222 724 2252 coelo
749 2231 798 2252 es-

104 2276 180 2303 sent
208 2278 311 2307 tacta,
336 2276 371 2302 et
394 2272 470 2302 ideo
493 2272 596 2302 libros
619 2272 799 2312 Sibyllinos

106 2324 157 2352 15.
196 2321 258 2352 viri
287 2321 464 2357 adiissent,
497 2322 732 2353 renuntiarunt
762 2328 799 2354 ut

106 2370 179 2401 Diti
200 2371 288 2411 patri
313 2381 352 2402 ac
377 2372 591 2412 Proserpinae
620 2373 705 2403 Ludi
732 2373 798 2403 Ta-

107 2421 230 2451 rentini
256 2421 288 2451 in
306 2422 432 2461 Campo
448 2423 577 2453 Martio
602 2422 737 2464 fierent,
763 2427 799 2454 et

103 2471 221 2502 hostiae
240 2469 345 2501 fnrvae
363 2472 639 2504 immolarentur!
681 2473 799 2503 Verba

103 2521 173 2559 illa,
190 2520 294 2550 Ludos
313 2525 417 2560 postea
442 2522 603 2554 saeculares
620 2523 728 2561 facere
755 2523 799 2554 ibi

103 2572 194 2612 coepz't
220 2574 249 2601 et
276 2572 484 2613 nonagesimo,
504 2574 556 2612 δῖε.
581 2575 698 2605 mutila
722 2584 795 2605 esse

103 2622 206 2653 docet
222 2621 274 2651 vel
290 2620 371 2650 illud
387 2624 429 2659 et,
447 2627 483 2652 et
498 2622 570 2662 ipsa
595 2624 740 2655 historiae
759 2624 795 2654 fi-

103 2673 175 2704 des.
202 2673 305 2712 Lege,
324 2672 425 2712 Coepit
439 2674 641 2705 ducentesimo
658 2679 687 2707 et
702 2685 796 2706 nona-

101 2725 218 2765 gesimo
244 2732 357 2764 quoque
371 2733 459 2755 anno.
486 2724 559 2756 Etsi
580 2725 728 2757 scribere
743 2726 799 2757 de-

863 1453 984 1484 buerat
1006 1450 1210 1483 ducentesimo
1232 1453 1262 1480 et
1283 1448 1479 1487 nonagesimo
1494 1457 1562 1488 sep-

860 1506 946 1538 timo.
999 1506 1093 1535 Tunc
1124 1504 1211 1534 enim
1246 1501 1399 1540 Popilius
1439 1500 1560 1530 Laenas

862 1556 1027 1587 Dunmvir
1043 1555 1106 1586 fuit
1129 1562 1300 1584 sacrorum
1316 1551 1561 1582 faciendorum.

860 1608 902 1638 In
928 1606 994 1638 fine
1026 1616 1101 1636 cum
1135 1605 1182 1635 ait
1214 1604 1332 1634 Festus
1364 1602 1558 1632 institutum

859 1659 961 1689 fuisse
979 1662 1114 1689 centum
1144 1660 1219 1696 post
1237 1664 1341 1685 anuos
1363 1660 1399 1683 ut
1423 1651 1558 1691 fierent,

857 1718 877 1739 a
893 1708 1014 1738 Verrio
1031 1708 1132 1737 etiam
1153 1704 1296 1742 recedit,
1315 1703 1384 1744 qui,
1403 1707 1441 1732 ut
1456 1712 1558 1742 supra

856 1760 889 1790 in
907 1760 1054 1798 epitome
1072 1757 1260 1794 docuimus,
1283 1759 1360 1795 post
1384 1754 1502 1784 decem
1521 1757 1557 1784 et

856 1816 994 1842 centnm
1012 1809 1121 1840 factos
1138 1808 1232 1839 dicit.
1257 1807 1338 1838 Duc.

896 1861 910 1883 ‘¹
934 1861 1086 1901 Sagaces]
1107 1860 1172 1891 Nec
1198 1859 1300 1889 minus
1326 1858 1390 1888 hoec
1415 1856 1551 1887 animum

853 1923 1032 1953 cognoscere
1053 1921 1141 1952 posse
1155 1919 1318 1950 sagacem:
1355 1908 1403 1938 sic
1427 1908 1552 1938 Lucre-

855 1966 931 1999 tius,
949 1969 986 1995 ut
1004 1963 1164 2001 arbitror,
1181 1961 1328 2001 scripsit.
1352 1959 1429 1990 Ant.
1444 1958 1530 1998 Aug.

896 2016 1033 2055 sagaces
1056 2011 1265 2054 appellantur]
1290 2011 1409 2042 Cicero
1437 2009 1495 2040 lib.
1526 2018 1551 2039 1.

853 2067 896 2098 de
926 2067 1080 2098 Divinat.
1106 2074 1180 2105 cap.
1208 2066 1260 2094 31.
1302 2061 1438 2099 ‘Sagire
1459 2060 1549 2091 euim

852 2118 980 2149 sentire
996 2122 1095 2148 acute
1113 2120 1177 2151 est,
1196 2124 1238 2145 ex
1256 2122 1322 2154 quo
1346 2122 1434 2152 sagae
1457 2120 1553 2150 anus,

853 2170 931 2210 quia
957 2168 1064 2199 multa
1080 2167 1169 2198 scire
1197 2165 1324 2201 volunt,
1350 2167 1385 2194 et
1409 2171 1548 2203 sagaces

851 2219 934 2250 dicti
951 2216 1077 2256 canes,'
1101 2218 1163 2247 &c.
1207 2214 1294 2245 Vide
1322 2211 1549 2253 ‘praesagire.'

850 2271 976 2301 Versus
993 2269 1062 2308 ille,
1078 2267 1210 2298 invictus
1221 2265 1317 2303 canis,
1331 2265 1378 2294 sic
1395 2262 1484 2294 forte
1501 2263 1548 2293 le-

851 2319 998 2361 gendus:
1028 2318 1169 2349 Invictus
1183 2317 1268 2347 canis
1289 2318 1380 2355 atque
1402 2324 1503 2353 sagax
1518 2317 1549 2344 et

849 2371 967 2402 viribus
974 2370 1100 2406 fretus:
1125 2368 1190 2408 vel,
1214 2367 1423 2405 Invictusque,
1435 2375 1547 2404 sagax,

849 2421 962 2452 validis
988 2423 1019 2451 et
1043 2418 1160 2450 viribus
1175 2418 1294 2457 fretus,
1342 2415 1546 2447 Necessario

850 2472 938 2502 enim
954 2471 1006 2501 vel
1022 2469 1109 2500 canis
1122 2468 1283 2503 abundat,
1300 2467 1353 2497 vel
1369 2465 1406 2496 τὸ
1422 2465 1546 2497 validis.

851 2521 949 2553 Prius
973 2521 1072 2551 malo.
1118 2518 1223 2558 Infra,
1247 2518 1334 2557 Saga
1357 2526 1472 2557 quoque
1497 2515 1544 2546 di-

849 2573 930 2603 citur
944 2571 1053 2602 mulier
1075 2569 1177 2610 perita
1190 2578 1346 2599 sacrorum
1371 2570 1401 2598 et
1424 2567 1473 2597 vir
1497 2575 1544 2595 su-

848 2624 949 2664 piens,
975 2624 1027 2662 25⁶.
1062 2620 1251 2652 inauditum
1279 2624 1331 2650 est
1356 2618 1464 2648 virum
1494 2626 1545 2646 sa-

851 2673 1003 2714 pientem
1018 2680 1126 2710 sagam
1141 2670 1219 2701 dici.
1264 2669 1376 2701 Quare
1391 2668 1548 2708 supplen-

852 2723 944 2763 dum,
959 2722 1002 2753 Ec
1016 2730 1110 2760 sagus
1124 2721 1174 2751 vir
1188 2719 1320 2760 sapiens,
1336 2720 1387 2758 δῖε.
1412 2719 1496 2749 Dae.
