1876 3025
289 159 402 203 1202
749 165 896 198 sEx'rr
930 164 1133 196 POMPEH
1166 164 1300 196 FEs'rr

290 279 424 318 mare,
437 264 484 309 id
500 264 864 308 medicamentum
883 273 998 310 esse,
1013 273 1100 315 quo
1120 272 1239 313 rugae
1261 258 1567 309 extendantur,
1595 272 1727 313 quom

291 336 438 379 dicat:
467 331 784 386 Tentipellium
815 329 1056 379 inducitur,
1083 341 1200 381 rugae
1221 328 1268 369 in
1302 340 1376 369 ore
1411 327 1728 369 extenduntur:

292 416 426 458 quom
448 402 523 443 ille
544 403 723 456 τροπικῶς
742 398 915 441 dixerit.
973 397 1166 449 Tignum
1185 408 1272 437 non
1288 394 1431 436 solum
1449 395 1495 435 in
1515 394 1732 444 aedificiis,

293 484 382 526 quo
405 472 596 519 utuntur,
619 467 878 522 appellatur,
899 465 979 508 sed
999 464 1129 507 etiam
1160 464 1205 504 in
1233 462 1394 512 vineis,
1415 466 1462 503 ut
1481 465 1549 503 est
1566 462 1611 502 in
1635 472 1731 504 X11.

292 539 483 592 Tignum
505 538 705 592 junctum
725 534 911 584 aedibus,
937 534 1138 584 vineave,
1161 537 1208 574 et
1228 531 1454 584 concapit⁷
1484 542 1538 570 ne
1559 530 1734 571 solvito.

292 606 408 648 Tela
424 604 601 660 proprie
619 603 707 645 dici
727 602 929 644 videntur
949 615 1016 653 ea,
1037 614 1136 656 quae
1158 599 1350 642 missilia
1370 601 1498 639 sunt:
1529 609 1585 637 ex
1609 597 1733 638 Grae-

295 686 348 715 co
378 672 587 714 videlicet
617 670 830 712 translato
865 682 1014 711 eorum
1045 668 1236 718 nomine,
1263 665 1467 720 quoniam
1497 664 1562 706 illi
1590 663 1736 713 τηλόθεν

294 741 433 781 missa
452 739 616 788 dicunt,
638 751 737 792 quae
753 750 833 779 nos
854 737 1024 779 eminus
1045 750 1054 778 ;
1087 736 1203 777 sicut
1223 747 1343 776 arma
1363 746 1429 784 ea,
1459 745 1560 787 quae
1579 733 1635 773 ab
1658 731 1737 773 hu-

295 808 425 850 meris
460 806 754 861 dependentia
780 805 1020 847 retinentur
1057 803 1274 852 manibus,
1313 801 1521 856 quoniam
1562 800 1738 854 quidem

295 889 386 917 non
401 875 545 915 minus
564 874 611 914 in
631 873 757 915 nobis
779 885 879 914 eam
896 875 1064 926 partem
1086 871 1280 925 eorporis
1303 881 1470 910 armum
1491 868 1640 909 vocari
1661 880 1740 908 ex-

297 941 580 984 istimandum
602 946 687 991 est,
707 954 840 994 quam
902 968 1194 981 .....
1253 936 1478 990 Tigillum,
1501 936 1738 977 Sororium.

297 1009 402 1051 Vici
433 1008 643 1062 appellari
678 1009 892 1062 incipiunt
927 1020 984 1049 ex
1014 1007 1145 1061 agris,
1177 1006 1255 1061 qui
1286 1006 1347 1047 ibi
1377 1004 1508 1046 villas
1541 1015 1630 1043 non
1663 1002 1741 1043 ha-

297 1078 417 1127 bent‚
433 1080 480 1118 ut
502 1076 660 1125 Marsi,
693 1079 769 1117 aut
796 1075 994 1128 Peligni:
1040 1074 1119 1115 sed
1150 1087 1206 1114 ex
1243 1072 1354 1114 vicis
1389 1071 1548 1125 partim
1580 1070 1743 1110 habent
1787 1072 1791 1075 “

298 1157 433 1197 remp.
454 1149 499 1184 et
512 1143 589 1197 jus
608 1142 784 1192 dieitur,
804 1142 959 1195 partim
979 1140 1082 1182 nihil
1096 1154 1262 1186 eorum,
1287 1144 1332 1180 et
1363 1142 1509 1180 tamen
1540 1137 1601 1178 ibi
1634 1149 1742 1177 nun-

301 1212 415 1252 dinae
435 1214 617 1264 aguntur
632 1209 647 1234 ⁸
679 1210 841 1263 negotii
862 1208 1034 1263 gerendi
1066 1221 1218 1258 causa,
1240 1210 1281 1248 et
1300 1205 1499 1258 magistri
1514 1203 1617 1254 vici,
1638 1204 1744 1244 item

300 1278 496 1332 magistri
515 1275 644 1331 pacid
662 1277 894 1330 quotannis
915 1276 1044 1317 fiunt:
1078 1276 1231 1325 altero,
1255 1287 1354 1316 curn
1378 1273 1422 1315 id
1445 1284 1578 1326 genus
1609 1270 1742 1313 aedifi-

302 1345 471 1387 ciorum
487 1344 708 1394 definitur,
731 1357 831 1398 quae
852 1343 1118 1384 continentia
1141 1346 1243 1383 sunt
1270 1341 1339 1382 his
1370 1340 1531 1394 opidis,
1552 1352 1653 1393 quae
1676 1339 1746 1380 iti-

300 1414 493 1462 neribus,
513 1412 809 1465 regionibusq.
831 1411 1063 1452 distributa
1084 1411 1191 1451 inter
1211 1423 1257 1451 se
1274 1409 1454 1458 distant,
1474 1407 1745 1449 nominibus-

302 1494 388 1535 que
411 1480 697 1522 dissimilibus
729 1479 999 1519 discriminis
1021 1491 1157 1519 causa
1178 1482 1277 1518 sunt
1298 1475 1556 1530 dispartita:
1598 1475 1743 1523 tertio,

303 1562 402 1590 cum
436 1547 482 1588 id
503 1561 639 1601 genus
662 1546 950 1588 aedificiorum
972 1545 1186 1595 definitur,
1209 1557 1310 1598 quae
1333 1544 1378 1584 in
1413 1541 1582 1596 oppido
1610 1542 1746 1594 privo,

302 1615 348 1656 id
368 1620 448 1661 est,
469 1616 512 1656 in
532 1628 611 1656 suo
633 1614 821 1668 quisque
846 1613 948 1654 loco
970 1613 1150 1666 proprio
1187 1612 1252 1652 ita
1287 1609 1494 1659 aedificat,
1532 1611 1581 1649 ut
1615 1608 1659 1648 in
1694 1622 1746 1649 eo

304 1682 494 1725 aedificio
511 1682 708 1736 pervium
731 1680 803 1730 sit,
826 1693 916 1734 quo
938 1680 1090 1720 itinere
1107 1679 1376 1720 habitatores
1396 1676 1453 1718 ad
1480 1688 1609 1717 suam
1629 1675 1748 1729 quis-

306 1763 391 1803 que
412 1749 731 1790 habitationem
761 1747 925 1789 habeat
952 1759 1200 1796 accessum,
1231 1745 1308 1799 qui
1338 1758 1425 1785 non
1456 1743 1659 1784 dicuntur
1684 1742 1749 1782 vi-

305 1818 405 1858 cani
426 1817 542 1858 sieut
562 1817 620 1865 hi,
638 1817 713 1870 qui
743 1821 819 1858 aut
851 1816 894 1856 in
915 1815 1073 1869 oppidi
1093 1814 1221 1864 vicis,
1255 1817 1331 1854 aut
1366 1812 1423 1862 hi,
1445 1811 1521 1866 qui
1553 1810 1596 1850 in
1634 1809 1748 1863 agris

308 1888 425 1934 sunt,
447 1883 593 1925 vicani
613 1883 912 1937 appellantur.

362 1950 501 2003 Viget
521 1950 686 1992 dictum
706 1949 877 1990 videtur
898 1962 925 1990 a
943 1949 987 1990 vi
1006 1948 1191 2002 agendo,
1210 1947 1286 1989 sed
1304 1959 1390 1988 non
1403 1945 1446 1986 vi
1481 1943 1600 1995 [193]
1621 1956 1749 1997 agen-

308 2018 395 2067 dis,
435 2017 756 2070 hostilibusque
785 2017 934 2067 rebus,
969 2029 1119 2058 verum
1140 2016 1223 2065 his,
1247 2027 1347 2068 quae
1388 2012 1504 2054 celer
1520 2016 1538 2042 ⁹
1596 2040 1607 2050 .
1667 2040 1677 2050 .
1741 2041 1748 2048 .

924 2134 1158 2147 eeeeeeeeeeee

350 2237 369 2265 7
396 2233 422 2265 f.
437 2233 619 2273 capula—8
633 2232 675 2262 al.
691 2231 918 2263 habenam—9
933 2229 955 2260 f.
972 2230 1123 2261 celeriter.

963 2333 994 2365 N
1000 2332 1103 2364 OTAE

352 2414 366 2435 d
390 2413 486 2454 Paci]
514 2413 555 2445 In
585 2412 716 2444 schedis
739 2412 872 2452 integra
900 2409 1003 2441 lectio
1056 2406 1308 2439 LECIONES.
1353 2406 1495 2446 Reliqua
1517 2404 1616 2435 etiam
1639 2413 1752 2435 emen-

309 2464 465 2504 habetur‚
494 2468 529 2494 et
558 2463 750 2494 emendata.
809 2462 895 2493 Nam
922 2459 1004 2500 paci,
1059 2458 1190 2488 datiora
1205 2458 1237 2488 in
1254 2456 1402 2488 schedis:
1427 2455 1632 2493 Altero,cum
1646 2454 1679 2484 id
1697 2463 1752 2493 ge-

310 2515 449 2554 antiqua
470 2513 642 2544 scribendi
665 2512 908 2544 cousuetudine
934 2511 1005 2542 dic·
1057 2518 1115 2539 ’rus
1129 2508 1328 2549 aedificiorum
1343 2507 1501 2548 definitur,
1516 2515 1584 2546 quoe
1596 2504 1751 2535 continen-

310 2568 382 2594 tum
398 2568 463 2603 est,
480 2573 541 2604 pro
557 2564 652 2603 pagi.-
676 2573 775 2604 supra
792 2563 824 2593 in
849 2565 857 2579 ‘
873 2560 1006 2593 Orcus!
1059 2560 1105 2590 tia
1116 2562 1189 2589 sunt
1212 2558 1261 2589 his
1281 2557 1413 2598 oppidis,
1435 2566 1501 2596 quae
1515 2554 1688 2591 itineribus,
1703 2563 1751 2584 re—

309 2613 398 2645 ‘Per
407 2613 446 2654 c‚’
456 2614 595 2655 inquit,‘
608 2614 714 2645 literae
724 2612 1005 2652 formam,uihilo-
1057 2609 1258 2649 gionibusque
1280 2607 1469 2638 discriminis
1489 2614 1581 2637 causa
1602 2606 1676 2634 sunt
1690 2603 1752 2634 dis-

310 2664 420 2694 minus
434 2674 457 2703 g
473 2664 683 2704 usurpabant
698 2662 716 2692 :'
740 2669 776 2695 et
802 2664 833 2694 in
850 2663 1006 2694 columna
1056 2659 1195 2700 partita:
1218 2664 1253 2690 et
1277 2659 1311 2689 in
1335 2657 1414 2697 fine,
1435 2657 1470 2688 in
1488 2655 1591 2696 oppidi
1606 2654 1694 2692 vicis,
1717 2657 1751 2684 et

313 2714 418 2745 Duilii
433 2713 770 2746 MAGISTRATOS
787 2713 958 2754 reperitur
973 2717 1006 2743 et
1059 2710 1171 2747 vicani,
1186 2715 1328 2750 utroque
1345 2709 1418 2740 loco
1433 2708 1558 2741 habent
1575 2705 1720 2738 schedae.
