1876 3025
312 201 374 231 DE
409 200 683 230 VERBORUM
718 198 1129 230 SlGNlFICATIONE
1165 199 1260 228 Llss.
1293 199 1439 228 xvlll.

1499 190 1584 230 949

138 293 434 344 Τεωίΐῑιιτιυεῖν
464 295 539 349 qui
570 294 702 336 facile
732 298 872 336 tacet:
905 295 1085 346 tacitus,
1117 300 1297 349 argutus
1330 295 1478 345 etiarn,
1509 297 1586 349 qui

194 368 347 417 potest
367 363 605 417 aliquando
628 369 788 405 tacere.

140 432 391 477 Taedulum,
413 432 705 482 fastidiosum,
726 434 817 473 sive
838 433 958 487 quod
973 437 1039 474 est
1059 433 1262 474 omnibus
1280 433 1443 473 taedio.³

139 500 372 541 Taedulum
395 502 561 554 antiqui
580 501 799 542 interdum
821 515 900 555 pro
913 501 1165 552 fastidioso,
1187 501 1402 543 interdum
1421 500 1588 555 [Fsssr.

197 569 314 621 quod
335 570 539 610 omnibus
562 570 698 611 taedio
721 574 853 620 esset,
874 583 1034 623 ponere
1049 570 1166 611 soliti
1189 575 1305 612 sunt.

140 635 348 677 Taeniasg
370 636 575 678 Graecam
598 650 754 679 vocem
788 639 853 678 sic
886 637 1196 691 interpretatur
1223 637 1423 688 Verrius,
1445 640 1495 677 ut
1526 637 1587 678 di-

199 709 273 745 cat
294 710 598 745 ornamentum
620 718 719 746 esse
738 705 906 746 laneum
925 706 1084 760 capitis
1105 705 1319 756 honorati,
1333 709 1380 747 ut
1396 707 1454 747 sit
1474 706 1591 759 apud

199 771 428 813 Caecilium
451 772 495 812 in
510 771 774 827 Androgyno
792 787 802 813 :
833 773 1097 827 Sepulcrum
1118 775 1297 828 plenum
1312 774 1326 797 h
1349 774 1592 823 taeniarum,

751 903 867 916 ιιιιιι

182 982 202 1009 3
228 980 305 1010 Vet.
321 980 379 1012 lib.
396 981 533 1012 taedium.

872 904 989 917 οοοοοο

795 1092 937 1124 NOTAE

185 1153 195 1172 f
220 1153 419 1195 Taciturnus]
446 1155 512 1187 Qui
530 1160 619 1187 amat
637 1160 770 1196 tacere3
793 1161 840 1188 ta-

140 1205 232 1240 citus,
251 1206 307 1245 qui
325 1210 427 1236 tacet.
443 1207 541 1238 Idem.

184 1261 199 1282 ἕ
224 1256 360 1297 Toenias]
387 1257 527 1288 Coronae
555 1258 762 1297 sepulcrales
786 1258 841 1289 hic

142 1306 380 1347 intelliguntur
398 1308 430 1338 in
445 1318 541 1339 versu
558 1310 701 1350 Caecilii,
724 1309 751 1340 si
776 1310 842 1340 Ro-

143 1367 242 1388 mano
265 1367 357 1389 inore
382 1359 631 1399 interpreteris,
660 1365 695 1391 et
720 1360 769 1391 ita
794 1361 841 1391 lo-

143 1418 220 1440 cum
251 1409 390 1440 habebit
413 1411 583 1442 sententia
610 1411 732 1442 Verrii.
788 1411 842 1442 Ad

144 1461 303 1501 sepulcra
329 1461 415 1491 enim
447 1461 532 1492 lanae
565 1471 639 1492 cum
664 1460 842 1494 frondibus

144 1517 244 1553 atque
261 1510 402 1543 floribus
426 1511 667 1545 afferebantur.
712 1513 841 1546 Varro:

143 1562 300 1594 ‘Insulas
331 1564 438 1594 dictas
468 1567 612 1604 apparet
649 1564 681 1595 in
713 1564 842 1602 hostiis,

145 1614 233 1654 quod
263 1623 281 1644 e
313 1614 387 1644 lana
415 1623 490 1654 quae
519 1613 690 1645 adduntur
727 1614 841 1646 iufulae

144 1666 235 1696 intra
270 1665 457 1696 hostiarum
488 1674 616 1696 cornua
648 1666 843 1696 velamenta

144 1720 250 1747 erant.
296 1716 420 1756 Itaque
437 1725 513 1746 cum
528 1715 570 1745 ad
588 1716 780 1755 sepulcrum
797 1715 843 1746 fe-

144 1773 225 1798 runt
263 1765 401 1797 frondes
433 1771 536 1807 atque
565 1765 677 1804 flores,
713 1767 843 1798 addunt

143 1827 232 1849 nime
256 1816 372 1848 lanas.‘
417 1816 485 1847 Sed
504 1826 580 1847 cum
598 1817 754 1848 Caecilius
773 1819 841 1858 pal·

143 1869 261 1900 natam
308 1867 529 1907 Comoediam,
577 1877 644 1899 non
691 1873 842 1907 togatam

144 1918 335 1960 scripserit,
374 1922 515 1958 praestat
553 1919 677 1949 Graeco
718 1920 844 1960 potius,

144 1979 246 2010 quam
285 1970 436 2000 Romano
473 1978 565 2000 more
612 1969 843 2010 interpretari.

144 2020 230 2051 Sunt
256 2020 360 2060 igitur
386 2019 507 2055 taeniae,
532 2020 651 2061 quibus
667 2020 779 2052 fasciis
796 2022 844 2053 in-

146 2070 371 2102 volvebantur
396 2071 533 2108 mortui,
554 2081 636 2112 quas
661 2071 772 2113 κειρίας
789 2083 845 2104 νο-

145 2121 282 2153 cabant.
313 2120 445 2153 Quibus
463 2121 605 2152 Romani
622 2131 687 2153 non
706 2123 847 2154 uteban-

146 2175 214 2211 tur,
230 2171 319 2212 quod
337 2170 503 2201 cadavera
519 2171 778 2204 comburerent:
805 2173 846 2204 de

145 2221 212 2252 illis
250 2221 361 2253 taeniis
400 2221 564 2262 intelligit
595 2221 848 2265 Artemidorus,

148 2283 223 2304 cum
243 2273 384 2304 scribit:
409 2272 438 2302 οἱ
461 2271 671 2305 ἀποθανόντες
696 2274 848 2313 ἐσχισμέ-

146 2335 208 2355 vois
234 2324 420 2355 ἐνειλοῦνται
444 2321 581 2365 ῥάκεσιν,
609 2324 649 2356 ὥς
669 2324 710 2356 τὰ
733 2325 847 2366 βρέφη,

147 2376 197 2407 καὶ
213 2376 312 2416 χαμαὶ
326 2375 473 2407 τίθενται.
495 2377 562 2407 dos.
580 2377 663 2408 Scul.

195 2428 333 2468 Toenz'as]
358 2426 487 2466 Ταινίαι,
503 2427 669 2464 lemnisci,
683 2428 845 2472 fasciolae‚

150 2478 272 2519 quibus
286 2478 495 2514 sacerdotes,
511 2478 681 2510 interdum
696 2480 798 2511 etiam
812 2485 848 2512 et

149 2531 295 2561 victores
328 2529 588 2561 coronabantur.
636 2532 730 2572 Virg.
757 2532 846 2563 unde

149 2581 314 2612 Verrius:
331 2582 339 2596 ‘
353 2580 597 2612 Ornamentum
611 2584 733 2623 capitis
746 2584 847 2614 liono-

152 2632 240 2664 rati.'
287 2632 437 2672 Hesych.
462 2631 578 2668 Ταινίαι,
603 2633 767 2672 στέμματα
786 2637 848 2666 τῶν

150 2682 264 2723 ἱερέων,
275 2681 445 2720 διαδήματα
457 2681 667 2722 ἀρχιερατικὰ,
678 2685 697 2721 ἢ
710 2684 815 2725 ζῶναι,
827 2686 847 2723 ἢ

154 2733 313 2773 στέφανοι,
326 2732 446 2771 κόσμοι,
457 2732 476 2769 ἢ
489 2733 594 2771 δεσμοὶ
607 2733 689 2774 ἱεροί.
718 2737 757 2768 Id
774 2742 825 2768 est
840 2749 847 2768 :

153 2785 306 2824 εΤειὲιιίῑι,
335 2794 465 2816 corona}
492 2785 719 2827 sacerdotum,
736 2787 849 2819 ‹liade-

893 1163 985 1190 mata
1001 1159 1222 1200 pontificalia,
1236 1160 1288 1190 vel
1307 1168 1412 1198 zonae,
1426 1159 1478 1190 vel
1497 1169 1592 1191 coro-

894 1219 960 1248 nae,
992 1214 1202 1246 ornamenta,
1232 1210 1285 1241 vel
1317 1210 1449 1241 vincula
1476 1210 1593 1242 sacra.'

894 1259 982 1291 Haec
1019 1261 1154 1291 vincula
1191 1261 1287 1301 Virg.
1326 1266 1426 1292 vocat
1461 1261 1469 1277 ‘
1493 1261 1594 1292 vittas

893 1310 1029 1341 Deum.'
1088 1312 1210 1352 Neque
1234 1316 1348 1342 tamen
1375 1311 1452 1342 istae
1480 1311 1593 1343 taeniae

894 1372 973 1394 vere
990 1367 1085 1394 erant
1102 1372 1249 1403 coronae,
1274 1362 1331 1393 sed
1350 1372 1367 1393 e
1385 1361 1518 1393 coronis
1535 1362 1593 1393 de-

895 1413 1097 1453 pendentes.
1156 1413 1244 1445 Nam
1273 1411 1360 1443 infra
1390 1422 1531 1443 coronas
1559 1417 1594 1444 et

896 1464 1014 1495 taenias
1030 1464 1207 1505 distinguit
1221 1464 1369 1495 Ennius:
1388 1464 1396 1480 ‘
1410 1463 1534 1494 Volans
1551 1463 1593 1495 de

894 1517 980 1548 coelo
997 1527 1072 1548 cum
1088 1526 1214 1549 corona
1230 1520 1266 1547 et
1283 1514 1415 1547 taeniis-¹
1450 1515 1526 1546 Nisi
1540 1525 1596 1546 co-

893 1577 1010 1599 ronam
1037 1572 1071 1599 et
1094 1568 1212 1599 taenias
1233 1566 1361 1598 dixerit
1385 1575 1444 1606 pro
1470 1575 1595 1597 corona

892 1628 936 1649 ex
952 1619 1061 1650 taeniis
1076 1618 1168 1650 facta
1180 1629 1189 1657 3
1203 1618 1332 1659 antiqui
1346 1617 1436 1648 enim
1448 1616 1595 1648 Romani

894 1671 1004 1701 taeniis
1033 1680 1094 1711 pro
1118 1670 1248 1701 coronis
1284 1668 1482 1703 utebantur,
1512 1677 1595 1699 non-

893 1721 971 1752 dum
987 1721 1127 1752 invento
1144 1721 1183 1752 iis
1201 1720 1301 1753 flores
1319 1721 1483 1754 intexere.
1506 1719 1594 1750 Vide

894 1773 903 1787 ‘
917 1771 1110 1812 Stroppus.'
1136 1772 1219 1804 Dae.

935 1821 950 1842 h
973 1823 1157 1862 Sepulcrum
1180 1821 1318 1862 plenum]
1359 1821 1427 1852 Per
1452 1820 1596 1859 Taenias,

893 1883 1027 1905 coronae
1045 1873 1253 1914 sepulcrales
1271 1873 1324 1903 liic
1349 1872 1598 1913 intelliguntur,

896 1925 922 1956 si
951 1926 1102 1956 Romano
1128 1934 1221 1955 more
1249 1923 1497 1964 interpreteris.
1551 1923 1597 1954 Et

895 1976 945 2006 ita
968 1976 1076 2007 locum
1104 1975 1246 2006 habebit
1272 1974 1445 2005 sententia
1472 1974 1597 2005 Verrii.

896 2025 950 2057 Ad
977 2026 1133 2066 sepulcra
1159 2025 1247 2055 enim
1273 2025 1360 2055 lanae
1376 2034 1451 2055 cum
1467 2023 1595 2055 frondi—

897 2077 958 2107 bus
974 2082 1077 2118 atque
1094 2075 1231 2107 floribus
1247 2074 1487 2106 afferebantur.
1512 2075 1598 2106 Var-

898 2137 935 2158 ro
962 2128 1021 2158 lib.
1039 2137 1089 2158 vr.
1113 2127 1156 2157 de
1184 2127 1223 2158 L.
1244 2127 1280 2157 L.
1305 2131 1313 2144 ‘
1329 2125 1459 2157 Infulas
1488 2126 1597 2157 dictas

897 2183 1040 2219 apparet
1065 2178 1097 2208 in
1121 2173 1252 2218 hostiis,
1269 2178 1358 2218 quod
1379 2187 1397 2208 e
1424 2177 1500 2208 lana
1520 2188 1596 2219 quae

898 2229 1068 2260 adduntur
1083 2228 1201 2259 infulae
1219 2230 1306 2259 intra
1322 2229 1507 2260 hostiarum
1524 2239 1599 2260 cor-

897 2289 964 2312 nua
996 2280 1186 2310 velamenta
1210 2284 1317 2310 eraut.
1371 2279 1496 2320 Itaque
1522 2289 1598 2310 cuni

899 2330 940 2360 ad
978 2330 1168 2370 sepulcrum
1214 2328 1330 2360 ferunt
1367 2329 1503 2361 frondes
1547 2336 1597 2361 at-

900 2390 966 2422 que
989 2379 1101 2416 flores,
1124 2379 1254 2411 addunt
1269 2389 1356 2410 nunc
1373 2381 1487 2412 lanas.'
1531 2381 1599 2412 Sed

900 2442 975 2464 cum
993 2431 1153 2463 Caecilius
1178 2431 1361 2462 Palliatam
1387 2432 1600 2472 comoediam,

902 2492 966 2513 non
990 2488 1139 2521 togatam
1168 2483 1356 2523 scripserit,
1384 2487 1526 2522 praestat
1551 2483 1599 2513 in-

902 2534 977 2573 quit
1007 2533 1173 2574 Scaliger,
1201 2534 1324 2564 Graeco
1352 2534 1477 2574 potius,
1502 2542 1599 2573 quam

904 2584 1052 2614 Romano
1090 2594 1181 2615 more
1220 2584 1454 2623 interpretari.
1513 2584 1600 2614 Sunt

903 2634 1008 2673 igitur
1034 2634 1066 2664 in
1087 2643 1184 2665 versu
1203 2635 1333 2666 Caecilii
1351 2634 1462 2664 taeniae
1479 2633 1601 2674 quibus

902 2684 1018 2715 fasciis
1031 2684 1292 2715 involvebantur
1305 2685 1440 2724 mortui,
1452 2694 1533 2725 quas
1542 2695 1601 2715 κει-

903 2735 968 2775 ρίας
992 2735 1173 2774 vocabant‚
1197 2734 1291 2776 quasi
1317 2733 1448 2773 κτερίας,
1474 2744 1493 2765 a
1514 2744 1601 2765 mor-

906 2788 985 2827 tuis,
1012 2787 1063 2817 vel
1092 2785 1213 2825 κηρείας
1235 2796 1252 2817 a
1276 2785 1344 2825 κὴρ,
1366 2784 1484 2821 fatum,
1502 2795 1602 2817 morse.
