<?xml version="1.0" encoding="UTF-8"?>
<!DOCTYPE html PUBLIC "-//W3C//DTD XHTML 1.0 Transitional//EN"
    "http://www.w3.org/TR/xhtml1/DTD/xhtml1-transitional.dtd">
<html xmlns="http://www.w3.org/1999/xhtml" xml:lang="en" lang="en">
 <head>
  <title>
</title>
<meta http-equiv="Content-Type" content="text/html;charset=utf-8" />
  <meta name='ocr-system' content='tesseract 3.04.00' />
  <meta name='ocr-capabilities' content='ocr_page ocr_carea ocr_par ocr_line ocrx_word'/>
</head>
<body>
  <div class='ocr_page' id='page_1' title='image "./mverriiflacciqua02verruoft/mverriiflacciqua02verruoft_0277.png"; bbox 0 0 1876 3025; ppageno 0'>
   <div class='ocr_carea' id='block_1_1' title="bbox 251 171 1344 216">
    <p class='ocr_par' dir='ltr' id='par_1_1' title="bbox 251 171 1344 216">
     <span class='ocr_line' id='line_1_1' title="bbox 251 171 1344 216; baseline -0.016 1"><span class='ocrx_word' id='word_1_1' title='bbox 251 186 313 216; x_wconf 87' lang='lat' dir='ltr'>DE</span> <span class='ocrx_word' id='word_1_2' title='bbox 349 181 616 215; x_wconf 85' lang='lat' dir='ltr'>VERBORUM</span> <span class='ocrx_word' id='word_1_3' title='bbox 649 174 1055 209; x_wconf 74' lang='lat' dir='ltr'>SIGN1P1CAT10NE</span> <span class='ocrx_word' id='word_1_4' title='bbox 1089 173 1184 203; x_wconf 89' lang='lat' dir='ltr'>LlB.</span> <span class='ocrx_word' id='word_1_5' title='bbox 1216 171 1344 201; x_wconf 84' lang='lat' dir='ltr'>Xvu.</span> 
     </span>
    </p>
   </div>
   <div class='ocr_carea' id='block_1_2' title="bbox 81 273 970 335">
    <p class='ocr_par' dir='ltr' id='par_1_2' title="bbox 81 273 970 335">
     <span class='ocr_line' id='line_1_2' title="bbox 81 273 970 335; baseline -0.016 -11"><span class='ocrx_word' id='word_1_6' title='bbox 81 283 300 335; x_wconf 81' lang='lat' dir='ltr'>Strigores</span> <span class='ocrx_word' id='word_1_7' title='bbox 321 280 555 320; x_wconf 84' lang='lat' dir='ltr'>densarum</span> <span class='ocrx_word' id='word_1_8' title='bbox 578 275 733 315; x_wconf 83' lang='lat' dir='ltr'>virium</span> <span class='ocrx_word' id='word_1_9' title='bbox 756 273 970 313; x_wconf 87' lang='lat' dir='ltr'>homines.</span> 
     </span>
    </p>
   </div>
   <div class='ocr_carea' id='block_1_3' title="bbox 1339 159 1518 318">
    <p class='ocr_par' dir='ltr' id='par_1_3' title="bbox 1339 159 1518 318">
     <span class='ocr_line' id='line_1_3' title="bbox 1431 159 1515 201; baseline -0.036 0"><span class='ocrx_word' id='word_1_10' title='bbox 1431 159 1515 201; x_wconf 71' lang='lat'>907⁵</span> 
     </span>
     <span class='ocr_line' id='line_1_4' title="bbox 1339 263 1518 318; baseline -0.022 -12"><span class='ocrx_word' id='word_1_11' title='bbox 1339 263 1467 318; x_wconf 77' lang='lat' dir='ltr'>[PAU</span> <span class='ocrx_word' id='word_1_12' title='bbox 1478 276 1518 303; x_wconf 73' lang='lat' dir='ltr'>L.</span> 
     </span>
    </p>
   </div>
   <div class='ocr_carea' id='block_1_4' title="bbox 81 340 1528 1006">
    <p class='ocr_par' dir='ltr' id='par_1_4' title="bbox 81 340 1040 399">
     <span class='ocr_line' id='line_1_5' title="bbox 81 340 1040 399; baseline -0.015 -8"><span class='ocrx_word' id='word_1_13' title='bbox 81 351 320 391; x_wconf 84' lang='lat' dir='ltr'>Stritavum</span> <span class='ocrx_word' id='word_1_14' title='bbox 342 346 512 399; x_wconf 79' lang='lat' dir='ltr'>antiqui</span> <span class='ocrx_word' id='word_1_15' title='bbox 532 345 739 384; x_wconf 82' lang='lat' dir='ltr'>dicebant</span> <span class='ocrx_word' id='word_1_16' title='bbox 760 354 840 394; x_wconf 85' lang='lat' dir='ltr'>pro</span> <span class='ocrx_word' id='word_1_17' title='bbox 862 340 1040 380; x_wconf 76' lang='lat' dir='ltr'>tritavo.</span> 
     </span>
    </p>

    <p class='ocr_par' dir='ltr' id='par_1_5' title="bbox 81 397 1519 530">
     <span class='ocr_line' id='line_1_6' title="bbox 81 397 1519 467; baseline -0.015 -10"><span class='ocrx_word' id='word_1_18' title='bbox 81 410 311 458; x_wconf 72' lang='lat' dir='ltr'>Stritavam</span> <span class='ocrx_word' id='word_1_19' title='bbox 333 412 490 467; x_wconf 68' lang='lat' dir='ltr'>antiqui</span> <span class='ocrx_word' id='word_1_20' title='bbox 511 410 698 451; x_wconf 79' lang='lat' dir='ltr'>dicebant</span> <span class='ocrx_word' id='word_1_21' title='bbox 720 422 798 463; x_wconf 83' lang='lat' dir='ltr'>pro</span> <span class='ocrx_word' id='word_1_22' title='bbox 816 409 979 455; x_wconf 79' lang='lat' dir='ltr'>tritavo,</span> <span class='ocrx_word' id='word_1_23' title='bbox 1002 404 1072 459; x_wconf 78' lang='lat' dir='ltr'>qui</span> <span class='ocrx_word' id='word_1_24' title='bbox 1093 409 1149 443; x_wconf 80' lang='lat' dir='ltr'>est</span> <span class='ocrx_word' id='word_1_25' title='bbox 1179 407 1299 456; x_wconf 78' lang='lat' dir='ltr'>pater</span> <span class='ocrx_word' id='word_1_26' title='bbox 1357 397 1519 452; x_wconf 74' lang='lat' dir='ltr'>[FEST.</span> 
     </span>
     <span class='ocr_line' id='line_1_7' title="bbox 139 473 963 530; baseline -0.013 -7"><span class='ocrx_word' id='word_1_27' title='bbox 139 483 255 523; x_wconf 78' lang='lat' dir='ltr'>atavi</span> <span class='ocrx_word' id='word_1_28' title='bbox 276 487 321 523; x_wconf 86' lang='lat' dir='ltr'>et</span> <span class='ocrx_word' id='word_1_29' title='bbox 338 481 519 530; x_wconf 81' lang='lat' dir='ltr'>ataviae3</span> <span class='ocrx_word' id='word_1_30' title='bbox 551 484 596 517; x_wconf 82' lang='lat' dir='ltr'>ut</span> <span class='ocrx_word' id='word_1_31' title='bbox 618 476 764 516; x_wconf 66' lang='lat' dir='ltr'>stlitem</span> <span class='ocrx_word' id='word_1_32' title='bbox 780 488 857 528; x_wconf 77' lang='lat' dir='ltr'>pro</span> <span class='ocrx_word' id='word_1_33' title='bbox 881 473 963 513; x_wconf 75' lang='lat' dir='ltr'>lite.</span> 
     </span>
    </p>

    <p class='ocr_par' dir='ltr' id='par_1_6' title="bbox 83 532 1528 1006">
     <span class='ocr_line' id='line_1_8' title="bbox 83 532 1522 603; baseline -0.014 -12"><span class='ocrx_word' id='word_1_34' title='bbox 83 552 303 603; x_wconf 87' lang='lat' dir='ltr'>Stroppus</span> <span class='ocrx_word' id='word_1_35' title='bbox 317 554 334 570; x_wconf 74' lang='lat'>1²</span> <span class='ocrx_word' id='word_1_36' title='bbox 354 553 432 597; x_wconf 84' lang='lat' dir='ltr'>est,</span> <span class='ocrx_word' id='word_1_37' title='bbox 445 551 494 586; x_wconf 89' lang='lat' dir='ltr'>ut</span> <span class='ocrx_word' id='word_1_38' title='bbox 515 546 670 586; x_wconf 85' lang='lat' dir='ltr'>Ateius</span> <span class='ocrx_word' id='word_1_39' title='bbox 688 542 947 594; x_wconf 81' lang='lat' dir='ltr'>Philologus</span> <span class='ocrx_word' id='word_1_40' title='bbox 968 538 1207 585; x_wconf 77' lang='lat' dir='ltr'>existimat,</span> <span class='ocrx_word' id='word_1_41' title='bbox 1228 533 1344 588; x_wconf 93' lang='lat' dir='ltr'>quod</span> <span class='ocrx_word' id='word_1_42' title='bbox 1367 532 1522 573; x_wconf 82' lang='lat' dir='ltr'>Graece</span> 
     </span>
     <span class='ocr_line' id='line_1_9' title="bbox 140 600 1525 672; baseline -0.014 -15"><span class='ocrx_word' id='word_1_43' title='bbox 140 616 307 672; x_wconf 74' lang='grc' dir='ltr'>στρόφιον</span> <span class='ocrx_word' id='word_1_44' title='bbox 324 616 355 639; x_wconf 75' lang='lat'>¹8</span> <span class='ocrx_word' id='word_1_45' title='bbox 389 617 584 661; x_wconf 82' lang='lat' dir='ltr'>vocatur,</span> <span class='ocrx_word' id='word_1_46' title='bbox 606 617 650 652; x_wconf 88' lang='lat' dir='ltr'>et</span> <span class='ocrx_word' id='word_1_47' title='bbox 672 609 792 664; x_wconf 91' lang='lat' dir='ltr'>quod</span> <span class='ocrx_word' id='word_1_48' title='bbox 814 608 1067 648; x_wconf 84' lang='lat' dir='ltr'>sacerdotes</span> <span class='ocrx_word' id='word_1_49' title='bbox 1086 617 1163 658; x_wconf 89' lang='lat' dir='ltr'>pro</span> <span class='ocrx_word' id='word_1_50' title='bbox 1185 602 1342 654; x_wconf 80' lang='lat' dir='ltr'>insigni</span> <span class='ocrx_word' id='word_1_51' title='bbox 1366 600 1525 640; x_wconf 89' lang='lat' dir='ltr'>habent</span> 
     </span>
     <span class='ocr_line' id='line_1_10' title="bbox 139 667 1524 736; baseline -0.015 -10"><span class='ocrx_word' id='word_1_52' title='bbox 139 686 182 725; x_wconf 91' lang='lat' dir='ltr'>in</span> <span class='ocrx_word' id='word_1_53' title='bbox 205 685 350 736; x_wconf 87' lang='lat' dir='ltr'>capite</span> <span class='ocrx_word' id='word_1_54' title='bbox 368 688 414 723; x_wconf 85' lang='lat'>:¹9</span> <span class='ocrx_word' id='word_1_55' title='bbox 445 680 621 734; x_wconf 86' lang='lat' dir='ltr'>quidam</span> <span class='ocrx_word' id='word_1_56' title='bbox 659 689 865 718; x_wconf 84' lang='lat' dir='ltr'>coronam</span> <span class='ocrx_word' id='word_1_57' title='bbox 887 687 983 714; x_wconf 85' lang='lat' dir='ltr'>esse</span> <span class='ocrx_word' id='word_1_58' title='bbox 1005 674 1171 720; x_wconf 88' lang='lat' dir='ltr'>dicunt,</span> <span class='ocrx_word' id='word_1_59' title='bbox 1206 674 1279 710; x_wconf 88' lang='lat' dir='ltr'>aut</span> <span class='ocrx_word' id='word_1_60' title='bbox 1301 667 1419 722; x_wconf 90' lang='lat' dir='ltr'>quod</span> <span class='ocrx_word' id='word_1_61' title='bbox 1448 679 1524 719; x_wconf 87' lang='lat' dir='ltr'>pro</span> 
     </span>
     <span class='ocr_line' id='line_1_11' title="bbox 143 735 1525 801; baseline -0.014 -9"><span class='ocrx_word' id='word_1_62' title='bbox 143 764 308 792; x_wconf 85' lang='lat' dir='ltr'>corona</span> <span class='ocrx_word' id='word_1_63' title='bbox 327 750 494 801; x_wconf 82' lang='lat' dir='ltr'>insigne</span> <span class='ocrx_word' id='word_1_64' title='bbox 516 749 560 788; x_wconf 90' lang='lat' dir='ltr'>in</span> <span class='ocrx_word' id='word_1_65' title='bbox 582 751 720 798; x_wconf 89' lang='lat' dir='ltr'>caput</span> <span class='ocrx_word' id='word_1_66' title='bbox 742 745 1007 797; x_wconf 83' lang='lat' dir='ltr'>imponatur,</span> <span class='ocrx_word' id='word_1_67' title='bbox 1039 740 1169 792; x_wconf 87' lang='lat' dir='ltr'>quale</span> <span class='ocrx_word' id='word_1_68' title='bbox 1191 739 1250 778; x_wconf 89' lang='lat' dir='ltr'>sit</span> <span class='ocrx_word' id='word_1_69' title='bbox 1272 735 1525 788; x_wconf 88' lang='lat' dir='ltr'>strophium.</span> 
     </span>
     <span class='ocr_line' id='line_1_12' title="bbox 143 804 1528 870; baseline -0.014 -11"><span class='ocrx_word' id='word_1_70' title='bbox 143 819 298 870; x_wconf 84' lang='lat' dir='ltr'>Itaque</span> <span class='ocrx_word' id='word_1_71' title='bbox 332 816 449 870; x_wconf 90' lang='lat' dir='ltr'>apud</span> <span class='ocrx_word' id='word_1_72' title='bbox 490 814 695 854; x_wconf 75' lang='lat' dir='ltr'>Faliscos</span> <span class='ocrx_word' id='word_1_73' title='bbox 742 812 857 852; x_wconf 88' lang='lat' dir='ltr'>diem</span> <span class='ocrx_word' id='word_1_74' title='bbox 893 811 1051 850; x_wconf 71' lang='lat' dir='ltr'>festum</span> <span class='ocrx_word' id='word_1_75' title='bbox 1085 819 1197 854; x_wconf 84' lang='lat' dir='ltr'>esse,</span> <span class='ocrx_word' id='word_1_76' title='bbox 1235 804 1309 858; x_wconf 93' lang='lat' dir='ltr'>qui</span> <span class='ocrx_word' id='word_1_77' title='bbox 1345 805 1528 843; x_wconf 86' lang='lat' dir='ltr'>vocatur</span> 
     </span>
     <span class='ocr_line' id='line_1_13' title="bbox 144 869 1527 937; baseline -0.014 -11"><span class='ocrx_word' id='word_1_78' title='bbox 144 884 412 937; x_wconf 82' lang='lat' dir='ltr'>Strupearia‚</span> <span class='ocrx_word' id='word_1_79' title='bbox 447 882 552 935; x_wconf 82' lang='lat' dir='ltr'>quia</span> <span class='ocrx_word' id='word_1_80' title='bbox 592 880 786 920; x_wconf 84' lang='lat' dir='ltr'>coronati</span> <span class='ocrx_word' id='word_1_81' title='bbox 829 877 1065 924; x_wconf 83' lang='lat' dir='ltr'>ambulent,</span> <span class='ocrx_word' id='word_1_82' title='bbox 1106 877 1148 914; x_wconf 89' lang='lat' dir='ltr'>et</span> <span class='ocrx_word' id='word_1_83' title='bbox 1185 886 1212 913; x_wconf 87' lang='lat' dir='ltr'>a</span> <span class='ocrx_word' id='word_1_84' title='bbox 1249 869 1527 915; x_wconf 77' lang='lat' dir='ltr'>Tusculanis,</span> 
     </span>
     <span class='ocr_line' id='line_1_14' title="bbox 144 936 1509 1006; baseline -0.013 -13"><span class='ocrx_word' id='word_1_85' title='bbox 144 952 260 1006; x_wconf 89' lang='lat' dir='ltr'>quod</span> <span class='ocrx_word' id='word_1_86' title='bbox 281 953 324 992; x_wconf 88' lang='lat' dir='ltr'>in</span> <span class='ocrx_word' id='word_1_87' title='bbox 347 949 562 1003; x_wconf 87' lang='lat' dir='ltr'>pulvinari</span> <span class='ocrx_word' id='word_1_88' title='bbox 584 949 829 1000; x_wconf 86' lang='lat' dir='ltr'>imponatur</span> <span class='ocrx_word' id='word_1_89' title='bbox 852 943 1088 991; x_wconf 64' lang='grc' dir='ltr'>(33310115,ο</span> <span class='ocrx_word' id='word_1_90' title='bbox 1109 944 1326 993; x_wconf 84' lang='lat' dir='ltr'>struptum</span> <span class='ocrx_word' id='word_1_91' title='bbox 1349 936 1509 979; x_wconf 84' lang='lat' dir='ltr'>vocari.</span> 
     </span>
    </p>
   </div>
   <div class='ocr_carea' id='block_1_5' title="bbox 691 1050 927 1065">
    <p class='ocr_par' dir='ltr' id='par_1_7' title="bbox 691 1050 927 1065">
     <span class='ocr_line' id='line_1_15' title="bbox 691 1050 927 1065; baseline -0.013 0"><span class='ocrx_word' id='word_1_92' title='bbox 691 1050 927 1065; x_wconf 50' lang='lat' dir='ltr'>“doe-oweno</span> 
     </span>
    </p>
   </div>
   <div class='ocr_carea' id='block_1_6' title="bbox 133 1124 1325 1175">
    <p class='ocr_par' dir='ltr' id='par_1_8' title="bbox 133 1124 1325 1175">
     <span class='ocr_line' id='line_1_16' title="bbox 133 1124 1325 1175; baseline -0.013 -7"><span class='ocrx_word' id='word_1_93' title='bbox 133 1139 172 1168; x_wconf 77' lang='lat'>18</span> <span class='ocrx_word' id='word_1_94' title='bbox 196 1136 275 1167; x_wconf 87' lang='lat' dir='ltr'>Vet.</span> <span class='ocrx_word' id='word_1_95' title='bbox 292 1135 368 1167; x_wconf 90' lang='lat' dir='ltr'>cod.</span> <span class='ocrx_word' id='word_1_96' title='bbox 384 1134 629 1175; x_wconf 83' lang='grc' dir='ltr'><strong>συρόφιον.-19</strong></span> <span class='ocrx_word' id='word_1_97' title='bbox 655 1132 693 1162; x_wconf 82' lang='lat' dir='ltr'>Iu</span> <span class='ocrx_word' id='word_1_98' title='bbox 708 1132 792 1171; x_wconf 75' lang='lat' dir='ltr'>apice</span> <span class='ocrx_word' id='word_1_99' title='bbox 808 1129 892 1170; x_wconf 86' lang='lat' dir='ltr'>legit</span> <span class='ocrx_word' id='word_1_100' title='bbox 907 1128 998 1160; x_wconf 84' lang='lat' dir='ltr'>Scal.</span> <span class='ocrx_word' id='word_1_101' title='bbox 1044 1124 1223 1167; x_wconf 85' lang='lat' dir='ltr'>Improbat</span> <span class='ocrx_word' id='word_1_102' title='bbox 1240 1124 1325 1154; x_wconf 84' lang='lat' dir='ltr'>Dae.</span> 
     </span>
    </p>
   </div>
   <div class='ocr_carea' id='block_1_7' title="bbox 745 1247 885 1279">
    <p class='ocr_par' dir='ltr' id='par_1_9' title="bbox 745 1247 885 1279">
     <span class='ocr_line' id='line_1_17' title="bbox 745 1247 885 1279; baseline -0.007 0"><span class='ocrx_word' id='word_1_103' title='bbox 745 1247 885 1279; x_wconf 86' lang='lat' dir='ltr'>NOTAE</span> 
     </span>
    </p>
   </div>
   <div class='ocr_carea' id='block_1_8' title="bbox 90 1325 800 2768">
    <p class='ocr_par' dir='ltr' id='par_1_10' title="bbox 90 1325 797 2310">
     <span class='ocr_line' id='line_1_18' title="bbox 90 1325 783 1367; baseline -0.004 -10"><span class='ocrx_word' id='word_1_104' title='bbox 90 1326 189 1367; x_wconf 82' lang='lat' dir='ltr'>liger,</span> <span class='ocrx_word' id='word_1_105' title='bbox 210 1337 276 1357; x_wconf 85' lang='lat' dir='ltr'>non</span> <span class='ocrx_word' id='word_1_106' title='bbox 304 1327 506 1357; x_wconf 81' lang='lat' dir='ltr'>advertebat</span> <span class='ocrx_word' id='word_1_107' title='bbox 531 1335 655 1357; x_wconf 88' lang='lat' dir='ltr'>morem</span> <span class='ocrx_word' id='word_1_108' title='bbox 679 1325 783 1355; x_wconf 78' lang='lat' dir='ltr'>Vete-</span> 
     </span>
     <span class='ocr_line' id='line_1_19' title="bbox 90 1376 785 1418; baseline -0.003 -12"><span class='ocrx_word' id='word_1_109' title='bbox 90 1386 177 1415; x_wconf 88' lang='lat' dir='ltr'>rum,</span> <span class='ocrx_word' id='word_1_110' title='bbox 200 1379 254 1418; x_wconf 87' lang='lat' dir='ltr'>qui</span> <span class='ocrx_word' id='word_1_111' title='bbox 277 1383 316 1408; x_wconf 88' lang='lat' dir='ltr'>ut</span> <span class='ocrx_word' id='word_1_112' title='bbox 330 1378 338 1393; x_wconf 88' lang='lat'>‘</span> <span class='ocrx_word' id='word_1_113' title='bbox 352 1377 594 1407; x_wconf 85' lang='lat' dir='ltr'>arcliitectores</span> <span class='ocrx_word' id='word_1_114' title='bbox 609 1376 616 1388; x_wconf 91' lang='lat'>&#39;</span> <span class='ocrx_word' id='word_1_115' title='bbox 633 1385 692 1416; x_wconf 84' lang='lat' dir='ltr'>pro</span> <span class='ocrx_word' id='word_1_116' title='bbox 710 1376 718 1392; x_wconf 90' lang='lat'>‘</span> <span class='ocrx_word' id='word_1_117' title='bbox 735 1385 785 1405; x_wconf 88' lang='lat' dir='ltr'>ar-</span> 
     </span>
     <span class='ocr_line' id='line_1_20' title="bbox 92 1426 785 1467; baseline -0.004 -10"><span class='ocrx_word' id='word_1_118' title='bbox 92 1426 323 1467; x_wconf 76' lang='lat' dir='ltr'>cliitectoues‚’</span> <span class='ocrx_word' id='word_1_119' title='bbox 343 1429 390 1458; x_wconf 82' lang='lat' dir='ltr'>ita</span> <span class='ocrx_word' id='word_1_120' title='bbox 416 1428 566 1466; x_wconf 77' lang='lat' dir='ltr'>strigores</span> <span class='ocrx_word' id='word_1_121' title='bbox 590 1436 649 1466; x_wconf 82' lang='lat' dir='ltr'>pro</span> <span class='ocrx_word' id='word_1_122' title='bbox 671 1426 785 1464; x_wconf 80' lang='lat' dir='ltr'>strigo-</span> 
     </span>
     <span class='ocr_line' id='line_1_21' title="bbox 91 1477 787 1517; baseline -0.003 -10"><span class='ocrx_word' id='word_1_123' title='bbox 91 1487 144 1508; x_wconf 79' lang='lat' dir='ltr'>nes</span> <span class='ocrx_word' id='word_1_124' title='bbox 159 1477 331 1509; x_wconf 80' lang='lat' dir='ltr'>dicebant.</span> <span class='ocrx_word' id='word_1_125' title='bbox 376 1478 545 1517; x_wconf 87' lang='lat' dir='ltr'>Strigores</span> <span class='ocrx_word' id='word_1_126' title='bbox 572 1482 684 1507; x_wconf 84' lang='lat' dir='ltr'>autem</span> <span class='ocrx_word' id='word_1_127' title='bbox 711 1485 787 1516; x_wconf 87' lang='lat' dir='ltr'>pro·</span> 
     </span>
     <span class='ocr_line' id='line_1_22' title="bbox 93 1526 789 1567; baseline -0.001 -10"><span class='ocrx_word' id='word_1_128' title='bbox 93 1528 168 1567; x_wconf 88' lang='lat' dir='ltr'>prie</span> <span class='ocrx_word' id='word_1_129' title='bbox 185 1533 263 1558; x_wconf 86' lang='lat' dir='ltr'>sunt</span> <span class='ocrx_word' id='word_1_130' title='bbox 275 1528 416 1566; x_wconf 79' lang='lat' dir='ltr'>strigosi,</span> <span class='ocrx_word' id='word_1_131' title='bbox 429 1528 585 1567; x_wconf 85' lang='lat' dir='ltr'>strigore,</span> <span class='ocrx_word' id='word_1_132' title='bbox 599 1526 632 1556; x_wconf 86' lang='lat' dir='ltr'>id</span> <span class='ocrx_word' id='word_1_133' title='bbox 645 1531 709 1565; x_wconf 83' lang='lat' dir='ltr'>est,</span> <span class='ocrx_word' id='word_1_134' title='bbox 720 1535 789 1556; x_wconf 88' lang='lat' dir='ltr'>ma-</span> 
     </span>
     <span class='ocr_line' id='line_1_23' title="bbox 93 1576 789 1617; baseline -0.001 -11"><span class='ocrx_word' id='word_1_135' title='bbox 93 1577 145 1607; x_wconf 90' lang='lat' dir='ltr'>cie</span> <span class='ocrx_word' id='word_1_136' title='bbox 162 1577 317 1617; x_wconf 84' lang='lat' dir='ltr'>exerciti,</span> <span class='ocrx_word' id='word_1_137' title='bbox 334 1582 369 1608; x_wconf 86' lang='lat' dir='ltr'>et</span> <span class='ocrx_word' id='word_1_138' title='bbox 385 1577 462 1608; x_wconf 91' lang='lat' dir='ltr'>inde</span> <span class='ocrx_word' id='word_1_139' title='bbox 476 1576 665 1616; x_wconf 83' lang='lat' dir='ltr'>factum,ut</span> <span class='ocrx_word' id='word_1_140' title='bbox 675 1576 789 1613; x_wconf 82' lang='lat' dir='ltr'>strigo-</span> 
     </span>
     <span class='ocr_line' id='line_1_24' title="bbox 92 1625 789 1657; baseline -0.004 0"><span class='ocrx_word' id='word_1_141' title='bbox 92 1636 142 1657; x_wconf 77' lang='lat' dir='ltr'>res</span> <span class='ocrx_word' id='word_1_142' title='bbox 166 1627 344 1657; x_wconf 88' lang='lat' dir='ltr'>densarum</span> <span class='ocrx_word' id='word_1_143' title='bbox 363 1627 480 1657; x_wconf 87' lang='lat' dir='ltr'>virium</span> <span class='ocrx_word' id='word_1_144' title='bbox 506 1626 653 1657; x_wconf 84' lang='lat' dir='ltr'>homiues</span> <span class='ocrx_word' id='word_1_145' title='bbox 671 1626 703 1655; x_wconf 91' lang='lat' dir='ltr'>in</span> <span class='ocrx_word' id='word_1_146' title='bbox 721 1625 789 1655; x_wconf 92' lang='lat' dir='ltr'>Ne-</span> 
     </span>
     <span class='ocr_line' id='line_1_25' title="bbox 94 1675 790 1706; baseline -0.003 0"><span class='ocrx_word' id='word_1_147' title='bbox 94 1676 138 1706; x_wconf 85' lang='lat' dir='ltr'>lei</span> <span class='ocrx_word' id='word_1_148' title='bbox 174 1677 321 1706; x_wconf 82' lang='lat' dir='ltr'>carmine</span> <span class='ocrx_word' id='word_1_149' title='bbox 350 1676 558 1706; x_wconf 84' lang='lat' dir='ltr'>dicerentur.</span> <span class='ocrx_word' id='word_1_150' title='bbox 606 1675 681 1705; x_wconf 86' lang='lat' dir='ltr'>Hac</span> <span class='ocrx_word' id='word_1_151' title='bbox 707 1683 790 1704; x_wconf 88' lang='lat' dir='ltr'>voce</span> 
     </span>
     <span class='ocr_line' id='line_1_26' title="bbox 94 1724 792 1756; baseline -0.001 -2"><span class='ocrx_word' id='word_1_152' title='bbox 94 1735 172 1755; x_wconf 82' lang='lat' dir='ltr'>usus</span> <span class='ocrx_word' id='word_1_153' title='bbox 190 1725 323 1756; x_wconf 90' lang='lat' dir='ltr'>videtur</span> <span class='ocrx_word' id='word_1_154' title='bbox 338 1726 479 1756; x_wconf 86' lang='lat' dir='ltr'>Plautus</span> <span class='ocrx_word' id='word_1_155' title='bbox 493 1724 654 1755; x_wconf 77' lang='lat' dir='ltr'>Baccliid.</span> <span class='ocrx_word' id='word_1_156' title='bbox 671 1728 737 1754; x_wconf 87' lang='lat' dir='ltr'>act.</span> <span class='ocrx_word' id='word_1_157' title='bbox 752 1733 792 1754; x_wconf 86' lang='lat'>11.</span> 
     </span>
     <span class='ocr_line' id='line_1_27' title="bbox 94 1774 792 1814; baseline -0.003 -10"><span class='ocrx_word' id='word_1_158' title='bbox 94 1784 141 1805; x_wconf 87' lang='lat' dir='ltr'>sc.</span> <span class='ocrx_word' id='word_1_159' title='bbox 156 1777 187 1804; x_wconf 85' lang='lat'>3.</span> <span class='ocrx_word' id='word_1_160' title='bbox 203 1775 322 1814; x_wconf 85' lang='lat' dir='ltr'>vulgo:</span> <span class='ocrx_word' id='word_1_161' title='bbox 345 1775 354 1791; x_wconf 92' lang='lat'>‘</span> <span class='ocrx_word' id='word_1_162' title='bbox 371 1775 458 1804; x_wconf 87' lang='lat' dir='ltr'>Dum</span> <span class='ocrx_word' id='word_1_163' title='bbox 470 1774 730 1813; x_wconf 87' lang='lat' dir='ltr'>circumspecto,</span> <span class='ocrx_word' id='word_1_164' title='bbox 742 1778 792 1802; x_wconf 83' lang='lat' dir='ltr'>at-</span> 
     </span>
     <span class='ocr_line' id='line_1_28' title="bbox 97 1824 792 1865; baseline -0.003 -11"><span class='ocrx_word' id='word_1_165' title='bbox 97 1834 162 1865; x_wconf 85' lang='lat' dir='ltr'>que</span> <span class='ocrx_word' id='word_1_166' title='bbox 179 1834 218 1855; x_wconf 82' lang='lat' dir='ltr'>eo</span> <span class='ocrx_word' id='word_1_167' title='bbox 243 1824 387 1855; x_wconf 85' lang='lat' dir='ltr'>lembum</span> <span class='ocrx_word' id='word_1_168' title='bbox 413 1825 613 1863; x_wconf 84' lang='lat' dir='ltr'>conspicor:</span> <span class='ocrx_word' id='word_1_169' title='bbox 639 1824 792 1862; x_wconf 85' lang='lat' dir='ltr'>Longum</span> 
     </span>
     <span class='ocr_line' id='line_1_29' title="bbox 97 1871 793 1913; baseline -0.004 -9"><span class='ocrx_word' id='word_1_170' title='bbox 97 1880 150 1905; x_wconf 83' lang='lat' dir='ltr'>est</span> <span class='ocrx_word' id='word_1_171' title='bbox 176 1875 319 1913; x_wconf 86' lang='lat' dir='ltr'>rigorem</span> <span class='ocrx_word' id='word_1_172' title='bbox 345 1872 531 1904; x_wconf 85' lang='lat' dir='ltr'>maleficum</span> <span class='ocrx_word' id='word_1_173' title='bbox 560 1871 793 1903; x_wconf 72' lang='lat' dir='ltr'>exornarierz&#39;</span> 
     </span>
     <span class='ocr_line' id='line_1_30' title="bbox 98 1923 793 1964; baseline -0.003 -9"><span class='ocrx_word' id='word_1_174' title='bbox 98 1924 308 1964; x_wconf 82' lang='lat' dir='ltr'>Legendum,</span> <span class='ocrx_word' id='word_1_175' title='bbox 327 1930 363 1954; x_wconf 91' lang='lat' dir='ltr'>ut</span> <span class='ocrx_word' id='word_1_176' title='bbox 388 1925 523 1954; x_wconf 84' lang='lat' dir='ltr'>Mureto</span> <span class='ocrx_word' id='word_1_177' title='bbox 542 1925 643 1954; x_wconf 85' lang='lat' dir='ltr'>etiam</span> <span class='ocrx_word' id='word_1_178' title='bbox 669 1927 702 1953; x_wconf 91' lang='lat' dir='ltr'>et</span> <span class='ocrx_word' id='word_1_179' title='bbox 722 1923 793 1953; x_wconf 85' lang='lat' dir='ltr'>Sal-</span> 
     </span>
     <span class='ocr_line' id='line_1_31' title="bbox 98 1974 793 2013; baseline -0.003 -8"><span class='ocrx_word' id='word_1_180' title='bbox 98 1975 204 2005; x_wconf 84' lang='lat' dir='ltr'>masio</span> <span class='ocrx_word' id='word_1_181' title='bbox 227 1975 331 2005; x_wconf 85' lang='lat' dir='ltr'>visum</span> <span class='ocrx_word' id='word_1_182' title='bbox 356 1981 431 2005; x_wconf 85' lang='lat' dir='ltr'>est:</span> <span class='ocrx_word' id='word_1_183' title='bbox 456 1975 542 2005; x_wconf 88' lang='lat' dir='ltr'>Dum</span> <span class='ocrx_word' id='word_1_184' title='bbox 567 1974 793 2013; x_wconf 77' lang='lat' dir='ltr'>circumspectO,</span> 
     </span>
     <span class='ocr_line' id='line_1_32' title="bbox 98 2024 794 2065; baseline -0.001 -10"><span class='ocrx_word' id='word_1_185' title='bbox 98 2028 189 2065; x_wconf 79' lang='lat' dir='ltr'>alque</span> <span class='ocrx_word' id='word_1_186' title='bbox 209 2035 264 2064; x_wconf 86' lang='lat' dir='ltr'>ego</span> <span class='ocrx_word' id='word_1_187' title='bbox 287 2025 415 2055; x_wconf 79' lang='lat' dir='ltr'>lembum</span> <span class='ocrx_word' id='word_1_188' title='bbox 437 2025 592 2064; x_wconf 82' lang='lat' dir='ltr'>conspicor</span> <span class='ocrx_word' id='word_1_189' title='bbox 615 2024 757 2063; x_wconf 76' lang='lat' dir='ltr'>Longum</span> <span class='ocrx_word' id='word_1_190' title='bbox 775 2034 794 2054; x_wconf 84' lang='lat' dir='ltr'>a</span> 
     </span>
     <span class='ocr_line' id='line_1_33' title="bbox 96 2075 793 2117; baseline -0.003 -11"><span class='ocrx_word' id='word_1_191' title='bbox 96 2076 231 2115; x_wconf 74' lang='lat' dir='ltr'>strigore</span> <span class='ocrx_word' id='word_1_192' title='bbox 241 2076 374 2117; x_wconf 59' lang='lat' dir='ltr'>malefico</span> <span class='ocrx_word' id='word_1_193' title='bbox 386 2076 579 2106; x_wconf 76' lang='lat' dir='ltr'>exornarier.</span> <span class='ocrx_word' id='word_1_194' title='bbox 602 2076 688 2105; x_wconf 82' lang='lat' dir='ltr'>Vel:</span> <span class='ocrx_word' id='word_1_195' title='bbox 713 2075 793 2105; x_wconf 83' lang='lat' dir='ltr'>Lon-</span> 
     </span>
     <span class='ocr_line' id='line_1_34' title="bbox 96 2126 795 2168; baseline -0.001 -10"><span class='ocrx_word' id='word_1_196' title='bbox 96 2138 184 2167; x_wconf 84' lang='lat' dir='ltr'>gum,</span> <span class='ocrx_word' id='word_1_197' title='bbox 212 2129 378 2166; x_wconf 79' lang='lat' dir='ltr'>strigorem</span> <span class='ocrx_word' id='word_1_198' title='bbox 404 2126 575 2168; x_wconf 67' lang='lat' dir='ltr'>maleficum</span> <span class='ocrx_word' id='word_1_199' title='bbox 604 2126 795 2157; x_wconf 68' lang='lat' dir='ltr'>exarmarier.</span> 
     </span>
     <span class='ocr_line' id='line_1_35' title="bbox 100 2177 796 2217; baseline -0.006 -7"><span class='ocrx_word' id='word_1_200' title='bbox 100 2179 148 2210; x_wconf 82' lang='lat' dir='ltr'>Ut</span> <span class='ocrx_word' id='word_1_201' title='bbox 169 2179 325 2217; x_wconf 83' lang='lat' dir='ltr'>lembum,</span> <span class='ocrx_word' id='word_1_202' title='bbox 341 2177 517 2217; x_wconf 76' lang='lat' dir='ltr'>strigorem</span> <span class='ocrx_word' id='word_1_203' title='bbox 538 2177 675 2215; x_wconf 81' lang='lat' dir='ltr'>dixerit,</span> <span class='ocrx_word' id='word_1_204' title='bbox 691 2185 796 2217; x_wconf 87' lang='lat' dir='ltr'>quan·</span> 
     </span>
     <span class='ocr_line' id='line_1_36' title="bbox 100 2226 797 2269; baseline -0.004 -10"><span class='ocrx_word' id='word_1_205' title='bbox 100 2238 197 2269; x_wconf 84' lang='lat' dir='ltr'>quam</span> <span class='ocrx_word' id='word_1_206' title='bbox 226 2228 399 2259; x_wconf 86' lang='lat' dir='ltr'>Acidalius</span> <span class='ocrx_word' id='word_1_207' title='bbox 431 2227 554 2268; x_wconf 88' lang='lat' dir='ltr'>aliique</span> <span class='ocrx_word' id='word_1_208' title='bbox 584 2226 797 2257; x_wconf 86' lang='lat' dir='ltr'>dissentiunt.</span> 
     </span>
     <span class='ocr_line' id='line_1_37' title="bbox 100 2279 182 2310; baseline -0.024 0"><span class='ocrx_word' id='word_1_209' title='bbox 100 2279 182 2310; x_wconf 74' lang='lat' dir='ltr'>Duc.</span> 
     </span>
    </p>

    <p class='ocr_par' dir='ltr' id='par_1_11' title="bbox 100 2326 800 2768">
     <span class='ocr_line' id='line_1_38' title="bbox 143 2326 797 2368; baseline -0.002 -9"><span class='ocrx_word' id='word_1_210' title='bbox 143 2333 157 2348; x_wconf 82' lang='lat'>¹²</span> <span class='ocrx_word' id='word_1_211' title='bbox 181 2328 345 2368; x_wconf 73' lang='lat' dir='ltr'>Str-oppns]</span> <span class='ocrx_word' id='word_1_212' title='bbox 367 2328 469 2367; x_wconf 85' lang='lat' dir='ltr'>Lege,</span> <span class='ocrx_word' id='word_1_213' title='bbox 484 2337 539 2367; x_wconf 85' lang='lat' dir='ltr'>pro</span> <span class='ocrx_word' id='word_1_214' title='bbox 552 2327 670 2366; x_wconf 79' lang='lat' dir='ltr'>insigni</span> <span class='ocrx_word' id='word_1_215' title='bbox 687 2326 797 2358; x_wconf 78' lang='lat' dir='ltr'>habent</span> 
     </span>
     <span class='ocr_line' id='line_1_39' title="bbox 102 2377 796 2418; baseline -0.004 -10"><span class='ocrx_word' id='word_1_216' title='bbox 102 2378 136 2408; x_wconf 78' lang='lat' dir='ltr'>in</span> <span class='ocrx_word' id='word_1_217' title='bbox 150 2379 246 2418; x_wconf 80' lang='lat' dir='ltr'>apice.</span> <span class='ocrx_word' id='word_1_218' title='bbox 291 2378 391 2418; x_wconf 87' lang='lat' dir='ltr'>Apud</span> <span class='ocrx_word' id='word_1_219' title='bbox 411 2378 598 2408; x_wconf 86' lang='lat' dir='ltr'>Vitruvium</span> <span class='ocrx_word' id='word_1_220' title='bbox 616 2381 704 2414; x_wconf 77' lang='lat' dir='ltr'>sunt,</span> <span class='ocrx_word' id='word_1_221' title='bbox 725 2377 796 2416; x_wconf 88' lang='lat' dir='ltr'>qui-</span> 
     </span>
     <span class='ocr_line' id='line_1_40' title="bbox 101 2428 798 2467; baseline -0.004 -8"><span class='ocrx_word' id='word_1_222' title='bbox 101 2429 163 2459; x_wconf 85' lang='lat' dir='ltr'>bus</span> <span class='ocrx_word' id='word_1_223' title='bbox 188 2428 350 2467; x_wconf 80' lang='lat' dir='ltr'>religatur</span> <span class='ocrx_word' id='word_1_224' title='bbox 375 2438 484 2458; x_wconf 86' lang='lat' dir='ltr'>remus</span> <span class='ocrx_word' id='word_1_225' title='bbox 507 2428 549 2457; x_wconf 90' lang='lat' dir='ltr'>ad</span> <span class='ocrx_word' id='word_1_226' title='bbox 571 2428 745 2466; x_wconf 83' lang='lat' dir='ltr'>scalmum,</span> <span class='ocrx_word' id='word_1_227' title='bbox 762 2431 798 2456; x_wconf 90' lang='lat' dir='ltr'>ut</span> 
     </span>
     <span class='ocr_line' id='line_1_41' title="bbox 104 2476 798 2509; baseline -0.004 0"><span class='ocrx_word' id='word_1_228' title='bbox 104 2478 183 2509; x_wconf 87' lang='lat' dir='ltr'>alibi</span> <span class='ocrx_word' id='word_1_229' title='bbox 199 2481 399 2508; x_wconf 87' lang='lat' dir='ltr'>notavimus.</span> <span class='ocrx_word' id='word_1_230' title='bbox 425 2477 655 2507; x_wconf 84' lang='lat' dir='ltr'>Glossarium:</span> <span class='ocrx_word' id='word_1_231' title='bbox 680 2478 688 2493; x_wconf 89' lang='lat'>‘</span> <span class='ocrx_word' id='word_1_232' title='bbox 703 2476 798 2506; x_wconf 88' lang='lat' dir='ltr'>Stre-</span> 
     </span>
     <span class='ocr_line' id='line_1_42' title="bbox 103 2525 796 2568; baseline -0.004 -10"><span class='ocrx_word' id='word_1_233' title='bbox 103 2538 180 2568; x_wconf 88' lang='lat' dir='ltr'>pus,</span> <span class='ocrx_word' id='word_1_234' title='bbox 194 2525 374 2566; x_wconf 81' lang='grc' dir='ltr'>τροπωτήρ.’</span> <span class='ocrx_word' id='word_1_235' title='bbox 421 2527 523 2566; x_wconf 82' lang='lat' dir='ltr'>Lege,</span> <span class='ocrx_word' id='word_1_236' title='bbox 540 2527 683 2565; x_wconf 62' lang='lat' dir='ltr'>Str-opus.</span> <span class='ocrx_word' id='word_1_237' title='bbox 701 2526 796 2557; x_wconf 85' lang='lat' dir='ltr'>Glos-</span> 
     </span>
     <span class='ocr_line' id='line_1_43' title="bbox 105 2575 798 2617; baseline -0.003 -8"><span class='ocrx_word' id='word_1_238' title='bbox 105 2589 151 2610; x_wconf 84' lang='lat' dir='ltr'>sae</span> <span class='ocrx_word' id='word_1_239' title='bbox 183 2579 267 2615; x_wconf 81' lang='lat' dir='ltr'>aliae,</span> <span class='ocrx_word' id='word_1_240' title='bbox 299 2578 308 2594; x_wconf 87' lang='lat'>‘</span> <span class='ocrx_word' id='word_1_241' title='bbox 325 2578 481 2617; x_wconf 77' lang='lat' dir='ltr'>Strnpus,</span> <span class='ocrx_word' id='word_1_242' title='bbox 514 2577 653 2615; x_wconf 81' lang='grc' dir='ltr'>σκαλμὸς</span> <span class='ocrx_word' id='word_1_243' title='bbox 693 2575 764 2608; x_wconf 81' lang='grc' dir='ltr'>ἔνθα</span> <span class='ocrx_word' id='word_1_244' title='bbox 778 2576 798 2613; x_wconf 82' lang='grc' dir='ltr'>ἡ</span> 
     </span>
     <span class='ocr_line' id='line_1_44' title="bbox 106 2625 799 2666; baseline -0.003 -8"><span class='ocrx_word' id='word_1_245' title='bbox 106 2629 192 2664; x_wconf 82' lang='grc' dir='ltr'>κώπη</span> <span class='ocrx_word' id='word_1_246' title='bbox 208 2625 385 2665; x_wconf 82' lang='grc' dir='ltr'>δεσμεΐται.’</span> <span class='ocrx_word' id='word_1_247' title='bbox 428 2625 524 2656; x_wconf 89' lang='lat' dir='ltr'>Idem</span> <span class='ocrx_word' id='word_1_248' title='bbox 550 2626 697 2657; x_wconf 85' lang='lat' dir='ltr'>Isidorus</span> <span class='ocrx_word' id='word_1_249' title='bbox 721 2636 799 2666; x_wconf 89' lang='lat' dir='ltr'>pro-</span> 
     </span>
     <span class='ocr_line' id='line_1_45' title="bbox 106 2676 799 2716; baseline -0.004 -6"><span class='ocrx_word' id='word_1_250' title='bbox 106 2679 202 2710; x_wconf 80' lang='lat' dir='ltr'>ducit</span> <span class='ocrx_word' id='word_1_251' title='bbox 218 2679 326 2709; x_wconf 86' lang='lat' dir='ltr'>locum</span> <span class='ocrx_word' id='word_1_252' title='bbox 347 2677 448 2708; x_wconf 85' lang='lat' dir='ltr'>Livii:</span> <span class='ocrx_word' id='word_1_253' title='bbox 474 2676 484 2692; x_wconf 53' lang='grc' dir='ltr'><strong><em>ζ</em></strong></span> <span class='ocrx_word' id='word_1_254' title='bbox 500 2677 662 2716; x_wconf 85' lang='lat' dir='ltr'>Tuncque</span> <span class='ocrx_word' id='word_1_255' title='bbox 689 2686 799 2707; x_wconf 87' lang='lat' dir='ltr'>remos</span> 
     </span>
     <span class='ocr_line' id='line_1_46' title="bbox 100 2725 800 2768; baseline -0.003 -9"><span class='ocrx_word' id='word_1_256' title='bbox 100 2726 200 2766; x_wconf 84' lang='lat' dir='ltr'>jussit</span> <span class='ocrx_word' id='word_1_257' title='bbox 217 2727 355 2768; x_wconf 78' lang='lat' dir='ltr'>deligari</span> <span class='ocrx_word' id='word_1_258' title='bbox 371 2726 516 2767; x_wconf 66' lang='lat' dir='ltr'>strupis!</span> <span class='ocrx_word' id='word_1_259' title='bbox 559 2725 660 2767; x_wconf 85' lang='lat' dir='ltr'>Apud</span> <span class='ocrx_word' id='word_1_260' title='bbox 681 2727 800 2758; x_wconf 73' lang='lat' dir='ltr'>Sueto-</span> 
     </span>
    </p>
   </div>
   <div class='ocr_carea' id='block_1_9' title="bbox 839 1314 1551 2760">
    <p class='ocr_par' dir='ltr' id='par_1_12' title="bbox 839 1314 1537 1412">
     <span class='ocr_line' id='line_1_47' title="bbox 839 1314 1537 1359; baseline -0.014 -6"><span class='ocrx_word' id='word_1_261' title='bbox 839 1323 928 1353; x_wconf 88' lang='lat' dir='ltr'>nium</span> <span class='ocrx_word' id='word_1_262' title='bbox 946 1319 1069 1352; x_wconf 72' lang='lat' dir='ltr'>alicubi</span> <span class='ocrx_word' id='word_1_263' title='bbox 1088 1327 1266 1359; x_wconf 82' lang='lat' dir='ltr'>perperam</span> <span class='ocrx_word' id='word_1_264' title='bbox 1292 1315 1415 1353; x_wconf 68' lang='lat' dir='ltr'>legitur</span> <span class='ocrx_word' id='word_1_265' title='bbox 1438 1314 1537 1354; x_wconf 79' lang='lat' dir='ltr'>stupis</span> 
     </span>
     <span class='ocr_line' id='line_1_48' title="bbox 840 1366 1396 1412; baseline -0.018 -7"><span class='ocrx_word' id='word_1_266' title='bbox 840 1375 974 1405; x_wconf 66' lang='lat' dir='ltr'>lectica?</span> <span class='ocrx_word' id='word_1_267' title='bbox 993 1382 1053 1412; x_wconf 87' lang='lat' dir='ltr'>pro</span> <span class='ocrx_word' id='word_1_268' title='bbox 1068 1369 1196 1409; x_wconf 73' lang='lat' dir='ltr'>strapis.</span> <span class='ocrx_word' id='word_1_269' title='bbox 1219 1368 1292 1400; x_wconf 78' lang='lat' dir='ltr'>Jos,</span> <span class='ocrx_word' id='word_1_270' title='bbox 1309 1366 1396 1397; x_wconf 85' lang='lat' dir='ltr'>Scal.</span> 
     </span>
    </p>

    <p class='ocr_par' dir='ltr' id='par_1_13' title="bbox 840 1414 1550 2559">
     <span class='ocr_line' id='line_1_49' title="bbox 882 1414 1537 1462; baseline -0.015 -8"><span class='ocrx_word' id='word_1_271' title='bbox 882 1421 1047 1462; x_wconf 79' lang='lat' dir='ltr'>Stroppus]</span> <span class='ocrx_word' id='word_1_272' title='bbox 1059 1420 1125 1451; x_wconf 88' lang='lat' dir='ltr'>Sed</span> <span class='ocrx_word' id='word_1_273' title='bbox 1143 1421 1214 1450; x_wconf 85' lang='lat' dir='ltr'>liaec</span> <span class='ocrx_word' id='word_1_274' title='bbox 1233 1419 1340 1449; x_wconf 86' lang='lat' dir='ltr'>aliena</span> <span class='ocrx_word' id='word_1_275' title='bbox 1356 1427 1362 1445; x_wconf 90' lang='lat'>:</span> <span class='ocrx_word' id='word_1_276' title='bbox 1380 1414 1537 1456; x_wconf 82' lang='grc' dir='ltr'>στρόφιον,</span> 
     </span>
     <span class='ocr_line' id='line_1_50' title="bbox 841 1466 1539 1514; baseline -0.016 -8"><span class='ocrx_word' id='word_1_277' title='bbox 841 1469 1344 1514; x_wconf 73' lang='lat' dir='ltr'>strophium,stroppus,proprie</span> <span class='ocrx_word' id='word_1_278' title='bbox 1354 1466 1539 1506; x_wconf 74' lang='lat' dir='ltr'>fascia‚ta:-</span> 
     </span>
     <span class='ocr_line' id='line_1_51' title="bbox 841 1518 1531 1563; baseline -0.014 -8"><span class='ocrx_word' id='word_1_279' title='bbox 841 1525 911 1562; x_wconf 84' lang='lat' dir='ltr'>nia,</span> <span class='ocrx_word' id='word_1_280' title='bbox 926 1529 960 1555; x_wconf 87' lang='lat' dir='ltr'>et</span> <span class='ocrx_word' id='word_1_281' title='bbox 976 1523 1053 1563; x_wconf 90' lang='lat' dir='ltr'>quia</span> <span class='ocrx_word' id='word_1_282' title='bbox 1066 1531 1108 1551; x_wconf 81' lang='lat' dir='ltr'>ex</span> <span class='ocrx_word' id='word_1_283' title='bbox 1122 1519 1236 1550; x_wconf 83' lang='lat' dir='ltr'>fasciis</span> <span class='ocrx_word' id='word_1_284' title='bbox 1249 1518 1375 1548; x_wconf 82' lang='lat' dir='ltr'>fiebant</span> <span class='ocrx_word' id='word_1_285' title='bbox 1388 1525 1531 1554; x_wconf 86' lang='lat' dir='ltr'>coronae,</span> 
     </span>
     <span class='ocr_line' id='line_1_52' title="bbox 840 1572 1538 1611; baseline -0.013 -7"><span class='ocrx_word' id='word_1_286' title='bbox 840 1574 917 1604; x_wconf 89' lang='lat' dir='ltr'>inde</span> <span class='ocrx_word' id='word_1_287' title='bbox 933 1572 1106 1611; x_wconf 80' lang='lat' dir='ltr'>strophium</span> <span class='ocrx_word' id='word_1_288' title='bbox 1123 1574 1156 1600; x_wconf 84' lang='lat' dir='ltr'>et</span> <span class='ocrx_word' id='word_1_289' title='bbox 1172 1573 1315 1608; x_wconf 75' lang='lat' dir='ltr'>stroppus</span> <span class='ocrx_word' id='word_1_290' title='bbox 1329 1577 1388 1608; x_wconf 87' lang='lat' dir='ltr'>pro</span> <span class='ocrx_word' id='word_1_291' title='bbox 1401 1575 1538 1596; x_wconf 86' lang='lat' dir='ltr'>corona.</span> 
     </span>
     <span class='ocr_line' id='line_1_53' title="bbox 843 1616 1540 1663; baseline -0.013 -9"><span class='ocrx_word' id='word_1_292' title='bbox 843 1625 887 1654; x_wconf 87' lang='lat' dir='ltr'>Et</span> <span class='ocrx_word' id='word_1_293' title='bbox 905 1633 963 1663; x_wconf 90' lang='lat' dir='ltr'>pro</span> <span class='ocrx_word' id='word_1_294' title='bbox 981 1632 1020 1652; x_wconf 86' lang='lat' dir='ltr'>eo</span> <span class='ocrx_word' id='word_1_295' title='bbox 1038 1620 1124 1662; x_wconf 84' lang='lat' dir='ltr'>quod</span> <span class='ocrx_word' id='word_1_296' title='bbox 1138 1618 1329 1649; x_wconf 79' lang='lat' dir='ltr'>sacerdotes</span> <span class='ocrx_word' id='word_1_297' title='bbox 1346 1617 1460 1648; x_wconf 88' lang='lat' dir='ltr'>ferunt</span> <span class='ocrx_word' id='word_1_298' title='bbox 1471 1616 1540 1646; x_wconf 80' lang='lat' dir='ltr'>He-</span> 
     </span>
     <span class='ocr_line' id='line_1_54' title="bbox 846 1667 1542 1714; baseline -0.011 -10"><span class='ocrx_word' id='word_1_299' title='bbox 846 1675 935 1714; x_wconf 79' lang='lat' dir='ltr'>sycli.</span> <span class='ocrx_word' id='word_1_300' title='bbox 949 1670 1096 1712; x_wconf 84' lang='grc' dir='ltr'>στρόφιον</span> <span class='ocrx_word' id='word_1_301' title='bbox 1107 1670 1123 1700; x_wconf 63' lang='grc' dir='ltr'>ἓν</span> <span class='ocrx_word' id='word_1_302' title='bbox 1136 1669 1164 1699; x_wconf 80' lang='grc' dir='ltr'>οἱ</span> <span class='ocrx_word' id='word_1_303' title='bbox 1176 1669 1261 1708; x_wconf 80' lang='grc' dir='ltr'>ἱερεῖς</span> <span class='ocrx_word' id='word_1_304' title='bbox 1275 1667 1412 1707; x_wconf 81' lang='grc' dir='ltr'>φέρουσι,</span> <span class='ocrx_word' id='word_1_305' title='bbox 1427 1670 1435 1683; x_wconf 90' lang='lat'>‘</span> <span class='ocrx_word' id='word_1_306' title='bbox 1449 1669 1542 1697; x_wconf 82' lang='lat' dir='ltr'>Stro-</span> 
     </span>
     <span class='ocr_line' id='line_1_55' title="bbox 846 1718 1542 1764; baseline -0.011 -10"><span class='ocrx_word' id='word_1_307' title='bbox 846 1725 958 1764; x_wconf 86' lang='lat' dir='ltr'>phium</span> <span class='ocrx_word' id='word_1_308' title='bbox 975 1722 1064 1764; x_wconf 83' lang='lat' dir='ltr'>quod</span> <span class='ocrx_word' id='word_1_309' title='bbox 1082 1720 1276 1752; x_wconf 81' lang='lat' dir='ltr'>sacerdotes</span> <span class='ocrx_word' id='word_1_310' title='bbox 1293 1718 1426 1750; x_wconf 74' lang='lat' dir='ltr'>ferunt.⁹</span> <span class='ocrx_word' id='word_1_311' title='bbox 1453 1718 1542 1748; x_wconf 79' lang='lat' dir='ltr'>Stro-</span> 
     </span>
     <span class='ocr_line' id='line_1_56' title="bbox 845 1767 1543 1814; baseline -0.011 -10"><span class='ocrx_word' id='word_1_312' title='bbox 845 1774 950 1814; x_wconf 81' lang='lat' dir='ltr'>phium</span> <span class='ocrx_word' id='word_1_313' title='bbox 980 1777 1090 1803; x_wconf 79' lang='lat' dir='ltr'>autem</span> <span class='ocrx_word' id='word_1_314' title='bbox 1122 1781 1140 1801; x_wconf 87' lang='lat' dir='ltr'>a</span> <span class='ocrx_word' id='word_1_315' title='bbox 1167 1768 1302 1810; x_wconf 83' lang='grc' dir='ltr'>στρέφω,</span> <span class='ocrx_word' id='word_1_316' title='bbox 1332 1773 1438 1807; x_wconf 85' lang='lat' dir='ltr'>verto,</span> <span class='ocrx_word' id='word_1_317' title='bbox 1464 1767 1543 1807; x_wconf 86' lang='lat' dir='ltr'>quia</span> 
     </span>
     <span class='ocr_line' id='line_1_57' title="bbox 847 1817 1543 1858; baseline -0.01 -4"><span class='ocrx_word' id='word_1_318' title='bbox 847 1823 963 1854; x_wconf 74' lang='lat' dir='ltr'>faseiae</span> <span class='ocrx_word' id='word_1_319' title='bbox 977 1823 1042 1853; x_wconf 81' lang='lat' dir='ltr'>illae</span> <span class='ocrx_word' id='word_1_320' title='bbox 1063 1822 1204 1852; x_wconf 83' lang='lat' dir='ltr'>tortiles.</span> <span class='ocrx_word' id='word_1_321' title='bbox 1247 1819 1407 1858; x_wconf 81' lang='lat' dir='ltr'>Stropliia</span> <span class='ocrx_word' id='word_1_322' title='bbox 1422 1818 1467 1848; x_wconf 85' lang='lat' dir='ltr'>sic</span> <span class='ocrx_word' id='word_1_323' title='bbox 1486 1817 1543 1847; x_wconf 87' lang='lat' dir='ltr'>de-</span> 
     </span>
     <span class='ocr_line' id='line_1_58' title="bbox 848 1869 1544 1907; baseline -0.011 -3"><span class='ocrx_word' id='word_1_324' title='bbox 848 1874 968 1905; x_wconf 83' lang='lat' dir='ltr'>scribit</span> <span class='ocrx_word' id='word_1_325' title='bbox 996 1873 1084 1903; x_wconf 85' lang='lat' dir='ltr'>l’liu.</span> <span class='ocrx_word' id='word_1_326' title='bbox 1109 1876 1116 1888; x_wconf 80' lang='lat'>⁴</span> <span class='ocrx_word' id='word_1_327' title='bbox 1135 1869 1300 1903; x_wconf 74' lang='lat' dir='ltr'>Quaedam</span> <span class='ocrx_word' id='word_1_328' title='bbox 1328 1878 1458 1898; x_wconf 82' lang='lat' dir='ltr'>corouae</span> <span class='ocrx_word' id='word_1_329' title='bbox 1485 1876 1544 1907; x_wconf 83' lang='lat' dir='ltr'>per</span> 
     </span>
     <span class='ocr_line' id='line_1_59' title="bbox 849 1917 1544 1955; baseline -0.013 -1"><span class='ocrx_word' id='word_1_330' title='bbox 849 1933 989 1955; x_wconf 83' lang='lat' dir='ltr'>coronas</span> <span class='ocrx_word' id='word_1_331' title='bbox 1002 1926 1162 1952; x_wconf 85' lang='lat' dir='ltr'>currunt:</span> <span class='ocrx_word' id='word_1_332' title='bbox 1184 1918 1393 1951; x_wconf 83' lang='lat' dir='ltr'>tenuioribus</span> <span class='ocrx_word' id='word_1_333' title='bbox 1408 1917 1544 1947; x_wconf 84' lang='lat' dir='ltr'>uteban-</span> 
     </span>
     <span class='ocr_line' id='line_1_60' title="bbox 848 1969 1544 2014; baseline -0.014 -8"><span class='ocrx_word' id='word_1_334' title='bbox 848 1979 903 2006; x_wconf 89' lang='lat' dir='ltr'>tur</span> <span class='ocrx_word' id='word_1_335' title='bbox 919 1973 1060 2014; x_wconf 83' lang='lat' dir='ltr'>antiqui,</span> <span class='ocrx_word' id='word_1_336' title='bbox 1075 1978 1231 2011; x_wconf 84' lang='lat' dir='ltr'>stroppos</span> <span class='ocrx_word' id='word_1_337' title='bbox 1252 1969 1476 2009; x_wconf 72' lang='lat' dir='ltr'>appellantes,</span> <span class='ocrx_word' id='word_1_338' title='bbox 1488 1977 1544 1997; x_wconf 90' lang='lat' dir='ltr'>uu-</span> 
     </span>
     <span class='ocr_line' id='line_1_61' title="bbox 848 2020 1544 2062; baseline -0.014 -6"><span class='ocrx_word' id='word_1_339' title='bbox 848 2025 891 2056; x_wconf 88' lang='lat' dir='ltr'>de</span> <span class='ocrx_word' id='word_1_340' title='bbox 919 2030 997 2055; x_wconf 85' lang='lat' dir='ltr'>nata</span> <span class='ocrx_word' id='word_1_341' title='bbox 1022 2020 1227 2062; x_wconf 80' lang='lat' dir='ltr'>stropliiola.’</span> <span class='ocrx_word' id='word_1_342' title='bbox 1273 2020 1360 2050; x_wconf 88' lang='lat' dir='ltr'>Duae</span> <span class='ocrx_word' id='word_1_343' title='bbox 1390 2023 1447 2049; x_wconf 85' lang='lat' dir='ltr'>ant</span> <span class='ocrx_word' id='word_1_344' title='bbox 1478 2023 1544 2047; x_wconf 83' lang='lat' dir='ltr'>tres</span> 
     </span>
     <span class='ocr_line' id='line_1_62' title="bbox 849 2066 1546 2106; baseline -0.016 0"><span class='ocrx_word' id='word_1_345' title='bbox 849 2075 959 2106; x_wconf 74' lang='lat' dir='ltr'>taeniae</span> <span class='ocrx_word' id='word_1_346' title='bbox 976 2073 1120 2104; x_wconf 87' lang='lat' dir='ltr'>invicem</span> <span class='ocrx_word' id='word_1_347' title='bbox 1144 2075 1243 2102; x_wconf 87' lang='lat' dir='ltr'>tortae</span> <span class='ocrx_word' id='word_1_348' title='bbox 1267 2077 1424 2100; x_wconf 82' lang='lat' dir='ltr'>coronam</span> <span class='ocrx_word' id='word_1_349' title='bbox 1442 2066 1546 2097; x_wconf 80' lang='lat' dir='ltr'>facie-</span> 
     </span>
     <span class='ocr_line' id='line_1_63' title="bbox 848 2116 1547 2164; baseline -0.013 -9"><span class='ocrx_word' id='word_1_350' title='bbox 848 2125 942 2164; x_wconf 83' lang='lat' dir='ltr'>bant,</span> <span class='ocrx_word' id='word_1_351' title='bbox 958 2133 1055 2164; x_wconf 87' lang='lat' dir='ltr'>quam</span> <span class='ocrx_word' id='word_1_352' title='bbox 1074 2121 1239 2151; x_wconf 85' lang='lat' dir='ltr'>vocabant</span> <span class='ocrx_word' id='word_1_353' title='bbox 1260 2123 1430 2158; x_wconf 80' lang='lat' dir='ltr'>stroppum.</span> <span class='ocrx_word' id='word_1_354' title='bbox 1476 2116 1547 2147; x_wconf 88' lang='lat' dir='ltr'>An-</span> 
     </span>
     <span class='ocr_line' id='line_1_64' title="bbox 850 2166 1547 2215; baseline -0.013 -10"><span class='ocrx_word' id='word_1_355' title='bbox 850 2174 933 2215; x_wconf 88' lang='lat' dir='ltr'>tiqui</span> <span class='ocrx_word' id='word_1_356' title='bbox 958 2173 1043 2204; x_wconf 83' lang='lat' dir='ltr'>enim</span> <span class='ocrx_word' id='word_1_357' title='bbox 1071 2170 1215 2201; x_wconf 86' lang='lat' dir='ltr'>Romani</span> <span class='ocrx_word' id='word_1_358' title='bbox 1240 2178 1381 2200; x_wconf 86' lang='lat' dir='ltr'>coronas</span> <span class='ocrx_word' id='word_1_359' title='bbox 1400 2178 1418 2198; x_wconf 91' lang='lat' dir='ltr'>e</span> <span class='ocrx_word' id='word_1_360' title='bbox 1437 2166 1547 2198; x_wconf 77' lang='lat' dir='ltr'>taeniis</span> 
     </span>
     <span class='ocr_line' id='line_1_65' title="bbox 851 2220 1547 2255; baseline -0.013 0"><span class='ocrx_word' id='word_1_361' title='bbox 851 2223 1099 2255; x_wconf 87' lang='lat' dir='ltr'>concinnabant</span> <span class='ocrx_word' id='word_1_362' title='bbox 1122 2221 1269 2251; x_wconf 85' lang='lat' dir='ltr'>nondum</span> <span class='ocrx_word' id='word_1_363' title='bbox 1295 2220 1431 2249; x_wconf 88' lang='lat' dir='ltr'>invento</span> <span class='ocrx_word' id='word_1_364' title='bbox 1455 2227 1511 2247; x_wconf 87' lang='lat' dir='ltr'>eas</span> <span class='ocrx_word' id='word_1_365' title='bbox 1530 2227 1547 2246; x_wconf 94' lang='lat' dir='ltr'>e</span> 
     </span>
     <span class='ocr_line' id='line_1_66' title="bbox 848 2268 1547 2305; baseline -0.01 -1"><span class='ocrx_word' id='word_1_366' title='bbox 848 2273 987 2305; x_wconf 88' lang='lat' dir='ltr'>floribus</span> <span class='ocrx_word' id='word_1_367' title='bbox 1004 2278 1130 2303; x_wconf 74' lang='lat' dir='ltr'>texere.</span> <span class='ocrx_word' id='word_1_368' title='bbox 1177 2270 1256 2300; x_wconf 91' lang='lat' dir='ltr'>Vid.</span> <span class='ocrx_word' id='word_1_369' title='bbox 1273 2270 1413 2301; x_wconf 86' lang='lat' dir='ltr'>Salmas.</span> <span class='ocrx_word' id='word_1_370' title='bbox 1436 2268 1468 2298; x_wconf 90' lang='lat' dir='ltr'>iu</span> <span class='ocrx_word' id='word_1_371' title='bbox 1487 2268 1547 2298; x_wconf 89' lang='lat' dir='ltr'>So-</span> 
     </span>
     <span class='ocr_line' id='line_1_67' title="bbox 849 2319 1548 2363; baseline -0.014 -7"><span class='ocrx_word' id='word_1_372' title='bbox 849 2325 907 2355; x_wconf 88' lang='lat' dir='ltr'>lin.</span> <span class='ocrx_word' id='word_1_373' title='bbox 939 2324 1080 2363; x_wconf 77' lang='lat' dir='ltr'>Stropus,</span> <span class='ocrx_word' id='word_1_374' title='bbox 1097 2323 1138 2351; x_wconf 85' lang='lat' dir='ltr'>de</span> <span class='ocrx_word' id='word_1_375' title='bbox 1151 2330 1216 2361; x_wconf 88' lang='lat' dir='ltr'>quo</span> <span class='ocrx_word' id='word_1_376' title='bbox 1232 2321 1284 2350; x_wconf 78' lang='lat' dir='ltr'>hic</span> <span class='ocrx_word' id='word_1_377' title='bbox 1298 2320 1367 2358; x_wconf 70' lang='lat' dir='ltr'>egit</span> <span class='ocrx_word' id='word_1_378' title='bbox 1384 2319 1548 2358; x_wconf 75' lang='lat' dir='ltr'>Scaliger,</span> 
     </span>
     <span class='ocr_line' id='line_1_68' title="bbox 850 2368 1550 2414; baseline -0.01 -9"><span class='ocrx_word' id='word_1_379' title='bbox 850 2384 970 2414; x_wconf 85' lang='lat' dir='ltr'>nempe</span> <span class='ocrx_word' id='word_1_380' title='bbox 998 2382 1063 2413; x_wconf 88' lang='lat' dir='ltr'>quo</span> <span class='ocrx_word' id='word_1_381' title='bbox 1090 2381 1200 2401; x_wconf 91' lang='lat' dir='ltr'>remus</span> <span class='ocrx_word' id='word_1_382' title='bbox 1223 2370 1263 2400; x_wconf 78' lang='lat' dir='ltr'>asl</span> <span class='ocrx_word' id='word_1_383' title='bbox 1288 2370 1448 2400; x_wconf 87' lang='lat' dir='ltr'>scalmum</span> <span class='ocrx_word' id='word_1_384' title='bbox 1474 2368 1550 2398; x_wconf 87' lang='lat' dir='ltr'>reli-</span> 
     </span>
     <span class='ocr_line' id='line_1_69' title="bbox 853 2421 1550 2466; baseline -0.011 -10"><span class='ocrx_word' id='word_1_385' title='bbox 853 2432 965 2466; x_wconf 84' lang='lat' dir='ltr'>gatur,</span> <span class='ocrx_word' id='word_1_386' title='bbox 983 2429 1033 2454; x_wconf 85' lang='lat' dir='ltr'>est</span> <span class='ocrx_word' id='word_1_387' title='bbox 1051 2423 1091 2454; x_wconf 87' lang='lat' dir='ltr'>ab</span> <span class='ocrx_word' id='word_1_388' title='bbox 1109 2423 1172 2453; x_wconf 85' lang='lat' dir='ltr'>alia</span> <span class='ocrx_word' id='word_1_389' title='bbox 1188 2422 1332 2461; x_wconf 82' lang='lat' dir='ltr'>origiue.</span> <span class='ocrx_word' id='word_1_390' title='bbox 1379 2421 1513 2459; x_wconf 84' lang='lat' dir='ltr'>Nempe</span> <span class='ocrx_word' id='word_1_391' title='bbox 1531 2430 1550 2448; x_wconf 83' lang='grc'><strong>3</strong></span> 
     </span>
     <span class='ocr_line' id='line_1_70' title="bbox 851 2471 1549 2515; baseline -0.014 -8"><span class='ocrx_word' id='word_1_392' title='bbox 851 2475 974 2515; x_wconf 84' lang='grc' dir='ltr'>τρόπος,</span> <span class='ocrx_word' id='word_1_393' title='bbox 988 2475 1092 2505; x_wconf 88' lang='lat' dir='ltr'>lorum</span> <span class='ocrx_word' id='word_1_394' title='bbox 1100 2495 1108 2511; x_wconf 89' lang='lat'>,</span> <span class='ocrx_word' id='word_1_395' title='bbox 1118 2476 1234 2512; x_wconf 80' lang='lat' dir='ltr'>tropus,</span> <span class='ocrx_word' id='word_1_396' title='bbox 1242 2471 1267 2502; x_wconf 81' lang='lat' dir='ltr'><em>S</em></span> <span class='ocrx_word' id='word_1_397' title='bbox 1278 2471 1405 2506; x_wconf 84' lang='lat' dir='ltr'>addito,</span> <span class='ocrx_word' id='word_1_398' title='bbox 1414 2474 1549 2509; x_wconf 79' lang='lat' dir='ltr'>stropus.</span> 
     </span>
     <span class='ocr_line' id='line_1_71' title="bbox 852 2528 941 2559; baseline -0.034 0"><span class='ocrx_word' id='word_1_399' title='bbox 852 2528 941 2559; x_wconf 86' lang='lat' dir='ltr'>Dae.</span> 
     </span>
    </p>

    <p class='ocr_par' dir='ltr' id='par_1_14' title="bbox 855 2572 1550 2717">
     <span class='ocr_line' id='line_1_72' title="bbox 896 2572 1550 2614; baseline -0.014 -9"><span class='ocrx_word' id='word_1_400' title='bbox 896 2574 1062 2614; x_wconf 80' lang='lat' dir='ltr'>Stroppus]</span> <span class='ocrx_word' id='word_1_401' title='bbox 1086 2572 1201 2603; x_wconf 86' lang='lat' dir='ltr'>Tertia</span> <span class='ocrx_word' id='word_1_402' title='bbox 1216 2572 1306 2602; x_wconf 86' lang='lat' dir='ltr'>linea</span> <span class='ocrx_word' id='word_1_403' title='bbox 1319 2580 1392 2600; x_wconf 85' lang='lat' dir='ltr'>cum</span> <span class='ocrx_word' id='word_1_404' title='bbox 1407 2577 1550 2608; x_wconf 85' lang='lat' dir='ltr'>sequen-</span> 
     </span>
     <span class='ocr_line' id='line_1_73' title="bbox 855 2619 1548 2663; baseline -0.014 -7"><span class='ocrx_word' id='word_1_405' title='bbox 855 2626 880 2656; x_wconf 88' lang='lat' dir='ltr'>ti</span> <span class='ocrx_word' id='word_1_406' title='bbox 906 2625 971 2655; x_wconf 86' lang='lat' dir='ltr'>alio</span> <span class='ocrx_word' id='word_1_407' title='bbox 1000 2622 1159 2663; x_wconf 82' lang='lat' dir='ltr'>pertinet,</span> <span class='ocrx_word' id='word_1_408' title='bbox 1187 2620 1276 2661; x_wconf 86' lang='lat' dir='ltr'>quod</span> <span class='ocrx_word' id='word_1_409' title='bbox 1301 2619 1453 2649; x_wconf 82' lang='lat' dir='ltr'>divinare</span> <span class='ocrx_word' id='word_1_410' title='bbox 1484 2627 1548 2646; x_wconf 83' lang='lat' dir='ltr'>uon</span> 
     </span>
     <span class='ocr_line' id='line_1_74' title="bbox 855 2671 1154 2717; baseline -0.02 -11"><span class='ocrx_word' id='word_1_411' title='bbox 855 2675 962 2717; x_wconf 89' lang='lat' dir='ltr'>potui.</span> <span class='ocrx_word' id='word_1_412' title='bbox 984 2673 1052 2702; x_wconf 85' lang='lat' dir='ltr'>Jos.</span> <span class='ocrx_word' id='word_1_413' title='bbox 1071 2671 1154 2701; x_wconf 76' lang='lat' dir='ltr'>Scal-</span> 
     </span>
    </p>

    <p class='ocr_par' dir='ltr' id='par_1_15' title="bbox 900 2716 1551 2760">
     <span class='ocr_line' id='line_1_75' title="bbox 900 2716 1551 2760; baseline -0.015 -5"><span class='ocrx_word' id='word_1_414' title='bbox 900 2729 914 2744; x_wconf 87' lang='lat'>0</span> <span class='ocrx_word' id='word_1_415' title='bbox 936 2724 978 2755; x_wconf 80' lang='lat' dir='ltr'>Et</span> <span class='ocrx_word' id='word_1_416' title='bbox 995 2733 1013 2753; x_wconf 84' lang='lat' dir='ltr'>a</span> <span class='ocrx_word' id='word_1_417' title='bbox 1030 2719 1220 2760; x_wconf 76' lang='lat' dir='ltr'>Tusculanis,</span> <span class='ocrx_word' id='word_1_418' title='bbox 1241 2719 1318 2759; x_wconf 75' lang='lat' dir='ltr'>quod</span> <span class='ocrx_word' id='word_1_419' title='bbox 1341 2718 1373 2748; x_wconf 81' lang='lat' dir='ltr'>in</span> <span class='ocrx_word' id='word_1_420' title='bbox 1394 2716 1551 2757; x_wconf 68' lang='lat' dir='ltr'>pulvinari</span> 
     </span>
    </p>
   </div>
  </div>
 </body>
</html>
