<?xml version="1.0" encoding="UTF-8"?>
<!DOCTYPE html PUBLIC "-//W3C//DTD XHTML 1.0 Transitional//EN"
    "http://www.w3.org/TR/xhtml1/DTD/xhtml1-transitional.dtd">
<html xmlns="http://www.w3.org/1999/xhtml" xml:lang="en" lang="en">
 <head>
  <title>
</title>
<meta http-equiv="Content-Type" content="text/html;charset=utf-8" />
  <meta name='ocr-system' content='tesseract 3.04.00' />
  <meta name='ocr-capabilities' content='ocr_page ocr_carea ocr_par ocr_line ocrx_word'/>
</head>
<body>
  <div class='ocr_page' id='page_1' title='image "./mverriiflacciqua02verruoft/mverriiflacciqua02verruoft_0256.png"; bbox 0 0 1876 3025; ppageno 0'>
   <div class='ocr_carea' id='block_1_1' title="bbox 273 163 1275 206">
    <p class='ocr_par' dir='ltr' id='par_1_1' title="bbox 273 163 1275 206">
     <span class='ocr_line' id='line_1_1' title="bbox 273 163 1275 206; baseline -0.001 0"><span class='ocrx_word' id='word_1_1' title='bbox 273 163 357 206; x_wconf 77' lang='lat'>886</span> <span class='ocrx_word' id='word_1_2' title='bbox 716 175 865 206; x_wconf 79' lang='lat' dir='ltr'>SEXTl</span> <span class='ocrx_word' id='word_1_3' title='bbox 903 174 1104 205; x_wconf 81' lang='lat' dir='ltr'><strong>POMPEH</strong></span> <span class='ocrx_word' id='word_1_4' title='bbox 1139 175 1275 206; x_wconf 78' lang='lat' dir='ltr'>FESTJ</span> 
     </span>
    </p>
   </div>
   <div class='ocr_carea' id='block_1_2' title="bbox 267 272 1721 736">
    <p class='ocr_par' dir='ltr' id='par_1_2' title="bbox 272 272 1721 453">
     <span class='ocr_line' id='line_1_2' title="bbox 272 272 1721 328; baseline -0.003 -12"><span class='ocrx_word' id='word_1_5' title='bbox 272 275 377 316; x_wconf 84' lang='lat' dir='ltr'>Sors</span> <span class='ocrx_word' id='word_1_6' title='bbox 394 279 419 296; x_wconf 72' lang='lat'>¹¹¹</span> <span class='ocrx_word' id='word_1_7' title='bbox 442 278 485 316; x_wconf 87' lang='lat' dir='ltr'>et</span> <span class='ocrx_word' id='word_1_8' title='bbox 515 274 826 328; x_wconf 81' lang='lat' dir='ltr'>patrimonium</span> <span class='ocrx_word' id='word_1_9' title='bbox 864 272 1097 326; x_wconf 84' lang='lat' dir='ltr'>significat,</span> <span class='ocrx_word' id='word_1_10' title='bbox 1133 273 1250 314; x_wconf 87' lang='lat' dir='ltr'>unde</span> <span class='ocrx_word' id='word_1_11' title='bbox 1288 276 1511 313; x_wconf 81' lang='lat' dir='ltr'>consortes</span> <span class='ocrx_word' id='word_1_12' title='bbox 1541 272 1721 326; x_wconf 77' lang='lat' dir='ltr'>[PAUL.</span> 
     </span>
     <span class='ocr_line' id='line_1_3' title="bbox 327 341 1719 395; baseline -0.002 -11"><span class='ocrx_word' id='word_1_13' title='bbox 327 343 544 394; x_wconf 89' lang='lat' dir='ltr'>dicimus;</span> <span class='ocrx_word' id='word_1_14' title='bbox 575 348 616 384; x_wconf 91' lang='lat' dir='ltr'>et</span> <span class='ocrx_word' id='word_1_15' title='bbox 647 342 732 383; x_wconf 90' lang='lat' dir='ltr'>Dei</span> <span class='ocrx_word' id='word_1_16' title='bbox 767 354 1052 395; x_wconf 82' lang='lat' dir='ltr'>responsum3</span> <span class='ocrx_word' id='word_1_17' title='bbox 1083 345 1127 382; x_wconf 86' lang='lat' dir='ltr'>et</span> <span class='ocrx_word' id='word_1_18' title='bbox 1153 341 1268 395; x_wconf 89' lang='lat' dir='ltr'>quod</span> <span class='ocrx_word' id='word_1_19' title='bbox 1300 341 1462 394; x_wconf 86' lang='lat' dir='ltr'>cuique</span> <span class='ocrx_word' id='word_1_20' title='bbox 1493 341 1653 382; x_wconf 85' lang='lat' dir='ltr'>accidit</span> <span class='ocrx_word' id='word_1_21' title='bbox 1673 342 1719 381; x_wconf 89' lang='lat' dir='ltr'>in</span> 
     </span>
     <span class='ocr_line' id='line_1_4' title="bbox 328 411 564 453; baseline -0.008 -1"><span class='ocrx_word' id='word_1_22' title='bbox 328 411 564 453; x_wconf 82' lang='lat' dir='ltr'>sortiendo.</span> 
     </span>
    </p>

    <p class='ocr_par' dir='ltr' id='par_1_3' title="bbox 267 474 1718 736">
     <span class='ocr_line' id='line_1_5' title="bbox 270 474 1718 533; baseline -0.003 -13"><span class='ocrx_word' id='word_1_23' title='bbox 270 480 375 521; x_wconf 84' lang='lat' dir='ltr'>Sors</span> <span class='ocrx_word' id='word_1_24' title='bbox 390 484 431 520; x_wconf 84' lang='lat' dir='ltr'>et</span> <span class='ocrx_word' id='word_1_25' title='bbox 437 476 735 533; x_wconf 78' lang='lat' dir='ltr'>patrimoniwn</span> <span class='ocrx_word' id='word_1_26' title='bbox 755 475 960 531; x_wconf 52' lang='lat' dir='ltr'>significat</span> <span class='ocrx_word' id='word_1_27' title='bbox 971 492 986 520; x_wconf 90' lang='lat'>,·</span> <span class='ocrx_word' id='word_1_28' title='bbox 1004 476 1121 517; x_wconf 83' lang='lat' dir='ltr'>unde</span> <span class='ocrx_word' id='word_1_29' title='bbox 1141 482 1335 517; x_wconf 77' lang='lat' dir='ltr'><em>consortes</em></span> <span class='ocrx_word' id='word_1_30' title='bbox 1354 474 1536 526; x_wconf 77' lang='lat' dir='ltr'><em>dicimus,</em></span> <span class='ocrx_word' id='word_1_31' title='bbox 1553 476 1610 530; x_wconf 89' lang='lat' dir='ltr'>[F</span> <span class='ocrx_word' id='word_1_32' title='bbox 1616 486 1718 517; x_wconf 82' lang='lat' dir='ltr'><strong>EST.</strong></span> 
     </span>
     <span class='ocr_line' id='line_1_6' title="bbox 326 544 1639 600; baseline -0.005 -11"><span class='ocrx_word' id='word_1_33' title='bbox 326 552 370 588; x_wconf 85' lang='lat' dir='ltr'>et</span> <span class='ocrx_word' id='word_1_34' title='bbox 390 548 497 589; x_wconf 86' lang='lat' dir='ltr'>Deis</span> <span class='ocrx_word' id='word_1_35' title='bbox 514 552 528 576; x_wconf 87' lang='lat'><em>⁵</em></span> <span class='ocrx_word' id='word_1_36' title='bbox 550 559 807 599; x_wconf 77' lang='lat' dir='ltr'>responsam,</span> <span class='ocrx_word' id='word_1_37' title='bbox 830 552 867 585; x_wconf 83' lang='lat' dir='ltr'>et</span> <span class='ocrx_word' id='word_1_38' title='bbox 884 544 993 600; x_wconf 81' lang='lat' dir='ltr'>quod</span> <span class='ocrx_word' id='word_1_39' title='bbox 1012 545 1154 599; x_wconf 77' lang='lat' dir='ltr'>cuique</span> <span class='ocrx_word' id='word_1_40' title='bbox 1177 544 1340 585; x_wconf 82' lang='lat' dir='ltr'>accidit</span> <span class='ocrx_word' id='word_1_41' title='bbox 1356 546 1398 585; x_wconf 91' lang='lat' dir='ltr'>in</span> <span class='ocrx_word' id='word_1_42' title='bbox 1419 544 1639 585; x_wconf 78' lang='lat' dir='ltr'>sortiendo.</span> 
     </span>
     <span class='ocr_line' id='line_1_7' title="bbox 267 612 1714 666; baseline -0.002 -10"><span class='ocrx_word' id='word_1_43' title='bbox 267 615 500 657; x_wconf 84' lang='lat' dir='ltr'>Scrutillus</span> <span class='ocrx_word' id='word_1_44' title='bbox 514 613 560 638; x_wconf 81' lang='lat'>⁶¹¹</span> <span class='ocrx_word' id='word_1_45' title='bbox 583 618 735 654; x_wconf 84' lang='lat' dir='ltr'>venter</span> <span class='ocrx_word' id='word_1_46' title='bbox 756 613 914 653; x_wconf 86' lang='lat' dir='ltr'>suillus</span> <span class='ocrx_word' id='word_1_47' title='bbox 937 612 1114 654; x_wconf 88' lang='lat' dir='ltr'>condito</span> <span class='ocrx_word' id='word_1_48' title='bbox 1133 613 1244 653; x_wconf 79' lang='lat' dir='ltr'>farre</span> <span class='ocrx_word' id='word_1_49' title='bbox 1267 613 1485 666; x_wconf 85' lang='lat' dir='ltr'>expletus.</span> <span class='ocrx_word' id='word_1_50' title='bbox 1536 612 1714 666; x_wconf 69' lang='lat' dir='ltr'>[PAUL.</span> 
     </span>
     <span class='ocr_line' id='line_1_8' title="bbox 270 679 1714 736; baseline -0.001 -14"><span class='ocrx_word' id='word_1_51' title='bbox 270 681 488 724; x_wconf 75' lang='lat' dir='ltr'>Scrutillus</span> <span class='ocrx_word' id='word_1_52' title='bbox 509 680 806 736; x_wconf 80' lang='lat' dir='ltr'>appellabatur</span> <span class='ocrx_word' id='word_1_53' title='bbox 826 686 975 722; x_wconf 87' lang='lat' dir='ltr'>venter</span> <span class='ocrx_word' id='word_1_54' title='bbox 997 681 1168 730; x_wconf 83' lang='lat' dir='ltr'>suillus,</span> <span class='ocrx_word' id='word_1_55' title='bbox 1191 680 1361 721; x_wconf 78' lang='lat' dir='ltr'>condito</span> <span class='ocrx_word' id='word_1_56' title='bbox 1375 679 1503 736; x_wconf 80' lang='lat' dir='ltr'>farre</span> <span class='ocrx_word' id='word_1_57' title='bbox 1552 680 1714 731; x_wconf 80' lang='lat' dir='ltr'>[FEs&#39;r.</span> 
     </span>
    </p>
   </div>
   <div class='ocr_carea' id='block_1_3' title="bbox 322 747 1715 804">
    <p class='ocr_par' dir='ltr' id='par_1_4' title="bbox 322 747 1715 804">
     <span class='ocr_line' id='line_1_9' title="bbox 322 747 1715 804; baseline -0.003 -12"><span class='ocrx_word' id='word_1_58' title='bbox 322 750 511 804; x_wconf 57' lang='lat' dir='ltr'>expletus.</span> <span class='ocrx_word' id='word_1_59' title='bbox 553 750 763 791; x_wconf 80' lang='lat' dir='ltr'>Plautus:</span> <span class='ocrx_word' id='word_1_60' title='bbox 794 755 941 790; x_wconf 80' lang='lat' dir='ltr'>venter</span> <span class='ocrx_word' id='word_1_61' title='bbox 970 749 1127 790; x_wconf 86' lang='lat' dir='ltr'>suillus</span> <span class='ocrx_word' id='word_1_62' title='bbox 1144 754 1159 779; x_wconf 92' lang='lat'>⁷</span> <span class='ocrx_word' id='word_1_63' title='bbox 1181 749 1315 789; x_wconf 80' lang='lat' dir='ltr'>dicam</span> <span class='ocrx_word' id='word_1_64' title='bbox 1336 762 1407 788; x_wconf 76' lang='lat' dir='ltr'>suo</span> <span class='ocrx_word' id='word_1_65' title='bbox 1428 747 1584 788; x_wconf 80' lang='lat' dir='ltr'>nomine</span> <span class='ocrx_word' id='word_1_66' title='bbox 1604 762 1715 788; x_wconf 83' lang='lat' dir='ltr'>scru-</span> 
     </span>
    </p>
   </div>
   <div class='ocr_carea' id='block_1_4' title="bbox 321 818 808 927">
    <p class='ocr_par' dir='ltr' id='par_1_5' title="bbox 321 818 808 927">
     <span class='ocr_line' id='line_1_10' title="bbox 321 818 808 871; baseline -0.004 -11"><span class='ocrx_word' id='word_1_67' title='bbox 321 819 461 860; x_wconf 86' lang='lat' dir='ltr'>tillum</span> <span class='ocrx_word' id='word_1_68' title='bbox 485 831 564 871; x_wconf 85' lang='lat' dir='ltr'>ego</span> <span class='ocrx_word' id='word_1_69' title='bbox 587 831 656 858; x_wconf 87' lang='lat' dir='ltr'>me</span> <span class='ocrx_word' id='word_1_70' title='bbox 678 818 808 859; x_wconf 88' lang='lat' dir='ltr'>hodie</span> 
     </span>
     <span class='ocr_line' id='line_1_11' title="bbox 322 886 782 927; baseline 0 -2"><span class='ocrx_word' id='word_1_71' title='bbox 322 900 441 927; x_wconf 81' lang='lat' dir='ltr'>mesa</span> <span class='ocrx_word' id='word_1_72' title='bbox 458 886 567 927; x_wconf 85' lang='lat' dir='ltr'>farte</span> <span class='ocrx_word' id='word_1_73' title='bbox 589 887 782 926; x_wconf 82' lang='lat' dir='ltr'>biberem</span> 
     </span>
    </p>
   </div>
   <div class='ocr_carea' id='block_1_5' title="bbox 1256 815 1714 871">
    <p class='ocr_par' dir='ltr' id='par_1_6' title="bbox 1256 815 1714 871">
     <span class='ocr_line' id='line_1_12' title="bbox 1256 815 1714 871; baseline 0 -15"><span class='ocrx_word' id='word_1_74' title='bbox 1256 848 1265 857; x_wconf 90' lang='lat'>.</span> <span class='ocrx_word' id='word_1_75' title='bbox 1326 816 1360 856; x_wconf 81' lang='lat' dir='ltr'>sz&#39;</span> <span class='ocrx_word' id='word_1_76' title='bbox 1394 815 1494 871; x_wconf 79' lang='lat' dir='ltr'>quid</span> <span class='ocrx_word' id='word_1_77' title='bbox 1522 822 1619 856; x_wconf 83' lang='lat' dir='ltr'>esset</span> <span class='ocrx_word' id='word_1_78' title='bbox 1652 830 1714 856; x_wconf 80' lang='lat' dir='ltr'>co·</span> 
     </span>
    </p>
   </div>
   <div class='ocr_carea' id='block_1_6' title="bbox 264 950 1711 1144">
    <p class='ocr_par' dir='ltr' id='par_1_7' title="bbox 264 950 1711 1144">
     <span class='ocr_line' id='line_1_13' title="bbox 264 950 1711 1008; baseline -0.003 -12"><span class='ocrx_word' id='word_1_79' title='bbox 264 954 351 996; x_wconf 87' lang='lat' dir='ltr'>Sos</span> <span class='ocrx_word' id='word_1_80' title='bbox 368 960 383 976; x_wconf 89' lang='lat'>⁰</span> <span class='ocrx_word' id='word_1_81' title='bbox 406 968 485 1008; x_wconf 86' lang='lat' dir='ltr'>pro</span> <span class='ocrx_word' id='word_1_82' title='bbox 503 968 580 995; x_wconf 84' lang='lat' dir='ltr'>eos</span> <span class='ocrx_word' id='word_1_83' title='bbox 603 954 768 1008; x_wconf 79' lang='lat' dir='ltr'>antiqui</span> <span class='ocrx_word' id='word_1_84' title='bbox 784 954 1002 1002; x_wconf 79' lang='lat' dir='ltr'>dicebant,</span> <span class='ocrx_word' id='word_1_85' title='bbox 1020 957 1071 993; x_wconf 83' lang='lat' dir='ltr'>ut</span> <span class='ocrx_word' id='word_1_86' title='bbox 1088 952 1250 993; x_wconf 85' lang='lat' dir='ltr'>Ennius</span> <span class='ocrx_word' id='word_1_87' title='bbox 1267 952 1381 993; x_wconf 90' lang='lat' dir='ltr'>libro</span> <span class='ocrx_word' id='word_1_88' title='bbox 1396 953 1535 1006; x_wconf 88' lang='lat' dir='ltr'>primo</span> <span class='ocrx_word' id='word_1_89' title='bbox 1555 965 1563 989; x_wconf 89' lang='lat'><strong>:</strong></span> <span class='ocrx_word' id='word_1_90' title='bbox 1597 950 1711 992; x_wconf 88' lang='lat' dir='ltr'>Con-</span> 
     </span>
     <span class='ocr_line' id='line_1_14' title="bbox 320 1020 1710 1076; baseline -0.003 -13"><span class='ocrx_word' id='word_1_91' title='bbox 320 1024 432 1063; x_wconf 86' lang='lat' dir='ltr'>stitit</span> <span class='ocrx_word' id='word_1_92' title='bbox 448 1023 548 1063; x_wconf 89' lang='lat' dir='ltr'>inde</span> <span class='ocrx_word' id='word_1_93' title='bbox 570 1023 660 1063; x_wconf 87' lang='lat' dir='ltr'>loci</span> <span class='ocrx_word' id='word_1_94' title='bbox 678 1027 861 1076; x_wconf 88' lang='lat' dir='ltr'>propter</span> <span class='ocrx_word' id='word_1_95' title='bbox 878 1035 951 1063; x_wconf 88' lang='lat' dir='ltr'>sos</span> <span class='ocrx_word' id='word_1_96' title='bbox 973 1021 1072 1062; x_wconf 84' lang='lat' dir='ltr'>Dea</span> <span class='ocrx_word' id='word_1_97' title='bbox 1096 1020 1323 1062; x_wconf 78' lang='lat' dir='ltr'>Dearum.8</span> <span class='ocrx_word' id='word_1_98' title='bbox 1356 1021 1413 1061; x_wconf 90' lang='lat' dir='ltr'>Et</span> <span class='ocrx_word' id='word_1_99' title='bbox 1428 1020 1537 1060; x_wconf 87' lang='lat' dir='ltr'>libro</span> <span class='ocrx_word' id='word_1_100' title='bbox 1555 1020 1681 1060; x_wconf 90' lang='lat' dir='ltr'>tertio</span> <span class='ocrx_word' id='word_1_101' title='bbox 1700 1033 1710 1069; x_wconf 91' lang='grc'>;</span> 
     </span>
     <span class='ocr_line' id='line_1_15' title="bbox 319 1088 1710 1144; baseline -0.003 -13"><span class='ocrx_word' id='word_1_102' title='bbox 319 1090 497 1132; x_wconf 88' lang='lat' dir='ltr'>Circum</span> <span class='ocrx_word' id='word_1_103' title='bbox 513 1103 679 1144; x_wconf 88' lang='lat' dir='ltr'>sosque</span> <span class='ocrx_word' id='word_1_104' title='bbox 698 1095 794 1131; x_wconf 85' lang='lat' dir='ltr'>sunt</span> <span class='ocrx_word' id='word_1_105' title='bbox 810 1102 980 1143; x_wconf 83' lang='lat' dir='ltr'>magnae</span> <span class='ocrx_word' id='word_1_106' title='bbox 1003 1092 1153 1142; x_wconf 85' lang='lat' dir='ltr'>gentes</span> <span class='ocrx_word' id='word_1_107' title='bbox 1174 1089 1410 1142; x_wconf 85' lang='lat' dir='ltr'>opulentae.</span> <span class='ocrx_word' id='word_1_108' title='bbox 1459 1088 1594 1128; x_wconf 87' lang='lat' dir='ltr'>Libro</span> <span class='ocrx_word' id='word_1_109' title='bbox 1611 1101 1710 1140; x_wconf 85' lang='lat' dir='ltr'>sep-</span> 
     </span>
    </p>
   </div>
   <div class='ocr_carea' id='block_1_7' title="bbox 319 1155 1710 1267">
    <p class='ocr_par' dir='ltr' id='par_1_8' title="bbox 319 1155 1710 1267">
     <span class='ocr_line' id='line_1_16' title="bbox 319 1155 1574 1205; baseline -0.005 -6"><span class='ocrx_word' id='word_1_110' title='bbox 319 1159 450 1200; x_wconf 83' lang='lat' dir='ltr'>timo:</span> <span class='ocrx_word' id='word_1_111' title='bbox 486 1159 602 1200; x_wconf 89' lang='lat' dir='ltr'>Dum</span> <span class='ocrx_word' id='word_1_112' title='bbox 627 1164 809 1199; x_wconf 85' lang='lat' dir='ltr'>censent</span> <span class='ocrx_word' id='word_1_113' title='bbox 828 1163 989 1198; x_wconf 87' lang='lat' dir='ltr'>terrere</span> <span class='ocrx_word' id='word_1_114' title='bbox 1011 1156 1156 1205; x_wconf 86' lang='lat' dir='ltr'>minis,</span> <span class='ocrx_word' id='word_1_115' title='bbox 1176 1155 1457 1196; x_wconf 84' lang='lat' dir='ltr'>hortanturve</span> <span class='ocrx_word' id='word_1_116' title='bbox 1483 1168 1574 1195; x_wconf 81' lang='lat' dir='ltr'>sos.</span> 
     </span>
     <span class='ocr_line' id='line_1_17' title="bbox 731 1223 1710 1267; baseline -0.003 -1"><span class='ocrx_word' id='word_1_117' title='bbox 731 1225 993 1267; x_wconf 86' lang='lat' dir='ltr'>contendunt</span> <span class='ocrx_word' id='word_1_118' title='bbox 1040 1223 1233 1265; x_wconf 79' lang='lat' dir='ltr'>Graiosp</span> <span class='ocrx_word' id='word_1_119' title='bbox 1251 1224 1438 1265; x_wconf 80' lang='lat' dir='ltr'>Graecos</span> <span class='ocrx_word' id='word_1_120' title='bbox 1472 1236 1710 1264; x_wconf 85' lang='lat' dir='ltr'>memorare</span> 
     </span>
    </p>
   </div>
   <div class='ocr_carea' id='block_1_8' title="bbox 317 1226 682 1272">
    <p class='ocr_par' dir='ltr' id='par_1_9' title="bbox 317 1226 682 1272">
     <span class='ocr_line' id='line_1_18' title="bbox 317 1226 682 1272; baseline -0.005 -4"><span class='ocrx_word' id='word_1_121' title='bbox 317 1228 396 1268; x_wconf 91' lang='lat' dir='ltr'>bro</span> <span class='ocrx_word' id='word_1_122' title='bbox 431 1226 682 1272; x_wconf 87' lang='lat' dir='ltr'>undecimo,</span> 
     </span>
    </p>
   </div>
   <div class='ocr_carea' id='block_1_9' title="bbox 1636 1154 1711 1195">
    <p class='ocr_par' dir='ltr' id='par_1_10' title="bbox 1636 1154 1711 1195">
     <span class='ocr_line' id='line_1_19' title="bbox 1636 1154 1711 1195; baseline 0 0"><span class='ocrx_word' id='word_1_123' title='bbox 1636 1154 1711 1195; x_wconf 90' lang='lat' dir='ltr'>Li-</span> 
     </span>
    </p>
   </div>
   <div class='ocr_carea' id='block_1_10' title="bbox 316 1291 1709 1414">
    <p class='ocr_par' dir='ltr' id='par_1_11' title="bbox 316 1291 1709 1414">
     <span class='ocr_line' id='line_1_20' title="bbox 319 1291 1709 1347; baseline -0.003 -12"><span class='ocrx_word' id='word_1_124' title='bbox 319 1296 465 1335; x_wconf 84' lang='lat' dir='ltr'>solent</span> <span class='ocrx_word' id='word_1_125' title='bbox 485 1308 561 1335; x_wconf 84' lang='lat' dir='ltr'>sos</span> <span class='ocrx_word' id='word_1_126' title='bbox 580 1308 590 1335; x_wconf 92' lang='lat'>:</span> <span class='ocrx_word' id='word_1_127' title='bbox 608 1294 819 1335; x_wconf 86' lang='lat' dir='ltr'>interdum</span> <span class='ocrx_word' id='word_1_128' title='bbox 843 1307 922 1347; x_wconf 85' lang='lat' dir='ltr'>pro</span> <span class='ocrx_word' id='word_1_129' title='bbox 938 1306 1047 1334; x_wconf 87' lang='lat' dir='ltr'>suos</span> <span class='ocrx_word' id='word_1_130' title='bbox 1064 1298 1079 1321; x_wconf 82' lang='lat'>‘¹</span> <span class='ocrx_word' id='word_1_131' title='bbox 1102 1294 1336 1346; x_wconf 82' lang='lat' dir='ltr'>ponebant,</span> <span class='ocrx_word' id='word_1_132' title='bbox 1357 1296 1404 1333; x_wconf 91' lang='lat' dir='ltr'>ut</span> <span class='ocrx_word' id='word_1_133' title='bbox 1421 1305 1520 1332; x_wconf 91' lang='lat' dir='ltr'>cum</span> <span class='ocrx_word' id='word_1_134' title='bbox 1541 1304 1616 1345; x_wconf 90' lang='lat' dir='ltr'>per</span> <span class='ocrx_word' id='word_1_135' title='bbox 1633 1291 1709 1332; x_wconf 80' lang='lat' dir='ltr'>da-</span> 
     </span>
     <span class='ocr_line' id='line_1_21' title="bbox 316 1359 1707 1414; baseline -0.002 -11"><span class='ocrx_word' id='word_1_136' title='bbox 316 1364 452 1403; x_wconf 86' lang='lat' dir='ltr'>tivum</span> <span class='ocrx_word' id='word_1_137' title='bbox 475 1376 642 1411; x_wconf 77' lang='lat' dir='ltr'>casum,</span> <span class='ocrx_word' id='word_1_138' title='bbox 664 1362 777 1402; x_wconf 85' lang='lat' dir='ltr'>idem</span> <span class='ocrx_word' id='word_1_139' title='bbox 810 1362 977 1402; x_wconf 85' lang='lat' dir='ltr'>Ennius</span> <span class='ocrx_word' id='word_1_140' title='bbox 999 1361 1145 1401; x_wconf 86' lang='lat' dir='ltr'>effert:</span> <span class='ocrx_word' id='word_1_141' title='bbox 1180 1361 1425 1414; x_wconf 80' lang='lat' dir='ltr'>Postquam</span> <span class='ocrx_word' id='word_1_142' title='bbox 1457 1359 1622 1400; x_wconf 82' lang='lat' dir='ltr'>lumina</span> <span class='ocrx_word' id='word_1_143' title='bbox 1645 1361 1707 1400; x_wconf 80' lang='lat' dir='ltr'>sis</span> 
     </span>
    </p>
   </div>
   <div class='ocr_carea' id='block_1_11' title="bbox 260 1429 1707 1552">
    <p class='ocr_par' dir='ltr' id='par_1_12' title="bbox 260 1429 1707 1552">
     <span class='ocr_line' id='line_1_22' title="bbox 318 1429 1007 1483; baseline -0.003 -11"><span class='ocrx_word' id='word_1_144' title='bbox 318 1431 460 1472; x_wconf 77' lang='lat' dir='ltr'>oculis</span> <span class='ocrx_word' id='word_1_145' title='bbox 481 1431 621 1471; x_wconf 86' lang='lat' dir='ltr'>bonus</span> <span class='ocrx_word' id='word_1_146' title='bbox 643 1429 797 1471; x_wconf 86' lang='lat' dir='ltr'>Ancus</span> <span class='ocrx_word' id='word_1_147' title='bbox 818 1429 1007 1483; x_wconf 89' lang='lat' dir='ltr'>reliquit.</span> 
     </span>
     <span class='ocr_line' id='line_1_23' title="bbox 260 1494 1707 1552; baseline -0.004 -12"><span class='ocrx_word' id='word_1_148' title='bbox 260 1500 345 1541; x_wconf 86' lang='lat' dir='ltr'>Sos</span> <span class='ocrx_word' id='word_1_149' title='bbox 366 1512 445 1552; x_wconf 91' lang='lat' dir='ltr'>pro</span> <span class='ocrx_word' id='word_1_150' title='bbox 467 1512 543 1539; x_wconf 87' lang='lat' dir='ltr'>eos</span> <span class='ocrx_word' id='word_1_151' title='bbox 566 1499 732 1552; x_wconf 81' lang='lat' dir='ltr'>antiqui</span> <span class='ocrx_word' id='word_1_152' title='bbox 753 1498 975 1543; x_wconf 79' lang='lat' dir='ltr'>dicebant,</span> <span class='ocrx_word' id='word_1_153' title='bbox 993 1501 1039 1538; x_wconf 90' lang='lat' dir='ltr'>ut</span> <span class='ocrx_word' id='word_1_154' title='bbox 1061 1496 1256 1537; x_wconf 86' lang='lat' dir='ltr'>Ennius:</span> <span class='ocrx_word' id='word_1_155' title='bbox 1282 1494 1488 1536; x_wconf 82' lang='lat' dir='ltr'>Constitit</span> <span class='ocrx_word' id='word_1_156' title='bbox 1528 1494 1707 1546; x_wconf 75' lang='lat' dir='ltr'>[PAUL-</span> 
     </span>
    </p>
   </div>
   <div class='ocr_carea' id='block_1_12' title="bbox 316 1563 1704 1621">
    <p class='ocr_par' dir='ltr' id='par_1_13' title="bbox 316 1563 1704 1621">
     <span class='ocr_line' id='line_1_24' title="bbox 316 1563 1704 1621; baseline -0.004 -13"><span class='ocrx_word' id='word_1_157' title='bbox 316 1568 419 1609; x_wconf 91' lang='lat' dir='ltr'>inde</span> <span class='ocrx_word' id='word_1_158' title='bbox 447 1567 531 1608; x_wconf 86' lang='lat' dir='ltr'>loci</span> <span class='ocrx_word' id='word_1_159' title='bbox 550 1571 724 1621; x_wconf 87' lang='lat' dir='ltr'>propter</span> <span class='ocrx_word' id='word_1_160' title='bbox 745 1580 818 1608; x_wconf 83' lang='lat' dir='ltr'>sos</span> <span class='ocrx_word' id='word_1_161' title='bbox 852 1566 967 1607; x_wconf 83' lang='lat' dir='ltr'>dea⁹</span> <span class='ocrx_word' id='word_1_162' title='bbox 996 1565 1194 1607; x_wconf 82' lang='lat' dir='ltr'>dearum.</span> <span class='ocrx_word' id='word_1_163' title='bbox 1255 1563 1341 1605; x_wconf 88' lang='lat' dir='ltr'>Sos</span> <span class='ocrx_word' id='word_1_164' title='bbox 1375 1563 1587 1604; x_wconf 89' lang='lat' dir='ltr'>interdum</span> <span class='ocrx_word' id='word_1_165' title='bbox 1623 1576 1704 1616; x_wconf 88' lang='lat' dir='ltr'>pro</span> 
     </span>
    </p>
   </div>
   <div class='ocr_carea' id='block_1_13' title="bbox 862 1674 1002 1686">
    <p class='ocr_par' dir='ltr' id='par_1_14' title="bbox 862 1674 1002 1686">
     <span class='ocr_line' id='line_1_25' title="bbox 862 1674 1002 1686; baseline 0 0"><span class='ocrx_word' id='word_1_166' title='bbox 862 1674 1002 1686; x_wconf 46' lang='lat' dir='ltr'>“effe“</span> 
     </span>
    </p>
   </div>
   <div class='ocr_carea' id='block_1_14' title="bbox 1004 1675 1101 1687">
    <p class='ocr_par' dir='ltr' id='par_1_15' title="bbox 1004 1675 1101 1687">
     <span class='ocr_line' id='line_1_26' title="bbox 1004 1675 1101 1687; baseline 0 -1"><span class='ocrx_word' id='word_1_167' title='bbox 1004 1675 1101 1687; x_wconf 59' lang='lat' dir='ltr'>evenne</span> 
     </span>
    </p>
   </div>
   <div class='ocr_carea' id='block_1_15' title="bbox 255 1746 1704 1877">
    <p class='ocr_par' dir='ltr' id='par_1_16' title="bbox 255 1746 1704 1877">
     <span class='ocr_line' id='line_1_27' title="bbox 301 1746 1704 1789; baseline -0.003 -7"><span class='ocrx_word' id='word_1_168' title='bbox 301 1757 319 1783; x_wconf 87' lang='lat'>5</span> <span class='ocrx_word' id='word_1_169' title='bbox 343 1752 405 1782; x_wconf 98' lang='lat' dir='ltr'>Vir</span> <span class='ocrx_word' id='word_1_170' title='bbox 423 1751 513 1783; x_wconf 80' lang='lat' dir='ltr'>doct.</span> <span class='ocrx_word' id='word_1_171' title='bbox 530 1751 562 1781; x_wconf 91' lang='lat' dir='ltr'>in</span> <span class='ocrx_word' id='word_1_172' title='bbox 580 1760 688 1789; x_wconf 79' lang='lat' dir='ltr'>marg.</span> <span class='ocrx_word' id='word_1_173' title='bbox 700 1750 753 1781; x_wconf 83' lang='lat' dir='ltr'>ed.</span> <span class='ocrx_word' id='word_1_174' title='bbox 769 1751 859 1783; x_wconf 89' lang='lat' dir='ltr'><strong>Scal.</strong></span> <span class='ocrx_word' id='word_1_175' title='bbox 876 1751 1018 1783; x_wconf 83' lang='lat' dir='ltr'>Dei.—6</span> <span class='ocrx_word' id='word_1_176' title='bbox 1043 1750 1128 1782; x_wconf 84' lang='lat' dir='ltr'>Ead.</span> <span class='ocrx_word' id='word_1_177' title='bbox 1145 1748 1199 1780; x_wconf 84' lang='lat' dir='ltr'>ed.</span> <span class='ocrx_word' id='word_1_178' title='bbox 1229 1748 1261 1779; x_wconf 88' lang='lat' dir='ltr'>in</span> <span class='ocrx_word' id='word_1_179' title='bbox 1292 1752 1456 1779; x_wconf 87' lang='lat' dir='ltr'>contextu</span> <span class='ocrx_word' id='word_1_180' title='bbox 1472 1746 1577 1777; x_wconf 88' lang='lat' dir='ltr'>habet</span> <span class='ocrx_word' id='word_1_181' title='bbox 1593 1746 1704 1778; x_wconf 80' lang='lat' dir='ltr'>Sortu—</span> 
     </span>
     <span class='ocr_line' id='line_1_28' title="bbox 258 1790 1703 1828; baseline -0.006 -1"><span class='ocrx_word' id='word_1_182' title='bbox 258 1796 420 1828; x_wconf 76' lang='lat' dir='ltr'>tillus.—7</span> <span class='ocrx_word' id='word_1_183' title='bbox 446 1793 599 1826; x_wconf 84' lang='lat' dir='ltr'>Ead.ed.</span> <span class='ocrx_word' id='word_1_184' title='bbox 625 1795 732 1825; x_wconf 81' lang='lat' dir='ltr'>sullus.</span> <span class='ocrx_word' id='word_1_185' title='bbox 778 1795 867 1825; x_wconf 81' lang='lat' dir='ltr'>Vide</span> <span class='ocrx_word' id='word_1_186' title='bbox 889 1794 1056 1826; x_wconf 87' lang='lat' dir='ltr'>infra.—8</span> <span class='ocrx_word' id='word_1_187' title='bbox 1080 1794 1158 1824; x_wconf 89' lang='lat' dir='ltr'>Vet.</span> <span class='ocrx_word' id='word_1_188' title='bbox 1183 1792 1240 1823; x_wconf 82' lang='lat' dir='ltr'>lib.</span> <span class='ocrx_word' id='word_1_189' title='bbox 1267 1793 1324 1822; x_wconf 79' lang='lat' dir='ltr'>dea</span> <span class='ocrx_word' id='word_1_190' title='bbox 1347 1792 1480 1821; x_wconf 81' lang='lat' dir='ltr'>diarum.</span> <span class='ocrx_word' id='word_1_191' title='bbox 1526 1790 1605 1822; x_wconf 87' lang='lat' dir='ltr'>Vet.</span> <span class='ocrx_word' id='word_1_192' title='bbox 1629 1790 1703 1821; x_wconf 83' lang='lat' dir='ltr'>cod.</span> 
     </span>
     <span class='ocr_line' id='line_1_29' title="bbox 255 1833 1499 1877; baseline -0.006 -7"><span class='ocrx_word' id='word_1_193' title='bbox 255 1841 308 1870; x_wconf 75' lang='lat' dir='ltr'>dia</span> <span class='ocrx_word' id='word_1_194' title='bbox 323 1841 459 1870; x_wconf 82' lang='lat' dir='ltr'>dearum.</span> <span class='ocrx_word' id='word_1_195' title='bbox 505 1837 592 1868; x_wconf 87' lang='lat' dir='ltr'>Vide</span> <span class='ocrx_word' id='word_1_196' title='bbox 607 1836 769 1868; x_wconf 54' lang='lat' dir='ltr'>infra—9</span> <span class='ocrx_word' id='word_1_197' title='bbox 794 1838 856 1869; x_wconf 86' lang='lat' dir='ltr'>Vir</span> <span class='ocrx_word' id='word_1_198' title='bbox 872 1837 965 1870; x_wconf 88' lang='lat' dir='ltr'>doct.</span> <span class='ocrx_word' id='word_1_199' title='bbox 983 1839 1015 1868; x_wconf 91' lang='lat' dir='ltr'>in</span> <span class='ocrx_word' id='word_1_200' title='bbox 1033 1846 1139 1877; x_wconf 87' lang='lat' dir='ltr'>marg.</span> <span class='ocrx_word' id='word_1_201' title='bbox 1152 1835 1206 1866; x_wconf 85' lang='lat' dir='ltr'>ed.</span> <span class='ocrx_word' id='word_1_202' title='bbox 1223 1834 1312 1866; x_wconf 86' lang='lat' dir='ltr'><strong>Scal.</strong></span> <span class='ocrx_word' id='word_1_203' title='bbox 1331 1833 1419 1874; x_wconf 86' lang='lat' dir='ltr'>conj.</span> <span class='ocrx_word' id='word_1_204' title='bbox 1435 1833 1499 1863; x_wconf 80' lang='lat' dir='ltr'>dia.</span> 
     </span>
    </p>
   </div>
   <div class='ocr_carea' id='block_1_16' title="bbox 910 1954 1049 1986">
    <p class='ocr_par' dir='ltr' id='par_1_17' title="bbox 910 1954 1049 1986">
     <span class='ocr_line' id='line_1_30' title="bbox 910 1954 1049 1986; baseline -0.007 0"><span class='ocrx_word' id='word_1_205' title='bbox 910 1954 1049 1986; x_wconf 79' lang='lat' dir='ltr'>NOTAE</span> 
     </span>
    </p>
   </div>
   <div class='ocr_carea' id='block_1_17' title="bbox 245 2039 950 2780">
    <p class='ocr_par' dir='ltr' id='par_1_18' title="bbox 248 2039 950 2281">
     <span class='ocr_line' id='line_1_31' title="bbox 296 2039 950 2080; baseline 0 -9"><span class='ocrx_word' id='word_1_206' title='bbox 296 2046 316 2060; x_wconf 89' lang='lat'>¹¹¹</span> <span class='ocrx_word' id='word_1_207' title='bbox 328 2040 418 2080; x_wconf 86' lang='lat' dir='ltr'>Sors]</span> <span class='ocrx_word' id='word_1_208' title='bbox 434 2041 521 2071; x_wconf 77' lang='lat' dir='ltr'>vide</span> <span class='ocrx_word' id='word_1_209' title='bbox 536 2042 544 2057; x_wconf 91' lang='lat'>‘</span> <span class='ocrx_word' id='word_1_210' title='bbox 557 2039 792 2079; x_wconf 86' lang='lat' dir='ltr'>desertiones‚’</span> <span class='ocrx_word' id='word_1_211' title='bbox 804 2045 838 2071; x_wconf 78' lang='lat' dir='ltr'>et</span> <span class='ocrx_word' id='word_1_212' title='bbox 851 2045 859 2059; x_wconf 87' lang='lat'><em>‘</em></span> <span class='ocrx_word' id='word_1_213' title='bbox 870 2041 950 2071; x_wconf 90' lang='lat' dir='ltr'>Erc-</span> 
     </span>
     <span class='ocr_line' id='line_1_32' title="bbox 255 2091 948 2132; baseline -0.001 -9"><span class='ocrx_word' id='word_1_214' title='bbox 255 2091 349 2123; x_wconf 77' lang='lat' dir='ltr'>tum.’</span> <span class='ocrx_word' id='word_1_215' title='bbox 396 2092 449 2122; x_wconf 85' lang='lat' dir='ltr'>Sic</span> <span class='ocrx_word' id='word_1_216' title='bbox 467 2092 600 2123; x_wconf 85' lang='lat' dir='ltr'>Graecis</span> <span class='ocrx_word' id='word_1_217' title='bbox 614 2092 740 2131; x_wconf 79' lang='grc' dir='ltr'>κλῆρος,</span> <span class='ocrx_word' id='word_1_218' title='bbox 758 2096 792 2122; x_wconf 90' lang='lat' dir='ltr'>et</span> <span class='ocrx_word' id='word_1_219' title='bbox 807 2101 867 2132; x_wconf 84' lang='lat' dir='ltr'>pro</span> <span class='ocrx_word' id='word_1_220' title='bbox 884 2093 948 2122; x_wconf 78' lang='lat' dir='ltr'>hae-</span> 
     </span>
     <span class='ocr_line' id='line_1_33' title="bbox 252 2142 949 2183; baseline 0.001 -11"><span class='ocrx_word' id='word_1_221' title='bbox 252 2142 412 2181; x_wconf 74' lang='lat' dir='ltr'>reditate,</span> <span class='ocrx_word' id='word_1_222' title='bbox 443 2147 478 2172; x_wconf 86' lang='lat' dir='ltr'>et</span> <span class='ocrx_word' id='word_1_223' title='bbox 509 2151 569 2182; x_wconf 85' lang='lat' dir='ltr'>pro</span> <span class='ocrx_word' id='word_1_224' title='bbox 600 2142 750 2172; x_wconf 83' lang='lat' dir='ltr'>Deorum</span> <span class='ocrx_word' id='word_1_225' title='bbox 781 2144 949 2183; x_wconf 75' lang='lat' dir='ltr'>responsis</span> 
     </span>
     <span class='ocr_line' id='line_1_34' title="bbox 252 2192 948 2234; baseline 0.003 -12"><span class='ocrx_word' id='word_1_226' title='bbox 252 2192 406 2230; x_wconf 85' lang='lat' dir='ltr'>sumitur,</span> <span class='ocrx_word' id='word_1_227' title='bbox 436 2197 471 2223; x_wconf 85' lang='lat' dir='ltr'>et</span> <span class='ocrx_word' id='word_1_228' title='bbox 502 2201 562 2232; x_wconf 88' lang='lat' dir='ltr'>pro</span> <span class='ocrx_word' id='word_1_229' title='bbox 589 2202 629 2223; x_wconf 80' lang='lat' dir='ltr'>eo</span> <span class='ocrx_word' id='word_1_230' title='bbox 654 2193 742 2233; x_wconf 87' lang='lat' dir='ltr'>quod</span> <span class='ocrx_word' id='word_1_231' title='bbox 765 2194 888 2234; x_wconf 87' lang='lat' dir='ltr'>cuique</span> <span class='ocrx_word' id='word_1_232' title='bbox 914 2194 948 2224; x_wconf 88' lang='lat' dir='ltr'>in</span> 
     </span>
     <span class='ocr_line' id='line_1_35' title="bbox 248 2241 715 2281; baseline 0.002 -9"><span class='ocrx_word' id='word_1_233' title='bbox 248 2241 421 2273; x_wconf 88' lang='lat' dir='ltr'>sortiendo</span> <span class='ocrx_word' id='word_1_234' title='bbox 437 2242 593 2281; x_wconf 81' lang='lat' dir='ltr'>contigit.</span> <span class='ocrx_word' id='word_1_235' title='bbox 618 2242 715 2273; x_wconf 76' lang='lat' dir='ltr'>Idem.</span> 
     </span>
    </p>

    <p class='ocr_par' dir='ltr' id='par_1_19' title="bbox 249 2292 947 2474">
     <span class='ocr_line' id='line_1_36' title="bbox 293 2292 947 2333; baseline 0.002 -9"><span class='ocrx_word' id='word_1_236' title='bbox 293 2299 306 2313; x_wconf 92' lang='lat'>¹¹</span> <span class='ocrx_word' id='word_1_237' title='bbox 343 2292 564 2333; x_wconf 74' lang='lat' dir='ltr'>[Sartutillus]</span> <span class='ocrx_word' id='word_1_238' title='bbox 591 2293 733 2324; x_wconf 78' lang='lat' dir='ltr'>Veteres</span> <span class='ocrx_word' id='word_1_239' title='bbox 769 2293 947 2331; x_wconf 77' lang='lat' dir='ltr'>editiones.</span> 
     </span>
     <span class='ocr_line' id='line_1_37' title="bbox 250 2343 946 2384; baseline 0 -11"><span class='ocrx_word' id='word_1_240' title='bbox 250 2344 438 2375; x_wconf 80' lang='lat' dir='ltr'>Scrutillus:</span> <span class='ocrx_word' id='word_1_241' title='bbox 462 2343 551 2384; x_wconf 87' lang='lat' dir='ltr'>quod</span> <span class='ocrx_word' id='word_1_242' title='bbox 572 2353 684 2374; x_wconf 85' lang='lat' dir='ltr'>verum</span> <span class='ocrx_word' id='word_1_243' title='bbox 697 2350 760 2375; x_wconf 86' lang='lat' dir='ltr'>est.</span> <span class='ocrx_word' id='word_1_244' title='bbox 786 2344 946 2378; x_wconf 58' lang='lat' dir='ltr'>Isidorus,</span> 
     </span>
     <span class='ocr_line' id='line_1_38' title="bbox 250 2393 946 2433; baseline 0.003 -10"><span class='ocrx_word' id='word_1_245' title='bbox 250 2393 463 2433; x_wconf 82' lang='lat' dir='ltr'>‘Scrutillus,</span> <span class='ocrx_word' id='word_1_246' title='bbox 493 2394 697 2424; x_wconf 82' lang='lat' dir='ltr'>ventriculus</span> <span class='ocrx_word' id='word_1_247' title='bbox 723 2394 856 2426; x_wconf 55' lang='lat' dir='ltr'>fartus?</span> <span class='ocrx_word' id='word_1_248' title='bbox 876 2396 946 2425; x_wconf 84' lang='lat' dir='ltr'>va.</span> 
     </span>
     <span class='ocr_line' id='line_1_39' title="bbox 249 2443 332 2474; baseline 0 -1"><span class='ocrx_word' id='word_1_249' title='bbox 249 2443 332 2474; x_wconf 76' lang='lat' dir='ltr'><em>Scal.</em></span> 
     </span>
    </p>

    <p class='ocr_par' dir='ltr' id='par_1_20' title="bbox 245 2496 946 2780">
     <span class='ocr_line' id='line_1_40' title="bbox 293 2496 946 2537; baseline 0.003 -11"><span class='ocrx_word' id='word_1_250' title='bbox 293 2496 475 2536; x_wconf 77' lang='lat' dir='ltr'>Scrntillus]</span> <span class='ocrx_word' id='word_1_251' title='bbox 501 2496 614 2526; x_wconf 77' lang='lat' dir='ltr'>Plauti</span> <span class='ocrx_word' id='word_1_252' title='bbox 629 2496 719 2527; x_wconf 78' lang='lat' dir='ltr'>iocus</span> <span class='ocrx_word' id='word_1_253' title='bbox 736 2496 946 2537; x_wconf 79' lang='lat' dir='ltr'>deploratus.</span> 
     </span>
     <span class='ocr_line' id='line_1_41' title="bbox 250 2546 944 2588; baseline 0 -10"><span class='ocrx_word' id='word_1_254' title='bbox 250 2549 342 2588; x_wconf 77' lang='lat' dir='ltr'>Lego</span> <span class='ocrx_word' id='word_1_255' title='bbox 360 2553 472 2577; x_wconf 82' lang='lat' dir='ltr'>tamen</span> <span class='ocrx_word' id='word_1_256' title='bbox 489 2547 517 2576; x_wconf 82' lang='lat' dir='ltr'>si</span> <span class='ocrx_word' id='word_1_257' title='bbox 535 2546 610 2585; x_wconf 79' lang='lat' dir='ltr'>quid</span> <span class='ocrx_word' id='word_1_258' title='bbox 630 2556 736 2585; x_wconf 80' lang='lat' dir='ltr'>essem,</span> <span class='ocrx_word' id='word_1_259' title='bbox 753 2549 804 2587; x_wconf 57' lang='lat'><em>251:-</em></span> <span class='ocrx_word' id='word_1_260' title='bbox 848 2548 944 2579; x_wconf 82' lang='lat' dir='ltr'>Scru-</span> 
     </span>
     <span class='ocr_line' id='line_1_42' title="bbox 248 2597 945 2630; baseline 0.003 -2"><span class='ocrx_word' id='word_1_261' title='bbox 248 2599 334 2628; x_wconf 81' lang='lat' dir='ltr'>Iz&#39;Ilus</span> <span class='ocrx_word' id='word_1_262' title='bbox 371 2607 389 2627; x_wconf 87' lang='lat' dir='ltr'>a</span> <span class='ocrx_word' id='word_1_263' title='bbox 421 2597 585 2627; x_wconf 70' lang='lat' dir='ltr'>scrutalus.</span> <span class='ocrx_word' id='word_1_264' title='bbox 646 2598 758 2627; x_wconf 72' lang='lat' dir='ltr'>Gloss.</span> <span class='ocrx_word' id='word_1_265' title='bbox 798 2598 945 2630; x_wconf 77' lang='lat' dir='ltr'>Isidori:</span> 
     </span>
     <span class='ocr_line' id='line_1_43' title="bbox 245 2647 944 2687; baseline 0 -7"><span class='ocrx_word' id='word_1_266' title='bbox 245 2654 251 2666; x_wconf 91' lang='lat'>‘</span> <span class='ocrx_word' id='word_1_267' title='bbox 268 2648 458 2687; x_wconf 74' lang='lat' dir='ltr'>ScriitlilUS,</span> <span class='ocrx_word' id='word_1_268' title='bbox 470 2648 676 2678; x_wconf 84' lang='lat' dir='ltr'>ventriculus</span> <span class='ocrx_word' id='word_1_269' title='bbox 689 2647 819 2679; x_wconf 64' lang='lat' dir='ltr'>fartus:</span> <span class='ocrx_word' id='word_1_270' title='bbox 842 2651 944 2681; x_wconf 75' lang='lat' dir='ltr'>Scru-</span> 
     </span>
     <span class='ocr_line' id='line_1_44' title="bbox 249 2699 941 2731; baseline 0.001 -2"><span class='ocrx_word' id='word_1_271' title='bbox 249 2700 339 2729; x_wconf 82' lang='lat' dir='ltr'>tulus</span> <span class='ocrx_word' id='word_1_272' title='bbox 368 2704 479 2729; x_wconf 80' lang='lat' dir='ltr'>autem</span> <span class='ocrx_word' id='word_1_273' title='bbox 506 2708 523 2728; x_wconf 87' lang='lat' dir='ltr'>a</span> <span class='ocrx_word' id='word_1_274' title='bbox 547 2701 669 2729; x_wconf 81' lang='lat' dir='ltr'>scrutus</span> <span class='ocrx_word' id='word_1_275' title='bbox 694 2699 765 2730; x_wconf 88' lang='lat' dir='ltr'>sive</span> <span class='ocrx_word' id='word_1_276' title='bbox 792 2703 941 2731; x_wconf 81' lang='lat' dir='ltr'>scrutum.</span> 
     </span>
     <span class='ocr_line' id='line_1_45' title="bbox 253 2751 333 2780; baseline 0.013 -1"><span class='ocrx_word' id='word_1_277' title='bbox 253 2751 333 2780; x_wconf 82' lang='lat' dir='ltr'>Dae.</span> 
     </span>
    </p>
   </div>
   <div class='ocr_carea' id='block_1_18' title="bbox 997 2034 1701 2731">
    <p class='ocr_par' dir='ltr' id='par_1_21' title="bbox 1001 2034 1701 2323">
     <span class='ocr_line' id='line_1_46' title="bbox 1047 2034 1701 2079; baseline -0.009 -9"><span class='ocrx_word' id='word_1_278' title='bbox 1047 2043 1061 2058; x_wconf 90' lang='lat'><strong>⁰</strong></span> <span class='ocrx_word' id='word_1_279' title='bbox 1078 2039 1153 2079; x_wconf 85' lang='lat' dir='ltr'>Sos]</span> <span class='ocrx_word' id='word_1_280' title='bbox 1172 2039 1237 2069; x_wconf 77' lang='lat' dir='ltr'>Dia</span> <span class='ocrx_word' id='word_1_281' title='bbox 1248 2038 1399 2077; x_wconf 82' lang='lat' dir='ltr'>Dearum,</span> <span class='ocrx_word' id='word_1_282' title='bbox 1416 2037 1465 2067; x_wconf 82' lang='grc' dir='ltr'>δῖα</span> <span class='ocrx_word' id='word_1_283' title='bbox 1476 2034 1583 2066; x_wconf 79' lang='grc' dir='ltr'>θεάων.</span> <span class='ocrx_word' id='word_1_284' title='bbox 1613 2035 1701 2075; x_wconf 76' lang='lat' dir='ltr'>Lege</span> 
     </span>
     <span class='ocr_line' id='line_1_47' title="bbox 1004 2087 1701 2124; baseline -0.007 -5"><span class='ocrx_word' id='word_1_285' title='bbox 1004 2090 1146 2120; x_wconf 80' lang='lat' dir='ltr'>alterum</span> <span class='ocrx_word' id='word_1_286' title='bbox 1173 2097 1306 2118; x_wconf 85' lang='lat' dir='ltr'>versum</span> <span class='ocrx_word' id='word_1_287' title='bbox 1331 2087 1389 2122; x_wconf 85' lang='lat' dir='ltr'>ita,</span> <span class='ocrx_word' id='word_1_288' title='bbox 1415 2087 1540 2116; x_wconf 81' lang='lat' dir='ltr'>Circum</span> <span class='ocrx_word' id='word_1_289' title='bbox 1563 2095 1611 2114; x_wconf 81' lang='lat' dir='ltr'>sos</span> <span class='ocrx_word' id='word_1_290' title='bbox 1635 2095 1701 2124; x_wconf 81' lang='lat' dir='ltr'>quae</span> 
     </span>
     <span class='ocr_line' id='line_1_48' title="bbox 1003 2135 1700 2177; baseline -0.007 -7"><span class='ocrx_word' id='word_1_291' title='bbox 1003 2142 1073 2170; x_wconf 82' lang='lat' dir='ltr'>sunt</span> <span class='ocrx_word' id='word_1_292' title='bbox 1088 2148 1210 2177; x_wconf 78' lang='lat' dir='ltr'>mognoe</span> <span class='ocrx_word' id='word_1_293' title='bbox 1219 2141 1330 2177; x_wconf 79' lang='lat' dir='ltr'>gentes</span> <span class='ocrx_word' id='word_1_294' title='bbox 1341 2137 1504 2177; x_wconf 58' lang='lat' dir='ltr'>opulenter.</span> <span class='ocrx_word' id='word_1_295' title='bbox 1532 2136 1596 2166; x_wconf 91' lang='lat' dir='ltr'>Et:</span> <span class='ocrx_word' id='word_1_296' title='bbox 1614 2135 1700 2165; x_wconf 84' lang='lat' dir='ltr'>Dum</span> 
     </span>
     <span class='ocr_line' id='line_1_49' title="bbox 1002 2187 1700 2227; baseline -0.006 -7"><span class='ocrx_word' id='word_1_297' title='bbox 1002 2194 1125 2221; x_wconf 79' lang='lat' dir='ltr'>censent</span> <span class='ocrx_word' id='word_1_298' title='bbox 1150 2194 1265 2220; x_wconf 78' lang='lat' dir='ltr'>terrere</span> <span class='ocrx_word' id='word_1_299' title='bbox 1284 2189 1391 2227; x_wconf 79' lang='lat' dir='ltr'>minis,</span> <span class='ocrx_word' id='word_1_300' title='bbox 1406 2188 1570 2218; x_wconf 77' lang='lat' dir='ltr'>hortantur</span> <span class='ocrx_word' id='word_1_301' title='bbox 1590 2187 1618 2217; x_wconf 65' lang='lat' dir='ltr'>ez*</span> <span class='ocrx_word' id='word_1_302' title='bbox 1641 2197 1700 2217; x_wconf 84' lang='lat' dir='ltr'>sos.</span> 
     </span>
     <span class='ocr_line' id='line_1_50' title="bbox 1003 2239 1697 2274; baseline -0.007 -2"><span class='ocrx_word' id='word_1_303' title='bbox 1003 2242 1046 2272; x_wconf 84' lang='lat' dir='ltr'>Et</span> <span class='ocrx_word' id='word_1_304' title='bbox 1061 2253 1067 2270; x_wconf 93' lang='lat'>:</span> <span class='ocrx_word' id='word_1_305' title='bbox 1097 2242 1294 2272; x_wconf 75' lang='lat' dir='ltr'>contendunt</span> <span class='ocrx_word' id='word_1_306' title='bbox 1309 2240 1433 2274; x_wconf 83' lang='lat' dir='ltr'>Graios,</span> <span class='ocrx_word' id='word_1_307' title='bbox 1449 2239 1577 2269; x_wconf 71' lang='lat' dir='ltr'>Gracos</span> <span class='ocrx_word' id='word_1_308' title='bbox 1588 2247 1697 2268; x_wconf 81' lang='lat' dir='ltr'>memo-</span> 
     </span>
     <span class='ocr_line' id='line_1_51' title="bbox 1001 2291 1457 2323; baseline -0.007 0"><span class='ocrx_word' id='word_1_309' title='bbox 1001 2302 1072 2323; x_wconf 83' lang='lat' dir='ltr'>rare</span> <span class='ocrx_word' id='word_1_310' title='bbox 1087 2293 1184 2323; x_wconf 84' lang='lat' dir='ltr'>solent</span> <span class='ocrx_word' id='word_1_311' title='bbox 1197 2301 1256 2322; x_wconf 79' lang='lat' dir='ltr'>sos.</span> <span class='ocrx_word' id='word_1_312' title='bbox 1279 2291 1353 2323; x_wconf 87' lang='lat' dir='ltr'>Jos.</span> <span class='ocrx_word' id='word_1_313' title='bbox 1368 2291 1457 2321; x_wconf 87' lang='lat' dir='ltr'><strong>Scal.</strong></span> 
     </span>
    </p>

    <p class='ocr_par' dir='ltr' id='par_1_22' title="bbox 1003 2340 1698 2434">
     <span class='ocr_line' id='line_1_52' title="bbox 1045 2340 1698 2382; baseline -0.008 -8"><span class='ocrx_word' id='word_1_314' title='bbox 1045 2348 1061 2369; x_wconf 84' lang='lat'>1¹</span> <span class='ocrx_word' id='word_1_315' title='bbox 1094 2344 1293 2374; x_wconf 82' lang='lat' dir='ltr'>Contendunt</span> <span class='ocrx_word' id='word_1_316' title='bbox 1327 2341 1456 2382; x_wconf 77' lang='lat' dir='ltr'>Graios]</span> <span class='ocrx_word' id='word_1_317' title='bbox 1497 2340 1587 2371; x_wconf 73' lang='lat' dir='ltr'>Vide</span> <span class='ocrx_word' id='word_1_318' title='bbox 1623 2346 1698 2380; x_wconf 87' lang='lat' dir='ltr'>post</span> 
     </span>
     <span class='ocr_line' id='line_1_53' title="bbox 1003 2393 1294 2434; baseline -0.01 -8"><span class='ocrx_word' id='word_1_319' title='bbox 1003 2399 1011 2411; x_wconf 91' lang='lat'><em>‘</em></span> <span class='ocrx_word' id='word_1_320' title='bbox 1024 2393 1185 2434; x_wconf 81' lang='lat' dir='ltr'>Regiuin.’</span> <span class='ocrx_word' id='word_1_321' title='bbox 1212 2393 1294 2424; x_wconf 83' lang='lat' dir='ltr'>Duc.</span> 
     </span>
    </p>

    <p class='ocr_par' dir='ltr' id='par_1_23' title="bbox 997 2442 1695 2731">
     <span class='ocr_line' id='line_1_54' title="bbox 1044 2442 1695 2484; baseline -0.003 -9"><span class='ocrx_word' id='word_1_322' title='bbox 1044 2452 1057 2471; x_wconf 76' lang='lat'>‘³</span> <span class='ocrx_word' id='word_1_323' title='bbox 1091 2446 1254 2476; x_wconf 79' lang='lat' dir='ltr'>Interdum</span> <span class='ocrx_word' id='word_1_324' title='bbox 1278 2454 1336 2484; x_wconf 81' lang='lat' dir='ltr'>pro</span> <span class='ocrx_word' id='word_1_325' title='bbox 1365 2442 1449 2482; x_wconf 82' lang='lat' dir='ltr'>suos]</span> <span class='ocrx_word' id='word_1_326' title='bbox 1483 2443 1610 2473; x_wconf 79' lang='lat' dir='ltr'>Ennius</span> <span class='ocrx_word' id='word_1_327' title='bbox 1636 2442 1695 2473; x_wconf 83' lang='lat' dir='ltr'>lib.</span> 
     </span>
     <span class='ocr_line' id='line_1_55' title="bbox 1002 2492 1694 2527; baseline -0.009 0"><span class='ocrx_word' id='word_1_328' title='bbox 1002 2505 1068 2527; x_wconf 82' lang='lat' dir='ltr'>vn.</span> <span class='ocrx_word' id='word_1_329' title='bbox 1092 2496 1205 2526; x_wconf 81' lang='lat' dir='ltr'>‘Poeni</span> <span class='ocrx_word' id='word_1_330' title='bbox 1221 2500 1298 2526; x_wconf 85' lang='lat' dir='ltr'>suut</span> <span class='ocrx_word' id='word_1_331' title='bbox 1314 2494 1404 2524; x_wconf 78' lang='lat' dir='ltr'>soliti</span> <span class='ocrx_word' id='word_1_332' title='bbox 1426 2503 1480 2523; x_wconf 88' lang='lat' dir='ltr'>sos</span> <span class='ocrx_word' id='word_1_333' title='bbox 1501 2492 1694 2523; x_wconf 77' lang='lat' dir='ltr'>sacrificare</span> 
     </span>
     <span class='ocr_line' id='line_1_56' title="bbox 1000 2543 1693 2586; baseline -0.006 -10"><span class='ocrx_word' id='word_1_334' title='bbox 1000 2545 1156 2586; x_wconf 80' lang='lat' dir='ltr'>puellos.’</span> <span class='ocrx_word' id='word_1_335' title='bbox 1201 2545 1372 2577; x_wconf 86' lang='lat' dir='ltr'>Cornutus</span> <span class='ocrx_word' id='word_1_336' title='bbox 1390 2544 1421 2574; x_wconf 92' lang='lat' dir='ltr'>iu</span> <span class='ocrx_word' id='word_1_337' title='bbox 1434 2543 1506 2574; x_wconf 72' lang='lat' dir='ltr'>Sat.</span> <span class='ocrx_word' id='word_1_338' title='bbox 1525 2552 1547 2573; x_wconf 89' lang='grc' dir='ltr'>ι.</span> <span class='ocrx_word' id='word_1_339' title='bbox 1564 2543 1693 2573; x_wconf 84' lang='lat' dir='ltr'>Persii:</span> 
     </span>
     <span class='ocr_line' id='line_1_57' title="bbox 999 2592 1693 2636; baseline -0.007 -9"><span class='ocrx_word' id='word_1_340' title='bbox 999 2598 1007 2612; x_wconf 92' lang='lat'>‘</span> <span class='ocrx_word' id='word_1_341' title='bbox 1021 2597 1074 2627; x_wconf 85' lang='lat' dir='ltr'>Sis</span> <span class='ocrx_word' id='word_1_342' title='bbox 1092 2605 1153 2636; x_wconf 85' lang='lat' dir='ltr'>pro</span> <span class='ocrx_word' id='word_1_343' title='bbox 1168 2595 1236 2625; x_wconf 86' lang='lat' dir='ltr'>suis</span> <span class='ocrx_word' id='word_1_344' title='bbox 1254 2594 1344 2635; x_wconf 84' lang='lat' dir='ltr'>apud</span> <span class='ocrx_word' id='word_1_345' title='bbox 1362 2594 1518 2634; x_wconf 86' lang='lat' dir='ltr'>antiquos</span> <span class='ocrx_word' id='word_1_346' title='bbox 1546 2592 1693 2633; x_wconf 78' lang='lat' dir='ltr'>poneba-</span> 
     </span>
     <span class='ocr_line' id='line_1_58' title="bbox 999 2652 1693 2686; baseline -0.007 -9"><span class='ocrx_word' id='word_1_347' title='bbox 999 2652 1064 2682; x_wconf 87' lang='lat' dir='ltr'>tur,</span> <span class='ocrx_word' id='word_1_348' title='bbox 1092 2652 1127 2677; x_wconf 85' lang='lat' dir='ltr'>et</span> <span class='ocrx_word' id='word_1_349' title='bbox 1153 2656 1206 2676; x_wconf 88' lang='lat' dir='ltr'>sos</span> <span class='ocrx_word' id='word_1_350' title='bbox 1239 2655 1300 2686; x_wconf 90' lang='lat' dir='ltr'>pro</span> <span class='ocrx_word' id='word_1_351' title='bbox 1329 2655 1416 2683; x_wconf 79' lang='lat' dir='ltr'>suos,</span> <span class='ocrx_word' id='word_1_352' title='bbox 1443 2654 1495 2674; x_wconf 82' lang='lat' dir='ltr'>sas</span> <span class='ocrx_word' id='word_1_353' title='bbox 1521 2653 1579 2684; x_wconf 88' lang='lat' dir='ltr'>pro</span> <span class='ocrx_word' id='word_1_354' title='bbox 1604 2653 1693 2677; x_wconf 76' lang='lat' dir='ltr'>suas,</span> 
     </span>
     <span class='ocr_line' id='line_1_59' title="bbox 997 2694 1689 2731; baseline -0.009 0"><span class='ocrx_word' id='word_1_355' title='bbox 997 2700 1154 2731; x_wconf 82' lang='lat' dir='ltr'>detracta</span> <span class='ocrx_word' id='word_1_356' title='bbox 1169 2708 1189 2728; x_wconf 85' lang='lat' dir='ltr'>u</span> <span class='ocrx_word' id='word_1_357' title='bbox 1205 2697 1328 2729; x_wconf 72' lang='lat' dir='ltr'>litera-³</span> <span class='ocrx_word' id='word_1_358' title='bbox 1354 2696 1441 2728; x_wconf 79' lang='lat' dir='ltr'>vide</span> <span class='ocrx_word' id='word_1_359' title='bbox 1465 2701 1474 2714; x_wconf 83' lang='lat'>¹</span> <span class='ocrx_word' id='word_1_360' title='bbox 1487 2694 1564 2727; x_wconf 54' lang='lat' dir='ltr'>sas!</span> <span class='ocrx_word' id='word_1_361' title='bbox 1594 2695 1689 2726; x_wconf 76' lang='lat' dir='ltr'>Idem.</span> 
     </span>
    </p>
   </div>
  </div>
 </body>
</html>
