1876 3025
272 145 382 187 1178
714 153 863 184 snxrl
899 150 1102 181 POMPEu
1138 148 1275 179 FESTI

270 255 413 292 terna:
445 254 547 291 sunt
576 248 690 290 enim
721 247 906 299 utriusq.
935 245 1156 299 opinionis
1183 248 1400 284 auctores.
1461 242 1713 283 Mamercus

270 331 520 372 praenomen
547 317 718 358 Oscum
747 319 829 363 est,
862 314 917 354 ab
947 327 1000 354 eo
1024 312 1142 366 quod
1169 311 1214 351 hi
1244 310 1428 352 Martem
1452 310 1714 351 Mamertem

271 386 504 440 appellant.
564 383 869 425 Mamiliorum
891 381 1057 422 familia
1079 380 1309 434 progenita
1335 378 1394 418 sit
1411 382 1425 400 2
1458 391 1485 419 a
1517 376 1717 417 Mamilia

272 453 483 506 Telegoni
511 452 619 501 filia,
642 463 774 504 quam
801 449 989 490 Tusculi
1021 447 1283 502 procreavit,
1310 445 1485 500 quando
1516 445 1561 485 id
1592 444 1718 497 oppi-

271 521 374 562 dum
396 521 493 574 ipse
516 519 802 560 condidisset.
864 516 1083 564 Mantare,
1108 527 1230 568 saepe
1258 526 1444 554 manere.
1505 512 1717 553 Caecilius

270 590 314 629 in
338 587 562 642 Epistola:
593 586 696 627 Jam
728 590 808 626 ne³
841 584 954 626 adeo
984 586 1156 624 manta:
1182 582 1278 635 jam
1309 580 1392 621 hoc
1424 580 1538 629 vide,
1570 592 1716 620 caecus

273 657 464 696 animum
591 685 600 693 .
715 663 739 691 “.
868 680 877 689 .
994 651 1212 691 adventus
1249 648 1379 701 angit.
1454 646 1718 687 Manticula-

271 722 389 764 rumb
412 735 515 762 usus
536 721 804 774 pauperibus
824 719 869 759 in
891 718 1078 759 nummis
1096 716 1400 765 recondendis,
1415 715 1547 755 etiam
1570 718 1718 755 nostro

272 792 436 832 saeculo
476 789 573 830 fuit.
634 787 760 829 Unde
801 785 1078 827 manticulari
1123 784 1396 831 dicebantur,
1436 781 1512 836 qui
1548 781 1719 821 furandi

274 858 412 911 gratia
453 856 713 898 manticulas
756 855 1067 896 attrectabant.
1130 852 1237 893 Inde
1278 850 1421 904 poetae
1457 862 1534 903 pro
1569 848 1721 889 dolose

271 925 378 979 quid
401 925 566 978 agendo
588 924 655 964 usi
676 928 778 964 sunt
799 937 852 964 eo
874 923 1020 963 verbo.
1063 921 1311 962 Pacuvius:
1346 917 1414 958 Ad
1437 917 1720 957 manticulan-

272 993 375 1034 dum
407 996 505 1034 astu
539 991 808 1045 aggreditur:
842 991 926 1033 scit
948 991 1060 1031 enim
1091 988 1194 1042 quid
1225 985 1527 1041 promeruerit:
1559 983 1719 1024 modici

271 1060 594 1109 manticulatur,
659 1090 668 1099 .
731 1090 740 1097 .
802 1090 812 1099 .
874 1059 945 1100 Ita
964 1070 1032 1098 me
1052 1057 1157 1097 sacti
1186 1055 1388 1109 oppressi
1418 1056 1544 1107 J'ugo.
1605 1051 1719 1091 Item

273 1128 457 1169 deinde:
488 1127 728 1180 Aggrediar
761 1133 859 1168 astu
890 1138 1056 1177 regem:
1090 1123 1208 1175 [168]
1239 1120 1618 1162 manticulandum
1653 1121 1721 1159 est

272 1196 402 1236 mihi:
431 1200 497 1235 et:
532 1194 784 1235 Machinam
822 1192 979 1234 ordiris
1008 1204 1166 1231 novam
1195 1189 1468 1230 manticula4
1498 1192 1634 1235 tactu,
1665 1198 1719 1226 an

274 1264 493 1304 sanctiora
521 1263 632 1302 dicis
659 1261 961 1315 jurajuranda.
1023 1259 1212 1299 Plautus
1231 1257 1313 1297 hoc
1335 1255 1580 1308 significare
1605 1253 1720 1295 vide-

272 1334 351 1378 tur,
392 1330 552 1383 quibus
593 1329 791 1382 quotidie
822 1340 972 1380 parvae
1003 1339 1132 1367 noxae
1165 1328 1490 1375 extergeantur:
1519 1322 1720 1375 frequens

273 1398 389 1439 enim
418 1397 608 1450 antiquis
641 1397 694 1437 ad
726 1409 877 1437 manus
910 1394 1142 1447 tergendas
1173 1405 1277 1432 usus
1304 1391 1386 1431 fuit
1416 1390 1719 1431 mantelorum.

276 1465 454 1507 Moeson
488 1478 671 1518 persona
709 1465 879 1505 comica
912 1462 1171 1516 appellatur,
1204 1463 1279 1500 aut
1309 1459 1421 1508 coci,
1451 1461 1525 1499 aut
1554 1461 1719 1506 nautae,

275 1540 354 1574 aut
376 1533 473 1587 ejus
507 1533 686 1585 generis.
716 1532 803 1572 dici
836 1532 891 1571 ab
924 1531 1148 1571 inventore
1169 1529 1262 1582 ejus
1284 1526 1489 1567 Moesone
1517 1523 1719 1566 comoedo

272 1600 361 1655 (ut)
376 1606 389 1631 ⁵
412 1602 473 1641 ait
494 1600 818 1652 Aristophanes
841 1598 1185 1639 Grammaticus,

275 1668 503 1710 'Maeniana
534 1668 760 1721 appellata
788 1671 886 1706 sunt
922 1678 948 1705 a
982 1664 1147 1705 Maenio
1180 1675 1371 1711 censore,
1390 1662 1462 1714 qui
1488 1661 1655 1714 primus
1677 1661 1719 1700 in

278 1735 392 1776 Foro
421 1736 536 1777 ultra
564 1736 794 1775 columnas
824 1734 942 1785 tigna
971 1730 1169 1785 projecit,
1193 1744 1278 1782 quo
1311 1729 1621 1782 ampliarentur
1648 1742 1721 1768 su-

274 1805 443 1858 periora
470 1804 741 1856 spectacula.
804 1801 950 1854 Major
982 1799 1160 1840 Graecia
1191 1798 1309 1838 dicta
1340 1801 1405 1837 est
1437 1796 1582 1845 Italia,
1602 1796 1719 1849 quod

275 1885 374 1913 eam
396 1872 533 1912 Siculi
549 1871 768 1924 quondam
791 1869 1087 1910 obtinuerunt:
1108 1867 1174 1906 vel
1189 1865 1305 1918 quod
1328 1864 1482 1905 multae
1504 1877 1720 1916 magnaeq.

276 1941 478 1981 civitates
506 1939 549 1979 in
572 1952 625 1979 ea
644 1938 810 1978 fuerunt
830 1950 885 1976 cx
909 1935 1088 1977 Graecia
1110 1935 1329 1987 profectae.
1390 1932 1540 1972 Maius
1563 1932 1724 1972 mensis

276 2008 319 2047 in
351 2007 652 2060 compluribus
682 2005 935 2046 civitatibus
968 2003 1138 2043 Latinis
1171 2008 1271 2042 ante
1304 2001 1465 2041 Urbem
1500 1999 1721 2040 conditam

276 2074 414 2114 fuisse
437 2074 627 2114 videtur:
661 2087 748 2126 qua
770 2085 828 2113 ex
849 2085 985 2112 causa
1014 2075 1153 2111 utrum
1176 2083 1203 2110 a
1224 2068 1472 2121 majoribus,
1494 2071 1542 2107 ut
1561 2066 1722 2107 Junius

276 2154 303 2182 a
326 2141 578 2194 junioribus
605 2141 746 2180 dictus
783 2140 865 2179 sit:
895 2152 949 2179 an
983 2152 1009 2179 a
1044 2138 1181 2185 Maia,
1219 2135 1333 2188 quod
1372 2135 1594 2174 Mercurio
1629 2133 1721 2173 filio

276 2209 369 2263 ejus
391 2222 458 2250 res
481 2209 640 2249 divinae
660 2208 764 2249 fiant
785 2208 1016 2248 solemnes:
1050 2219 1102 2245 an
1125 2204 1244 2258 quod
1266 2203 1353 2256 ipsi
1378 2203 1486 2242 Dcae
1508 2203 1549 2241 in
1571 2200 1721 2241 multis

278 2278 447 2319 Latinis
465 2277 717 2318 civitatibus
737 2275 953 2317 sacrificia
971 2275 1134 2315 fiebant
1194 2303 1202 2312 .
1264 2304 1272 2312 .
1335 2300 1345 2310 .
1404 2269 1449 2310 A⁶
1483 2269 1721 2310 Monstrum

884 2392 1121 2405 aeaeaeaeaeaeaeaeaeaeaeae

322 2480 341 2507 2
365 2475 387 2506 f.
403 2476 548 2513 ι1ἰιίἰ.--3
574 2473 596 2506 f.
621 2475 660 2505 al.
678 2476 803 2505 ora—4
829 2472 851 2503 f.
876 2472 1128 2503 mauticuloe.-5
1153 2468 1177 2500 f.
1204 2468 1322 2509 ().—0
1346 2467 1369 2498 f.
1396 2478 1412 2497 Λ
1430 2468 1493 2507 ipso
1510 2476 1621 2497 mense.

930 2578 1074 2610 NOTAE

321 2662 334 2681 ¹‘
360 2658 620 2699 manticularum]
649 2657 813 2695 hiantem,
838 2656 974 2688 Servius
1030 2655 1289 2695 dicitmappas:
1315 2652 1655 2691 Mantela‚1nerunrq.

282 2712 370 2754 apud
389 2721 440 2742 me
468 2711 500 2741 in
532 2709 663 2741 schedis
689 2709 810 2750 inquit,
828 2708 974 2739 Lucilius
