1876 3025
251 127 337 170 696
701 141 848 173 sssxri
883 143 1082 174 PoMi’En
1118 146 1254 177 Fus'ri

309 235 482 278 cundo:
515 234 643 278 Ostia
672 238 845 280 munita
881 238 977 280 esth
1011 239 1131 282 idem
1164 242 1265 285 loca
1291 245 1698 302 navibus'pulchris

310 304 517 346 Munda⁴
550 305 671 356 facit,
710 307 947 361 nautisque
979 310 1086 350 mari
1113 312 1417 364 quaesentibus
1450 316 1613 357 vitam:
1661 319 1704 358 et

307 373 353 413 in
375 371 668 427 Cresphonte:
700 374 819 415 ducit
841 388 909 415 me
929 387 1111 416 uxorem
1133 377 1369 420 liberorum
1391 382 1476 423 sibi
1499 396 1699 436 quae-sen-

309 440 411 481 dum
434 441 630 494 gratiaz⁵
668 446 712 482 et
748 441 793 481 in
837 440 1143 486 Andromeda:
1184 443 1370 487 liberum
1411 450 1703 502 quaesendum

310 521 445 550 causa
461 508 641 549 familiae
663 514 845 550 matrem
869 514 973 551 tuae.

221 573 423 625 .Quaeso
458 577 673 630 significat
704 577 749 617 id
779 576 898 631 quod
932 590 1069 630 rogo:
1113 592 1305 632 quaesere
1342 587 1484 624 tamen
1525 584 1703 634 [PAUL.

312 643 481 685 Ennius
503 658 581 698 pro
602 657 795 699 quaerere
818 645 982 698 posuit.

252 710 533 761 Quaestoresi
570 712 824 760 dicebantur,
858 712 969 768 quod
1012 722 1234 768 quaererent
1283 715 1331 757 de
1373 717 1489 758 rebus
1537 718 1704 773 [FEST.

307 780 588 833 capitalibus,
610 781 723 822 unde
744 780 816 836 qui
835 781 937 822 talia
958 789 1149 837 quaerunt
1171 791 1384 839 quaestores
1408 787 1598 840 paricidi
1621 801 1701 842 ap-

305 848 540 902 pellantur.

250 914 481 965 Quamdek
510 929 589 970 pro
612 930 742 971 quam
763 930 871 959 usos
901 931 998 959 esse
1031 919 1236 972 antiquos
1256 933 1356 962 cum
1377 922 1500 964 multi
1516 921 1701 965 Veteres

306 982 558 1026 testimonio
587 989 704 1034 sunt,
727 990 816 1027 tum
838 991 906 1027 est
928 985 1082 1027 Livius
1097 985 1113 1011 ⁶
1142 987 1187 1028 in
1209 989 1352 1042 primo
1371 1003 1381 1031 :
1410 988 1439 1030 J
1445 991 1631 1044 uppiter,
1653 996 1701 1033 ut

855 1118 1090 1130 ooooooooo

290 1195 309 1222 4
332 1191 411 1223 Vet.
427 1191 502 1223 cod.
519 1193 714 1225 Murum—5
735 1194 835 1227 Hunc
850 1206 896 1226 vs.
913 1196 960 1227 ita
974 1197 1152 1236 legendum
1170 1203 1285 1229 monet
1298 1198 1389 1230 Scal.
1404 1198 1501 1229 Ducit
1515 1208 1563 1230 me
1575 1208 1701 1231 uxorem

246 1233 306 1264 sihi
321 1234 448 1265 liberum
464 1238 657 1275 (lacesendum
669 1239 854 1278 gratim-6
878 1239 955 1271 Vet.
972 1239 1047 1272 cod.
1063 1244 1164 1272 tamen
1180 1240 1282 1280 hujus.
1330 1241 1417 1272 Vide
1434 1242 1555 1274 Notas.

904 1352 934 1383 N
942 1352 1043 1384 OTAE

246 1413 368 1443 Munda
392 1413 490 1451 facit,
511 1415 688 1456 nauteisque
709 1417 788 1448 muri
804 1426 940 1458 quaesen-

245 1462 322 1495 tibu'
334 1463 440 1496 vitam.
462 1464 534 1496 Jos.
549 1465 637 1496 Scal-

291 1515 417 1555 Quoeso]
450 1516 562 1551 Quoeso
573 1521 606 1546 et
622 1527 724 1556 qurero
745 1517 833 1549 idem
852 1519 940 1559 apud

243 1565 400 1597 Veteres.
437 1566 552 1598 Plaut.
577 1568 721 1600 ‘Quaese
738 1568 943 1601 adveniente

243 1616 361 1646 morbo
378 1626 466 1648 nune
490 1617 658 1649 medicum
685 1619 756 1655 tibi,
780 1620 878 1651 Enim
905 1625 941 1652 tu

244 1671 338 1696 certe
369 1672 428 1697 aut
455 1667 605 1699 larvatus
638 1675 696 1701 aut
719 1671 863 1702 cerritus
893 1680 941 1701 es-

243 1715 375 1756 Edepol
392 1717 557 1749 hominem
575 1723 610 1750 te
637 1720 814 1751 miserum!
839 1721 942 1752 medi-

242 1778 319 1799 cum
336 1770 503 1810 quaerita.'
548 1771 616 1802 Ubi
639 1782 738 1813 quoese
755 1782 814 1813 pro
830 1782 942 1813 quaere.

246 1818 392 1854 Quaesere
420 1821 522 1852 etiam
559 1831 620 1862 pro
658 1833 758 1859 orare,
789 1833 941 1864 poscere,

242 1868 329 1901 dixit
355 1870 444 1902 idem
482 1871 598 1904 Plaut.
622 1873 788 1905 Bacchid.
819 1883 859 1905 ιι.
888 1877 941 1905 11.

243 1919 388 1951 ‘Mirum
404 1925 457 1952 est
474 1932 540 1962 me,
557 1928 594 1954 ut
611 1924 759 1965 redeam,
784 1929 819 1956 te
838 1935 941 1966 opere

243 1974 339 2001 tanto
352 1972 525 2011 quaesere.'
549 1972 632 2004 Duc.

284 2020 298 2040 h
316 2020 408 2051 Ostia
422 2022 540 2052 munita
556 2023 618 2064 est]
638 2024 692 2055 De
704 2023 800 2055 Anco
812 2025 940 2056 Martio

241 2070 297 2111 qui
316 2070 448 2102 Ostiam
464 2073 618 2111 munivit,
634 2078 669 2105 et
683 2079 817 2114 portum
833 2074 939 2106 Tibe-

242 2122 299 2153 ris.
343 2123 430 2154 Vide
448 2124 480 2154 in
499 2134 580 2156 voce
597 2127 607 2142 ‘
620 2126 789 2158 muudus.’
813 2128 911 2159 Idem.

282 2172 290 2193 ⁵
315 2173 508 2216 Quoestores]
542 2177 593 2207 De
620 2177 854 2210 Quaestoribns
883 2189 938 2219 pa·

242 2223 335 2263 ricis,
362 2224 432 2256 sive
458 2227 643 2266 parricidii,
667 2228 745 2260 vide
775 2229 938 2261 ‘Parici.’

240 2274 372 2306 Horum
389 2276 595 2308 mentionem
618 2277 692 2310 fieri
709 2279 741 2310 in
757 2279 938 2311 duodecim

241 2325 366 2356 tabulis
393 2327 511 2359 scribit
529 2329 738 2369 Pomponius
758 2330 820 2362 sub
837 2331 938 2362 titulo

241 2376 283 2406 de
300 2376 541 2418 originejuris.
563 2379 642 2410 Ant.
657 2379 745 2420 Aug.

285 2427 479 2468 Quoestores]
505 2429 698 2461 Quaestores
721 2431 938 2471 creabantur,

240 2477 295 2518 qui
320 2485 566 2517 cognoscerent
589 2480 630 2511 de
658 2481 759 2512 rebus
783 2482 938 2523 capitali-

241 2528 316 2567 bus,
332 2528 421 2559 unde
448 2533 482 2560 et
505 2530 704 2562 Quzfstores
722 2532 862 2573 paricidi
880 2543 939 2574 ap-

239 2579 422 2619 pellantur.
444 2580 513 2610 Jos.
534 2580 618 2611 Scal.

283 2630 475 2670 Quoestores]
489 2631 654 2671 Ulpianus
670 2642 677 2662 :
693 2633 702 2649 ‘
715 2633 759 2664 Et
777 2643 795 2663 a
812 2642 936 2673 genere

240 2682 422 2721 quaereudi,
438 2689 623 2723 quaestores
640 2683 735 2715 initio
755 2683 877 2722 dictos,
902 2690 936 2716 ot

239 2733 373 2771 sanius,
399 2739 433 2764 et
456 2733 652 2773 Trebatius,
676 2739 712 2765 et
743 2735 935 2766 Fenestella

240 2782 413 2814 scribunt!
451 2784 553 2815 Initio
570 2790 683 2817 antem
701 2787 837 2827 proprie
851 2786 934 2818 dicti

996 1421 1173 1458 qnaestores,
1191 1419 1245 1459 qui
1264 1419 1384 1450 aerario
1401 1424 1599 1460 praeessent,
1616 1419 1699 1451 dicti

996 1468 1110 1509 ‘qnod
1149 1469 1360 1509 inquirendae
1387 1475 1423 1501 et
1454 1471 1696 1502 conservandae

996 1519 1150 1559 pecuniae
1182 1528 1284 1550 causa
1309 1521 1416 1551 creati
1443 1521 1565 1556 erant,'
1588 1526 1624 1552 ut
1652 1522 1700 1553 ait

998 1569 1169 1610 Pompon.
1192 1569 1258 1610 leg.
1274 1572 1304 1600 2.
1319 1571 1335 1610 ξ
1350 1572 1403 1601 22.
1428 1569 1470 1600 de
1494 1571 1621 1610 origine
1640 1572 1699 1612 ju-

997 1619 1051 1650 ris.
1076 1619 1161 1650 Inde
1179 1625 1296 1660 postea
1311 1624 1478 1660 qnoestores
1489 1630 1570 1661 quos
1587 1622 1699 1662 vulgo,

996 1671 1048 1701 des
1064 1670 1268 1702 Lientenants
1286 1671 1465 1702 Criminels.
1509 1671 1597 1702 Vide
1615 1672 1623 1688 ⁶
1636 1681 1694 1712 pa·

996 1720 1082 1752 rici.’
1107 1721 1189 1752 Duc.

1035 1771 1049 1793 Β·
1074 1771 1231 1812 Quamde]
1258 1771 1523 1813 Corruptissima
1541 1782 1616 1814 quae
1642 1772 1696 1805 liic

992 1828 1081 1858 suut,
1111 1832 1152 1853 ex
1177 1822 1331 1862 vestigiis
1362 1822 1485 1862 priscae
1513 1823 1695 1864 scripturae

992 1873 1040 1904 ita
1065 1873 1265 1905 emendato:
1289 1883 1357 1904 cum
1372 1874 1464 1905 multi
1486 1873 1610 1906 Veteres
1634 1878 1696 1906 tes-

993 1924 1119 1954 timonio
1129 1927 1211 1959 sunt,
1223 1928 1288 1955 tum
1302 1924 1422 1954 Ennius
1431 1924 1463 1953 in
1474 1925 1596 1963 primo:
1611 1926 1693 1965 Jup-

988 1975 1084 2015 piter,
1098 1978 1133 2005 nt
1148 1983 1235 2004 muro
1249 1973 1358 2011 fretus
1373 1972 1469 2013 magi’
1485 1975 1614 2014 quamde
1629 1986 1693 2007 ma-

990 2035 1052 2056 nus
1072 2024 1115 2056 vi.
1140 2025 1184 2055 Et
1196 2025 1342 2063 secundo,
1357 2026 1410 2064 ἅμ’.
1450 2024 1491 2055 In
1509 2035 1608 2057 versu
1626 2027 1694 2058 En-

992 2075 1035 2106 nii
1053 2075 1202 2115 ,luppiter
1212 2079 1263 2105 est
1277 2075 1494 2114 θαυμαστικὸν,
1509 2080 1545 2107 ut
1564 2076 1596 2108 in
1615 2078 1669 2109 illo
1685 2089 1693 2109 ;

990 2125 1462 2166 ‘Juppiter,uttristilumina
1473 2129 1694 2167 saepemanu.’

992 2177 1057 2207 Et:
1083 2176 1092 2192 ‘
1105 2175 1238 2214 noctis,
1249 2175 1425 2216 Juppiter,
1438 2182 1473 2207 et
1491 2177 1691 2210 laboriosis.'

992 2226 1101 2257 Porro
1124 2230 1159 2256 et
1186 2225 1328 2265 quamde
1356 2225 1388 2256 in
1427 2226 1492 2257 illis
1522 2228 1692 2260 Saturniis

990 2275 1143 2307 versibus
1165 2275 1302 2311 legitur.
1335 2281 1342 2292 ‘
1359 2276 1513 2317 Namque
1541 2279 1688 2311 nehilum

989 2327 1087 2368 pejus
1122 2331 1275 2357 macerat
1308 2326 1500 2367 humanum,
1533 2329 1688 2362 Quamde

988 2386 1081 2408 mare
1097 2386 1235 2407 saevum.
1282 2376 1381 2407 Vires
1401 2378 1477 2418 quoi
1501 2386 1579 2410 sunt
1595 2390 1688 2421 mag-

988 2438 1056 2466 nae,
1089 2428 1228 2467 Topper
1253 2426 1469 2468 confringent
1496 2429 1687 2469 inportuna*

988 2477 1112 2510 undae.'
1134 2478 1203 2507 Jos.
1218 2477 1302 2510 Scal-

1034 2526 1188 2566 Qunmde]
1223 2527 1262 2558 In
1298 2527 1457 2559 Schedis:
1509 2529 1686 2562 ‘Quamde

987 2589 1049 2620 pro
1075 2588 1174 2619 quam
1212 2588 1286 2608 usos
1314 2587 1389 2609 esse
1416 2579 1574 2620 antiquos
1611 2591 1686 2612 cum

987 2630 1085 2663 multi
1103 2634 1235 2660 veteres
1251 2629 1442 2660 testimonio
1463 2636 1553 2668 sunt,
1574 2636 1685 2662 tamen

987 2681 1085 2722 liujus
1099 2680 1131 2710 in
1150 2678 1283 2720 primo,’
1298 2682 1364 2710 διο.
1389 2690 1464 2720 quae
1487 2681 1625 2720 propius
1642 2681 1684 2711 ad

986 2741 1100 2763 veram
1126 2730 1326 2769 scripturam
1361 2730 1543 2770 accedunt,
1570 2731 1683 2771 legen·

987 2784 1064 2815 dum
1089 2783 1188 2821 enim,
1216 2787 1251 2812 ut
1279 2782 1357 2813 viris
1392 2782 1501 2813 doctis
1526 2782 1596 2821 jam
1624 2783 1685 2817 (liu
