1876 3025
319 164 383 194 DE
416 160 688 193 VERBORUM
722 155 1130 189 SlGNlFch'rloNE
1165 155 1261 186 [ΑΒ.
1294 154 1402 184 xlv.

1509 143 1594 184 687

207 292 216 300 .
339 290 346 298 .
467 289 477 298 .
597 289 605 296 .
723 286 731 294 .
794 253 906 296 tonit

146 332 177 378 Τ
204 359 214 370 .
332 356 341 365 .
460 355 469 364 .
588 354 598 364 .
715 354 724 362 .
786 317 937 375 piciad

711 419 721 430 .
783 389 995 442 terisque.

149 460 319 505 Pan-ilia
341 460 460 517 festa
481 458 557 500 sibi
590 457 853 499 observanda
876 455 1086 509 judicant
1105 452 1299 507 privatim
1325 451 1419 505 ipsae
1440 464 1597 506 quoque

196 542 415 583 puerperae
436 525 753 569 administratis
775 524 838 564 uti
852 520 1069 577 pariendo,
1091 520 1142 560 ab
1163 519 1217 560 eis
1238 533 1356 574 quasz
1351 518 1595 560 stabilian-

203 601 271 638 tur
291 596 458 637 Parilia
478 593 579 634 festa

588 659 746 715 parilia

586 741 660 769 um
678 728 721 769 in

148 796 427 852 Promptum
448 810 528 851 pro
554 810 598 836 eo
637 794 748 851 quod
765 794 856 850 quis
877 806 954 834 cere
974 790 1147 847 paravit
1168 802 1249 831 suo
1271 788 1410 831 videri
1431 788 1496 830 ait
1517 801 1596 842 po-

202 864 323 905 situm

1157 924 1223 964 .de
1243 923 1372 977 cujus
1393 936 1479 965 aere
1494 928 1535 964 te

206 1030 216 1040 .
295 1031 306 1041 .
424 1031 434 1040 .
833 999 1075 1049 promptum
1099 992 1292 1033 triticum
1310 991 1353 1031 in
1375 1004 1596 1032 commen-

204 1066 309 1107 tario
330 1072 400 1107 tuo
432 1064 635 1106 retulisti.-
665 1070 710 1104 at
731 1063 914 1118 quidam
946 1061 1173 1117 prolatum
1210 1057 1447 1110 significare
1478 1058 1596 1098 aiunt

202 1132 306 1173 idem
327 1132 437 1188 quod
459 1136 728 1187 promptum,
758 1130 837 1172 sed
858 1129 1081 1184 proprium
1103 1128 1166 1168 ait
1186 1124 1231 1165 id
1247 1124 1327 1164 dici
1355 1132 1593 1180 promptum

204 1199 313 1254 quod
330 1200 373 1239 z'n
393 1199 601 1255 futurum
632 1198 800 1239 factum
830 1198 905 1246 sit,
927 1196 998 1237 cui
1021 1192 1314 1249 significationi
1340 1206 1472 1246 penus
1506 1208 1597 1233 con-

203 1266 379 1307 trarium
413 1272 482 1316 est,
505 1280 605 1308 cum
627 1265 874 1319 praesertim
903 1263 1022 1304 aliud
1054 1275 1200 1316 penus,
1222 1259 1341 1300 aliud
1353 1267 1597 1315 promptuo-

203 1334 310 1374 rz'um
348 1334 621 1388 pantoleium
663 1333 931 1387 appellatur,
962 1336 1008 1371 ut
1038 1336 1095 1370 est
1125 1327 1239 1381 apud
1266 1326 1469 1368 Plautum
1505 1327 1598 1369 Tri—

202 1415 322 1441 numo
329 1432 339 1442 0

796 1529 939 1563 NOTAE

185 1606 199 1626 d
223 1629 230 1637 .
256 1628 264 1636 .
288 1628 297 1636 .
318 1630 326 1638 .
349 1608 447 1648 picia]
472 1607 675 1639 ‘Pedestria
691 1605 844 1647 auspicia

146 1657 400 1689 arbitrabantur
412 1669 431 1689 a
444 1659 555 1699 vulpe,
568 1659 660 1699 lupo,
671 1661 843 1698 serpente,

145 1717 244 1748 equo,
266 1709 454 1749 ceterisque
478 1709 674 1739 animalibus
696 1707 843 1747 quadru-

146 1756 314 1797 pedibus!
358 1759 446 1789 Vide
462 1768 522 1789 suo
539 1759 625 1789 loco.
649 1758 748 1788 Idem.

188 1813 202 1827 θ
237 1807 436 1848 Promptum]
490 1808 626 1839 Deinde
663 1807 706 1838 de
739 1805 843 1836 verbo

146 1859 329 1898 Promptum
354 1858 498 1898 agebat:
520 1861 695 1898 promptum
717 1855 843 1896 signifi-

145 1912 201 1939 cat
218 1913 394 1948 paratum:
424 1907 545 1938 deinde
564 1907 670 1938 utitur
690 1906 842 1936 testimo-

145 1958 201 1987 nio
235 1957 358 1988 veteris
389 1956 576 1996 scriptoris,
605 1956 661 1996 qui
691 1955 839 1986 dixerit:

145 2008 201 2038 De
230 2007 324 2048 cujus
344 2016 410 2037 aere
434 2011 508 2037 tute
537 2011 731 2047 promptum
753 2005 842 2035 triti-

145 2066 220 2087 cum
258 2057 291 2087 in
317 2057 558 2088 commentario
589 2061 649 2086 tuo
683 2055 842 2086 retulisti.

144 2106 281 2146 quidam
314 2107 482 2147 prolatum
519 2104 711 2146 significare
748 2104 842 2136 aiunt

145 2161 366 2196 promptum:
397 2156 456 2186 sed
487 2160 683 2196 promptum
715 2155 764 2186 ait
793 2155 841 2195 id,

145 2208 223 2246 quod
253 2208 287 2238 in
308 2207 450 2244 futurum
464 2207 589 2245 factum
609 2207 665 2245 sit,
687 2207 738 2237 cui
755 2228 763 2238 .
783 2228 791 2236 .
810 2230 817 2238 .
834 2230 842 2238 .

144 2266 190 2292 re,
220 2267 287 2288 cum
310 2257 484 2297 proesertz‘m
511 2258 598 2288 aliud
623 2267 731 2297 penus,
756 2257 843 2288 aliud

143 2308 387 2348 promptuarium
419 2308 511 2348 panis
547 2308 606 2338 olei
644 2307 710 2338 vini
738 2308 840 2347 appel-

145 2359 235 2390 letur.
293 2359 333 2390 In
364 2359 449 2390 hanc
475 2358 678 2390 sententiam
702 2359 840 2389 Festum

146 2409 319 2448 scripsisse
343 2414 520 2450 putamus:
548 2418 624 2439 nam
655 2414 839 2439 monstrum

146 2458 243 2489 verbi
260 2465 345 2494 erat,
360 2459 559 2500 pantoleium,
581 2468 641 2499 pro
655 2459 758 2498 panis,
770 2459 840 2499 olei,

145 2508 223 2538 vini.
250 2509 424 2541 Jos.Sca1.

188 2557 386 2598 Promptum]
412 2559 545 2589 Revera
566 2562 739 2598 promptum
755 2563 806 2590 est
821 2568 841 2589 a

145 2617 263 2648 promo,
275 2607 364 2647 quod
381 2618 398 2637 a
408 2618 463 2648 pro
479 2613 515 2639 et
527 2618 603 2645 emo,
615 2618 722 2645 sumo,
732 2609 840 2649 capio.

148 2658 194 2688 Et
220 2666 358 2697 promere
384 2662 449 2693 est,
465 2658 555 2697 quod
583 2658 748 2690 inclusum
766 2664 842 2691 erat

148 2712 184 2739 et
198 2707 409 2740 reconditum
426 2706 591 2748 proferre.
619 2708 704 2740 Inde
718 2718 841 2749 promp-

896 1604 1046 1642 tuarium,
1073 1603 1162 1645 quod
1189 1608 1226 1634 et
1252 1603 1486 1643 promptuaria
1502 1604 1600 1643 celia,

897 1655 952 1686 ubi
969 1664 1022 1685 res
1037 1654 1080 1684 ad
1094 1654 1217 1685 victum
1233 1653 1467 1694 quotidianum
1480 1663 1599 1685 neces-

898 1705 994 1736 sariae
1013 1704 1253 1743 reconduntur,
1272 1709 1309 1734 ut
1332 1704 1410 1733 inde
1428 1713 1503 1734 mox
1521 1713 1598 1743 pro-

897 1761 1044 1786 mantur.
1076 1756 1120 1785 Et
1135 1754 1184 1785 ita
1201 1753 1314 1784 differt
1331 1764 1350 1784 a
1363 1764 1457 1793 penu,
1475 1754 1531 1784 ubi
1544 1764 1598 1785 res

898 1806 1032 1847 penitus
1050 1810 1084 1836 et
1101 1804 1196 1846 quasi
1218 1805 1249 1834 in
1276 1804 1507 1844 penetralibus
1524 1813 1600 1834 cus-

898 1857 1017 1888 toditae
1045 1860 1246 1886 servantur:
1287 1863 1352 1884 nou
1384 1854 1466 1884 satis
1499 1855 1598 1894 capio

895 1905 976 1946 quid
996 1906 1116 1935 Festus
1133 1904 1229 1942 velit,
1245 1913 1321 1934 cum
1338 1903 1398 1942 ait,
1420 1908 1599 1944 promptum

895 1956 929 1986 z'd
951 1956 1014 1987 dici
1037 1955 1181 1995 proprie;
1214 1955 1262 1985 ita
1289 1954 1377 1984 enim
1405 1954 1598 1993 legendum,

896 2015 963 2036 non
980 2006 1151 2046 proprium,
1165 2005 1245 2045 quod
1267 2004 1301 2034 in
1316 2004 1463 2041 futurum
1474 2004 1599 2042 factum

895 2057 949 2087 sit.
996 2057 1040 2087 Et
1070 2065 1136 2087 non
1166 2064 1302 2095 possum
1338 2055 1417 2095 quin
1446 2055 1599 2095 suspicer

898 2107 998 2137 aliter
1012 2107 1149 2137 Festum
1163 2105 1352 2145 scripsisse,
1369 2114 1506 2145 nempe,
1519 2107 1599 2145 quod

896 2157 930 2187 in
946 2166 1072 2188 usuram
1088 2159 1224 2186 tractum
1239 2155 1292 2193 sit,
1308 2160 1345 2185 ut
1362 2154 1465 2190 dicat,
1476 2155 1508 2185 id
1521 2165 1596 2195 pro-

898 2207 971 2247 prie
995 2211 1189 2247 promptum
1214 2205 1342 2235 dictum
1360 2205 1449 2245 quod
1467 2206 1515 2235 ita
1539 2205 1597 2235 de-

898 2261 1092 2297 promptum
1120 2261 1183 2295 est,
1207 2260 1244 2286 ut
1274 2264 1314 2285 eo
1340 2264 1418 2285 mox
1444 2258 1596 2286 utantur.

896 2307 959 2337 Cui
991 2311 1110 2337 contra
1143 2305 1328 2345 opponitur
1358 2315 1467 2346 penus,
1506 2305 1596 2346 quod

895 2357 1021 2388 diutius
1052 2361 1219 2387 servetur.
1277 2356 1321 2386 Et
1344 2365 1442 2395 penus
1478 2358 1594 2394 etiam,

894 2407 926 2438 id
954 2411 1018 2445 est,
1043 2406 1230 2447 penarium,
1258 2406 1398 2444 penaria
1422 2406 1521 2445 celia,
1548 2408 1597 2444 τῷ

892 2456 1139 2498 promptuarium
1163 2455 1369 2486 eontrarium
1387 2461 1463 2495 est;
1490 2462 1525 2487 ut
1541 2467 1594 2487 su-

895 2517 956 2548 pra
974 2508 1256 2538 demonstratum.
1302 2506 1342 2536 In
1359 2506 1425 2538 fine
1439 2508 1593 2547 pantolei-

894 2569 958 2597 um,
969 2558 1054 2599 quod
1068 2556 1358 2596 corruptissimum
1369 2561 1434 2597 est,
1443 2557 1595 2596 Scaliger

894 2606 1219 2647 emendavit‚pam's,
1234 2605 1304 2640 olei,
1319 2606 1396 2637 vini.
1443 2606 1595 2646 Optime,

895 2662 933 2690 ut
949 2663 984 2690 et
998 2657 1135 2690 Fulvius
1149 2656 1307 2688 Ursinus.
1330 2655 1410 2685 Duc.
