<?xml version="1.0" encoding="UTF-8"?>
<!DOCTYPE html PUBLIC "-//W3C//DTD XHTML 1.0 Transitional//EN"
    "http://www.w3.org/TR/xhtml1/DTD/xhtml1-transitional.dtd">
<html xmlns="http://www.w3.org/1999/xhtml" xml:lang="en" lang="en">
 <head>
  <title>
</title>
<meta http-equiv="Content-Type" content="text/html;charset=utf-8" />
  <meta name='ocr-system' content='tesseract 3.04.00' />
  <meta name='ocr-capabilities' content='ocr_page ocr_carea ocr_par ocr_line ocrx_word'/>
</head>
<body>
  <div class='ocr_page' id='page_1' title='image "./mverriiflacciqua02verruoft/mverriiflacciqua02verruoft_0094.png"; bbox 0 0 1876 3025; ppageno 0'>
   <div class='ocr_carea' id='block_1_1' title="bbox 264 168 350 211">
    <p class='ocr_par' dir='ltr' id='par_1_1' title="bbox 264 168 350 211">
     <span class='ocr_line' id='line_1_1' title="bbox 264 168 350 211; baseline 0.012 -1"><span class='ocrx_word' id='word_1_1' title='bbox 264 168 350 211; x_wconf 77' lang='lat'><strong>724</strong></span> 
     </span>
    </p>
   </div>
   <div class='ocr_carea' id='block_1_2' title="bbox 699 170 1259 205">
    <p class='ocr_par' dir='ltr' id='par_1_2' title="bbox 699 170 1259 205">
     <span class='ocr_line' id='line_1_2' title="bbox 699 170 1259 205; baseline -0.007 0"><span class='ocrx_word' id='word_1_2' title='bbox 699 173 850 205; x_wconf 88' lang='lat' dir='ltr'>SEXTI</span> <span class='ocrx_word' id='word_1_3' title='bbox 885 171 1087 203; x_wconf 84' lang='lat' dir='ltr'><strong>POMPElI</strong></span> <span class='ocrx_word' id='word_1_4' title='bbox 1121 170 1259 202; x_wconf 87' lang='lat' dir='ltr'><strong>FESTI</strong></span> 
     </span>
    </p>
   </div>
   <div class='ocr_carea' id='block_1_3' title="bbox 267 264 1712 596">
    <p class='ocr_par' dir='ltr' id='par_1_3' title="bbox 267 264 1712 596">
     <span class='ocr_line' id='line_1_3' title="bbox 322 264 1712 327; baseline -0.008 -10"><span class='ocrx_word' id='word_1_5' title='bbox 322 275 413 317; x_wconf 90' lang='lat' dir='ltr'><strong>Ubi</strong></span> <span class='ocrx_word' id='word_1_6' title='bbox 444 273 481 314; x_wconf 88' lang='lat' dir='ltr'><strong>si</strong></span> <span class='ocrx_word' id='word_1_7' title='bbox 505 271 612 327; x_wconf 91' lang='lat' dir='ltr'><strong>quid</strong></span> <span class='ocrx_word' id='word_1_8' title='bbox 632 283 851 326; x_wconf 82' lang='lat' dir='ltr'><strong>poscamus</strong></span> <span class='ocrx_word' id='word_1_9' title='bbox 872 267 929 309; x_wconf 82' lang='lat' dir='ltr'><strong>ad</strong></span> <span class='ocrx_word' id='word_1_10' title='bbox 947 266 1076 308; x_wconf 77' lang='lat' dir='ltr'><strong>ravim</strong></span> <span class='ocrx_word' id='word_1_11' title='bbox 1101 280 1341 321; x_wconf 78' lang='lat' dir='ltr'><strong>poscamus.-</strong></span> <span class='ocrx_word' id='word_1_12' title='bbox 1370 265 1491 316; x_wconf 80' lang='lat' dir='ltr'><strong>item,</strong></span> <span class='ocrx_word' id='word_1_13' title='bbox 1508 264 1712 320; x_wconf 76' lang='lat' dir='ltr'><strong>exper—ju-</strong></span> 
     </span>
     <span class='ocr_line' id='line_1_4' title="bbox 321 334 1615 385; baseline -0.009 -1"><span class='ocrx_word' id='word_1_14' title='bbox 321 341 460 384; x_wconf 77' lang='lat' dir='ltr'><strong>ravi¹⁸</strong></span> <span class='ocrx_word' id='word_1_15' title='bbox 482 338 618 381; x_wconf 83' lang='lat' dir='ltr'><strong>hercle</strong></span> <span class='ocrx_word' id='word_1_16' title='bbox 634 337 767 379; x_wconf 79' lang='lat' dir='ltr'><strong>omnia</strong></span> <span class='ocrx_word' id='word_1_17' title='bbox 788 335 844 376; x_wconf 84' lang='lat' dir='ltr'><strong>ad</strong></span> <span class='ocrx_word' id='word_1_18' title='bbox 863 349 1031 376; x_wconf 80' lang='lat' dir='ltr'><strong>raucam</strong></span> <span class='ocrx_word' id='word_1_19' title='bbox 1051 334 1202 385; x_wconf 80' lang='lat' dir='ltr'><em>ravim,</em></span> <span class='ocrx_word' id='word_1_20' title='bbox 1221 335 1267 375; x_wconf 88' lang='lat' dir='ltr'><strong>in</strong></span> <span class='ocrx_word' id='word_1_21' title='bbox 1289 335 1547 383; x_wconf 81' lang='lat' dir='ltr'><strong>Artemone,</strong></span> <span class='ocrx_word' id='word_1_22' title='bbox 1570 338 1615 374; x_wconf 82' lang='lat' dir='ltr'><strong>et</strong></span> 
     </span>
     <span class='ocr_line' id='line_1_5' title="bbox 913 401 1711 457; baseline -0.001 -14"><span class='ocrx_word' id='word_1_23' title='bbox 913 401 1098 443; x_wconf 62' lang='lat' dir='ltr'><strong>Caecilius</strong></span> <span class='ocrx_word' id='word_1_24' title='bbox 1120 403 1166 443; x_wconf 91' lang='lat' dir='ltr'><strong>in</strong></span> <span class='ocrx_word' id='word_1_25' title='bbox 1190 402 1473 457; x_wconf 87' lang='lat' dir='ltr'><strong>Hypolimaeo</strong></span> <span class='ocrx_word' id='word_1_26' title='bbox 1489 415 1498 443; x_wconf 78' lang='lat' dir='ltr'><strong><em>z</em></strong></span> <span class='ocrx_word' id='word_1_27' title='bbox 1516 407 1548 434; x_wconf 87' lang='lat'><strong>¹9</strong></span> <span class='ocrx_word' id='word_1_28' title='bbox 1578 401 1711 443; x_wconf 89' lang='lat' dir='ltr'><strong>Prius</strong></span> 
     </span>
     <span class='ocr_line' id='line_1_6' title="bbox 323 470 1299 529; baseline -0.009 -11"><span class='ocrx_word' id='word_1_29' title='bbox 323 477 378 518; x_wconf 81' lang='lat' dir='ltr'><strong>ad</strong></span> <span class='ocrx_word' id='word_1_30' title='bbox 396 476 528 517; x_wconf 78' lang='lat' dir='ltr'><strong>ravim</strong></span> <span class='ocrx_word' id='word_1_31' title='bbox 538 474 718 529; x_wconf 75' lang='lat' dir='ltr'><strong>poscaris</strong></span> <span class='ocrx_word' id='word_1_32' title='bbox 740 487 863 528; x_wconf 81' lang='lat' dir='ltr'><strong>quam</strong></span> <span class='ocrx_word' id='word_1_33' title='bbox 880 470 1117 526; x_wconf 80' lang='lat' dir='ltr'><em>placentem</em></span> <span class='ocrx_word' id='word_1_34' title='bbox 1134 470 1299 511; x_wconf 87' lang='lat' dir='ltr'><strong>feceris</strong></span> 
     </span>
     <span class='ocr_line' id='line_1_7' title="bbox 267 536 1712 596; baseline -0.007 -10"><span class='ocrx_word' id='word_1_35' title='bbox 267 545 430 587; x_wconf 84' lang='lat' dir='ltr'><strong>Ravim</strong></span> <span class='ocrx_word' id='word_1_36' title='bbox 463 542 694 584; x_wconf 63' lang='lat' dir='ltr'><strong>dicebant‘</strong></span> <span class='ocrx_word' id='word_1_37' title='bbox 721 554 799 596; x_wconf 87' lang='lat' dir='ltr'><strong>pro</strong></span> <span class='ocrx_word' id='word_1_38' title='bbox 819 540 1062 581; x_wconf 82' lang='lat' dir='ltr'>raucitate:</span> <span class='ocrx_word' id='word_1_39' title='bbox 1095 538 1209 580; x_wconf 90' lang='lat' dir='ltr'><strong>unde</strong></span> <span class='ocrx_word' id='word_1_40' title='bbox 1244 542 1290 578; x_wconf 85' lang='lat' dir='ltr'><strong>et</strong></span> <span class='ocrx_word' id='word_1_41' title='bbox 1321 537 1498 579; x_wconf 85' lang='lat' dir='ltr'><strong>verbum</strong></span> <span class='ocrx_word' id='word_1_42' title='bbox 1530 536 1712 590; x_wconf 79' lang='lat' dir='ltr'><strong>[PAUL.</strong></span> 
     </span>
    </p>
   </div>
   <div class='ocr_carea' id='block_1_4' title="bbox 323 610 663 662">
    <p class='ocr_par' dir='ltr' id='par_1_4' title="bbox 323 610 663 662">
     <span class='ocr_line' id='line_1_8' title="bbox 323 610 663 662; baseline -0.012 -9"><span class='ocrx_word' id='word_1_43' title='bbox 323 612 465 662; x_wconf 84' lang='lat' dir='ltr'><strong>ravio,</strong></span> <span class='ocrx_word' id='word_1_44' title='bbox 488 610 663 651; x_wconf 83' lang='lat' dir='ltr'><strong>ravis.20</strong></span> 
     </span>
    </p>
   </div>
   <div class='ocr_carea' id='block_1_5' title="bbox 267 672 1714 869">
    <p class='ocr_par' dir='ltr' id='par_1_5' title="bbox 267 672 1714 869">
     <span class='ocr_line' id='line_1_9' title="bbox 267 672 1714 732; baseline -0.007 -10"><span class='ocrx_word' id='word_1_45' title='bbox 267 680 480 721; x_wconf 72' lang='lat' dir='ltr'><strong>Raucosu</strong></span> <span class='ocrx_word' id='word_1_46' title='bbox 502 678 742 732; x_wconf 80' lang='lat' dir='ltr'><strong>appellatos</strong></span> <span class='ocrx_word' id='word_1_47' title='bbox 769 690 847 716; x_wconf 83' lang='lat' dir='ltr'><strong>esse</strong></span> <span class='ocrx_word' id='word_1_48' title='bbox 881 674 941 715; x_wconf 82' lang='lat' dir='ltr'><strong>ait</strong></span> <span class='ocrx_word' id='word_1_49' title='bbox 968 672 1137 714; x_wconf 77' lang='lat' dir='ltr'><strong>Verrius</strong></span> <span class='ocrx_word' id='word_1_50' title='bbox 1157 672 1288 714; x_wconf 75' lang='lat' dir='ltr'><strong>videri</strong></span> <span class='ocrx_word' id='word_1_51' title='bbox 1315 674 1370 714; x_wconf 81' lang='lat' dir='ltr'><strong>ab</strong></span> <span class='ocrx_word' id='word_1_52' title='bbox 1385 672 1517 714; x_wconf 81' lang='lat' dir='ltr'><strong>aridi·</strong></span> <span class='ocrx_word' id='word_1_53' title='bbox 1550 672 1714 724; x_wconf 75' lang='lat' dir='ltr'><strong>[FEST.</strong></span> 
     </span>
     <span class='ocr_line' id='line_1_10' title="bbox 324 738 1714 798; baseline -0.006 -10"><span class='ocrx_word' id='word_1_54' title='bbox 324 751 429 796; x_wconf 86' lang='lat' dir='ltr'><strong>tate,</strong></span> <span class='ocrx_word' id='word_1_55' title='bbox 450 746 531 786; x_wconf 76' lang='lat' dir='ltr'><strong>sive</strong></span> <span class='ocrx_word' id='word_1_56' title='bbox 550 760 576 785; x_wconf 88' lang='grc' dir='ltr'><em>α</em></span> <span class='ocrx_word' id='word_1_57' title='bbox 597 743 876 786; x_wconf 78' lang='lat' dir='ltr'><strong>Similitudine</strong></span> <span class='ocrx_word' id='word_1_58' title='bbox 897 742 1076 798; x_wconf 80' lang='lat' dir='ltr'><strong>quadam</strong></span> <span class='ocrx_word' id='word_1_59' title='bbox 1095 740 1308 796; x_wconf 80' lang='lat' dir='ltr'><strong>spicarum</strong></span> <span class='ocrx_word' id='word_1_60' title='bbox 1332 741 1495 790; x_wconf 66' lang='lat' dir='ltr'><strong>aristae,</strong></span> <span class='ocrx_word' id='word_1_61' title='bbox 1515 740 1559 780; x_wconf 89' lang='lat' dir='ltr'><strong>in</strong></span> <span class='ocrx_word' id='word_1_62' title='bbox 1589 738 1714 793; x_wconf 79' lang='lat' dir='ltr'><strong>spicis</strong></span> 
     </span>
     <span class='ocr_line' id='line_1_11' title="bbox 323 807 1618 869; baseline -0.004 -15"><span class='ocrx_word' id='word_1_63' title='bbox 323 828 494 869; x_wconf 76' lang='lat' dir='ltr'><strong>namque</strong></span> <span class='ocrx_word' id='word_1_64' title='bbox 508 813 632 867; x_wconf 80' lang='lat' dir='ltr'><em>flava</em></span> <span class='ocrx_word' id='word_1_65' title='bbox 650 811 886 868; x_wconf 80' lang='lat' dir='ltr'><strong>frumenta</strong></span> <span class='ocrx_word' id='word_1_66' title='bbox 906 823 1013 852; x_wconf 85' lang='lat' dir='ltr'><strong>rava</strong></span> <span class='ocrx_word' id='word_1_67' title='bbox 1034 809 1251 864; x_wconf 81' lang='lat' dir='ltr'><strong>appellari</strong></span> <span class='ocrx_word' id='word_1_68' title='bbox 1275 808 1387 849; x_wconf 86' lang='lat' dir='ltr'><em>Idem</em></span> <span class='ocrx_word' id='word_1_69' title='bbox 1410 807 1618 849; x_wconf 79' lang='lat' dir='ltr'><strong>Verrius.¹</strong></span> 
     </span>
    </p>
   </div>
   <div class='ocr_carea' id='block_1_6' title="bbox 267 882 784 934">
    <p class='ocr_par' dir='ltr' id='par_1_6' title="bbox 267 882 784 934">
     <span class='ocr_line' id='line_1_12' title="bbox 267 882 784 934; baseline -0.006 -11"><span class='ocrx_word' id='word_1_70' title='bbox 267 882 493 923; x_wconf 56' lang='lat' dir='ltr'><strong>REAPSEX</strong></span> <span class='ocrx_word' id='word_1_71' title='bbox 522 884 648 922; x_wconf 85' lang='lat' dir='ltr'><strong>estre</strong></span> <span class='ocrx_word' id='word_1_72' title='bbox 669 882 784 934; x_wconf 82' lang='lat' dir='ltr'><strong>ipsa.</strong></span> 
     </span>
    </p>
   </div>
   <div class='ocr_carea' id='block_1_7' title="bbox 866 875 1714 931">
    <p class='ocr_par' dir='ltr' id='par_1_7' title="bbox 866 875 1714 931">
     <span class='ocr_line' id='line_1_13' title="bbox 866 875 1714 931; baseline -0.005 -11"><span class='ocrx_word' id='word_1_73' title='bbox 866 878 1092 920; x_wconf 81' lang='lat' dir='ltr'><strong>Pacuvius</strong></span> <span class='ocrx_word' id='word_1_74' title='bbox 1112 879 1154 918; x_wconf 93' lang='lat' dir='ltr'><strong>in</strong></span> <span class='ocrx_word' id='word_1_75' title='bbox 1175 876 1409 918; x_wconf 87' lang='lat' dir='ltr'><strong>Armorum</strong></span> <span class='ocrx_word' id='word_1_76' title='bbox 1434 876 1631 931; x_wconf 86' lang='lat' dir='ltr'><strong>judicio:</strong></span> <span class='ocrx_word' id='word_1_77' title='bbox 1664 875 1714 916; x_wconf 84' lang='lat' dir='ltr'><strong>Si</strong></span> 
     </span>
    </p>
   </div>
   <div class='ocr_carea' id='block_1_8' title="bbox 266 944 1712 1138">
    <p class='ocr_par' dir='ltr' id='par_1_8' title="bbox 266 944 1712 1138">
     <span class='ocr_line' id='line_1_14' title="bbox 321 944 1359 1001; baseline -0.005 -11"><span class='ocrx_word' id='word_1_78' title='bbox 321 963 409 990; x_wconf 90' lang='lat' dir='ltr'><strong>non</strong></span> <span class='ocrx_word' id='word_1_79' title='bbox 428 954 496 990; x_wconf 86' lang='lat' dir='ltr'><strong>est</strong></span> <span class='ocrx_word' id='word_1_80' title='bbox 518 951 732 1001; x_wconf 79' lang='lat' dir='ltr'><strong>ingratum</strong></span> <span class='ocrx_word' id='word_1_81' title='bbox 755 959 929 1001; x_wconf 81' lang='lat' dir='ltr'><strong>reapse,</strong></span> <span class='ocrx_word' id='word_1_82' title='bbox 953 945 1100 1000; x_wconf 86' lang='lat' dir='ltr'><strong>quod²</strong></span> <span class='ocrx_word' id='word_1_83' title='bbox 1123 944 1211 986; x_wconf 90' lang='lat' dir='ltr'><strong>feci</strong></span> <span class='ocrx_word' id='word_1_84' title='bbox 1233 946 1359 986; x_wconf 89' lang='lat' dir='ltr'><strong>bene.</strong></span> 
     </span>
     <span class='ocr_line' id='line_1_15' title="bbox 266 1011 1579 1066; baseline -0.005 -8"><span class='ocrx_word' id='word_1_85' title='bbox 266 1016 537 1066; x_wconf 81' lang='lat' dir='ltr'><strong>Recellere,y</strong></span> <span class='ocrx_word' id='word_1_86' title='bbox 557 1017 794 1066; x_wconf 83' lang='lat' dir='ltr'><strong>reclinare;</strong></span> <span class='ocrx_word' id='word_1_87' title='bbox 826 1019 868 1056; x_wconf 80' lang='lat' dir='ltr'><strong>et</strong></span> <span class='ocrx_word' id='word_1_88' title='bbox 889 1014 1116 1065; x_wconf 88' lang='lat' dir='ltr'><strong>excellere,</strong></span> <span class='ocrx_word' id='word_1_89' title='bbox 1137 1013 1182 1053; x_wconf 89' lang='lat' dir='ltr'><strong>in</strong></span> <span class='ocrx_word' id='word_1_90' title='bbox 1204 1013 1340 1053; x_wconf 83' lang='lat' dir='ltr'><strong>altum</strong></span> <span class='ocrx_word' id='word_1_91' title='bbox 1360 1011 1579 1053; x_wconf 77' lang='lat' dir='ltr'><strong>extollere.</strong></span> 
     </span>
     <span class='ocr_line' id='line_1_16' title="bbox 268 1076 1712 1138; baseline -0.004 -14"><span class='ocrx_word' id='word_1_92' title='bbox 268 1083 576 1138; x_wconf 80' lang='lat' dir='ltr'><strong>Recepticium</strong></span> <span class='ocrx_word' id='word_1_93' title='bbox 592 1089 606 1105; x_wconf 75' lang='lat'>²</span> <span class='ocrx_word' id='word_1_94' title='bbox 648 1096 839 1133; x_wconf 85' lang='lat' dir='ltr'><strong>servum,</strong></span> <span class='ocrx_word' id='word_1_95' title='bbox 881 1081 991 1122; x_wconf 81' lang='lat' dir='ltr'><strong>Cato</strong></span> <span class='ocrx_word' id='word_1_96' title='bbox 1027 1081 1072 1121; x_wconf 90' lang='lat' dir='ltr'><strong>in</strong></span> <span class='ocrx_word' id='word_1_97' title='bbox 1107 1080 1319 1122; x_wconf 83' lang='lat' dir='ltr'><strong>suasione</strong></span> <span class='ocrx_word' id='word_1_98' title='bbox 1350 1079 1462 1132; x_wconf 84' lang='lat' dir='ltr'><strong>legis</strong></span> <span class='ocrx_word' id='word_1_99' title='bbox 1496 1076 1712 1119; x_wconf 84' lang='lat' dir='ltr'><strong>Voconiae</strong></span> 
     </span>
    </p>
   </div>
   <div class='ocr_carea' id='block_1_9' title="bbox 870 1201 1113 1214">
    <p class='ocr_par' dir='ltr' id='par_1_9' title="bbox 870 1201 1113 1214">
     <span class='ocr_line' id='line_1_17' title="bbox 870 1201 1113 1214; baseline -0.008 0"><span class='ocrx_word' id='word_1_100' title='bbox 870 1203 887 1214; x_wconf 69' lang='lat' dir='ltr'><strong>e</strong></span> <span class='ocrx_word' id='word_1_101' title='bbox 892 1201 1113 1213; x_wconf 50' lang='lat' dir='ltr'><strong>‘mortno‘</strong></span> 
     </span>
    </p>
   </div>
   <div class='ocr_carea' id='block_1_10' title="bbox 310 1260 1715 1321">
    <p class='ocr_par' dir='ltr' id='par_1_10' title="bbox 310 1260 1715 1321">
     <span class='ocr_line' id='line_1_18' title="bbox 310 1260 1715 1321; baseline -0.003 -18"><span class='ocrx_word' id='word_1_102' title='bbox 310 1276 351 1303; x_wconf 80' lang='lat'><strong>18</strong></span> <span class='ocrx_word' id='word_1_103' title='bbox 375 1260 437 1303; x_wconf 79' lang='lat' dir='ltr'><strong>Vir</strong></span> <span class='ocrx_word' id='word_1_104' title='bbox 467 1273 557 1305; x_wconf 88' lang='lat' dir='ltr'><strong>doct.</strong></span> <span class='ocrx_word' id='word_1_105' title='bbox 582 1274 614 1304; x_wconf 87' lang='lat' dir='ltr'><strong>iu</strong></span> <span class='ocrx_word' id='word_1_106' title='bbox 639 1283 744 1314; x_wconf 80' lang='lat' dir='ltr'><strong>marg.</strong></span> <span class='ocrx_word' id='word_1_107' title='bbox 772 1273 926 1321; x_wconf 77' lang='lat' dir='ltr'><strong>ejusdem</strong></span> <span class='ocrx_word' id='word_1_108' title='bbox 953 1273 1007 1304; x_wconf 87' lang='lat' dir='ltr'><strong>ed.</strong></span> <span class='ocrx_word' id='word_1_109' title='bbox 1039 1273 1128 1312; x_wconf 88' lang='lat' dir='ltr'><strong>conj.</strong></span> <span class='ocrx_word' id='word_1_110' title='bbox 1155 1271 1424 1313; x_wconf 77' lang='lat' dir='ltr'><strong>expurgavi.—l9</strong></span> <span class='ocrx_word' id='word_1_111' title='bbox 1447 1269 1531 1302; x_wconf 81' lang='lat' dir='ltr'><strong>Ead.</strong></span> <span class='ocrx_word' id='word_1_112' title='bbox 1547 1268 1601 1300; x_wconf 92' lang='lat' dir='ltr'><strong>ed.</strong></span> <span class='ocrx_word' id='word_1_113' title='bbox 1627 1272 1658 1300; x_wconf 80' lang='lat' dir='ltr'><strong>et</strong></span> <span class='ocrx_word' id='word_1_114' title='bbox 1682 1267 1715 1299; x_wconf 83' lang='lat' dir='ltr'><strong>in</strong></span> 
     </span>
    </p>
   </div>
   <div class='ocr_carea' id='block_1_11' title="bbox 267 1315 536 1347">
    <p class='ocr_par' dir='ltr' id='par_1_11' title="bbox 267 1315 536 1347">
     <span class='ocr_line' id='line_1_19' title="bbox 267 1315 536 1347; baseline 0.007 -1"><span class='ocrx_word' id='word_1_115' title='bbox 267 1315 436 1347; x_wconf 77' lang='lat' dir='ltr'><strong>Artemone</strong></span> <span class='ocrx_word' id='word_1_116' title='bbox 451 1320 481 1347; x_wconf 85' lang='lat' dir='ltr'><strong>et</strong></span> <span class='ocrx_word' id='word_1_117' title='bbox 527 1338 536 1347; x_wconf 85' lang='lat'><strong>.</strong></span> 
     </span>
    </p>
   </div>
   <div class='ocr_carea' id='block_1_12' title="bbox 689 1312 1716 1356">
    <p class='ocr_par' dir='ltr' id='par_1_12' title="bbox 689 1312 1716 1356">
     <span class='ocr_line' id='line_1_20' title="bbox 689 1312 1716 1356; baseline -0.006 -9"><span class='ocrx_word' id='word_1_118' title='bbox 689 1340 697 1347; x_wconf 90' lang='lat'><strong>.</strong></span> <span class='ocrx_word' id='word_1_119' title='bbox 745 1317 892 1347; x_wconf 80' lang='lat' dir='ltr'><strong>Caecilius</strong></span> <span class='ocrx_word' id='word_1_120' title='bbox 908 1317 941 1346; x_wconf 87' lang='lat' dir='ltr'><strong>in</strong></span> <span class='ocrx_word' id='word_1_121' title='bbox 958 1316 1203 1356; x_wconf 78' lang='lat' dir='ltr'><strong>Hypobolimoeo.</strong></span> <span class='ocrx_word' id='word_1_122' title='bbox 1238 1315 1319 1345; x_wconf 86' lang='lat' dir='ltr'><strong>Vid.</strong></span> <span class='ocrx_word' id='word_1_123' title='bbox 1338 1314 1420 1345; x_wconf 86' lang='lat' dir='ltr'><strong>Not.</strong></span> <span class='ocrx_word' id='word_1_124' title='bbox 1438 1313 1522 1345; x_wconf 87' lang='lat' dir='ltr'><strong>Dac.</strong></span> <span class='ocrx_word' id='word_1_125' title='bbox 1526 1314 1610 1344; x_wconf 84' lang='lat'><strong>—20</strong></span> <span class='ocrx_word' id='word_1_126' title='bbox 1634 1312 1716 1342; x_wconf 87' lang='lat' dir='ltr'><strong>Vet.</strong></span> 
     </span>
    </p>
   </div>
   <div class='ocr_carea' id='block_1_13' title="bbox 267 1339 1437 1397">
    <p class='ocr_par' dir='ltr' id='par_1_13' title="bbox 267 1339 1437 1397">
     <span class='ocr_line' id='line_1_21' title="bbox 267 1339 1437 1397; baseline -0.001 -9"><span class='ocrx_word' id='word_1_127' title='bbox 267 1358 327 1389; x_wconf 85' lang='lat' dir='ltr'><strong>lib.</strong></span> <span class='ocrx_word' id='word_1_128' title='bbox 343 1359 459 1390; x_wconf 76' lang='lat' dir='ltr'><strong>ravias.</strong></span> <span class='ocrx_word' id='word_1_129' title='bbox 463 1362 522 1389; x_wconf 93' lang='lat'><strong>—1</strong></span> <span class='ocrx_word' id='word_1_130' title='bbox 550 1339 830 1391; x_wconf 61' lang='lat' dir='ltr'><strong>Ed.S&#39;ca1.1dem</strong></span> <span class='ocrx_word' id='word_1_131' title='bbox 848 1359 976 1390; x_wconf 79' lang='lat' dir='ltr'><strong>Verrius</strong></span> <span class='ocrx_word' id='word_1_132' title='bbox 992 1361 1091 1390; x_wconf 79' lang='lat' dir='ltr'><strong>docet.</strong></span> <span class='ocrx_word' id='word_1_133' title='bbox 1095 1362 1157 1389; x_wconf 87' lang='lat'><strong>—2</strong></span> <span class='ocrx_word' id='word_1_134' title='bbox 1182 1357 1268 1389; x_wconf 88' lang='lat' dir='ltr'><strong>Ead.</strong></span> <span class='ocrx_word' id='word_1_135' title='bbox 1285 1357 1339 1389; x_wconf 86' lang='lat' dir='ltr'><strong>ed.</strong></span> <span class='ocrx_word' id='word_1_136' title='bbox 1354 1357 1437 1397; x_wconf 83' lang='lat' dir='ltr'><strong>quid.</strong></span> 
     </span>
    </p>
   </div>
   <div class='ocr_carea' id='block_1_14' title="bbox 919 1465 1062 1498">
    <p class='ocr_par' dir='ltr' id='par_1_14' title="bbox 919 1465 1062 1498">
     <span class='ocr_line' id='line_1_22' title="bbox 919 1465 1062 1498; baseline -0.007 0"><span class='ocrx_word' id='word_1_137' title='bbox 919 1465 1062 1498; x_wconf 84' lang='lat' dir='ltr'><strong>NOTAE</strong></span> 
     </span>
    </p>
   </div>
   <div class='ocr_carea' id='block_1_15' title="bbox 265 1530 966 2777">
    <p class='ocr_par' dir='ltr' id='par_1_15' title="bbox 266 1530 963 1619">
     <span class='ocr_line' id='line_1_23' title="bbox 266 1530 963 1571; baseline 0.001 -10"><span class='ocrx_word' id='word_1_138' title='bbox 266 1534 301 1562; x_wconf 88' lang='lat' dir='ltr'><strong>et</strong></span> <span class='ocrx_word' id='word_1_139' title='bbox 332 1530 489 1562; x_wconf 79' lang='lat' dir='ltr'><strong>Caeciuus</strong></span> <span class='ocrx_word' id='word_1_140' title='bbox 520 1531 552 1561; x_wconf 90' lang='lat' dir='ltr'><strong>in</strong></span> <span class='ocrx_word' id='word_1_141' title='bbox 580 1530 853 1571; x_wconf 80' lang='lat' dir='ltr'><strong>Hypobolimaeo.</strong></span> <span class='ocrx_word' id='word_1_142' title='bbox 884 1531 963 1562; x_wconf 81' lang='lat' dir='ltr'><strong>Ant.</strong></span> 
     </span>
     <span class='ocr_line' id='line_1_24' title="bbox 268 1581 354 1619; baseline -0.012 -7"><span class='ocrx_word' id='word_1_143' title='bbox 268 1581 354 1619; x_wconf 85' lang='lat' dir='ltr'><strong>Aug.</strong></span> 
     </span>
    </p>

    <p class='ocr_par' dir='ltr' id='par_1_16' title="bbox 265 1630 965 1922">
     <span class='ocr_line' id='line_1_25' title="bbox 311 1630 964 1672; baseline 0.002 -11"><span class='ocrx_word' id='word_1_144' title='bbox 311 1631 427 1662; x_wconf 80' lang='lat' dir='ltr'><strong>Ravim</strong></span> <span class='ocrx_word' id='word_1_145' title='bbox 446 1631 583 1672; x_wconf 75' lang='lat' dir='ltr'><strong>antiqui]</strong></span> <span class='ocrx_word' id='word_1_146' title='bbox 611 1631 702 1670; x_wconf 83' lang='lat' dir='ltr'><strong>Lege</strong></span> <span class='ocrx_word' id='word_1_147' title='bbox 722 1630 810 1662; x_wconf 86' lang='lat' dir='ltr'><strong>infra</strong></span> <span class='ocrx_word' id='word_1_148' title='bbox 827 1642 835 1663; x_wconf 92' lang='lat'>:</span> <span class='ocrx_word' id='word_1_149' title='bbox 860 1631 964 1662; x_wconf 83' lang='lat' dir='ltr'><em>Item:</em></span> 
     </span>
     <span class='ocr_line' id='line_1_26' title="bbox 266 1681 963 1720; baseline -0.001 -8"><span class='ocrx_word' id='word_1_150' title='bbox 266 1682 444 1720; x_wconf 82' lang='lat' dir='ltr'><strong>expurgabo</strong></span> <span class='ocrx_word' id='word_1_151' title='bbox 465 1681 564 1711; x_wconf 79' lang='lat' dir='ltr'><strong>hercle</strong></span> <span class='ocrx_word' id='word_1_152' title='bbox 589 1683 690 1712; x_wconf 77' lang='lat' dir='ltr'><strong>omnia</strong></span> <span class='ocrx_word' id='word_1_153' title='bbox 709 1683 748 1712; x_wconf 81' lang='lat' dir='ltr'><strong>ad</strong></span> <span class='ocrx_word' id='word_1_154' title='bbox 769 1691 892 1712; x_wconf 77' lang='lat' dir='ltr'><strong><em>raucam</em></strong></span> <span class='ocrx_word' id='word_1_155' title='bbox 912 1692 963 1712; x_wconf 82' lang='lat' dir='ltr'><strong>ra-</strong></span> 
     </span>
     <span class='ocr_line' id='line_1_27' title="bbox 265 1731 965 1771; baseline 0.001 -10"><span class='ocrx_word' id='word_1_156' title='bbox 265 1732 339 1762; x_wconf 85' lang='lat' dir='ltr'><strong><em>vim.</em></strong></span> <span class='ocrx_word' id='word_1_157' title='bbox 390 1731 450 1762; x_wconf 88' lang='lat' dir='ltr'><strong>Est</strong></span> <span class='ocrx_word' id='word_1_158' title='bbox 480 1732 569 1762; x_wconf 87' lang='lat' dir='ltr'><strong>enim</strong></span> <span class='ocrx_word' id='word_1_159' title='bbox 594 1731 683 1762; x_wconf 89' lang='lat' dir='ltr'><strong>idem</strong></span> <span class='ocrx_word' id='word_1_160' title='bbox 716 1732 809 1762; x_wconf 88' lang='lat' dir='ltr'><strong>locus</strong></span> <span class='ocrx_word' id='word_1_161' title='bbox 836 1732 965 1771; x_wconf 72' lang='lat' dir='ltr'><strong>Plauti,</strong></span> 
     </span>
     <span class='ocr_line' id='line_1_28' title="bbox 266 1782 964 1822; baseline 0.001 -10"><span class='ocrx_word' id='word_1_162' title='bbox 266 1791 365 1822; x_wconf 87' lang='lat' dir='ltr'><strong>quem</strong></span> <span class='ocrx_word' id='word_1_163' title='bbox 381 1791 483 1822; x_wconf 84' lang='lat' dir='ltr'><strong>supra</strong></span> <span class='ocrx_word' id='word_1_164' title='bbox 506 1783 540 1813; x_wconf 91' lang='lat' dir='ltr'><strong>in</strong></span> <span class='ocrx_word' id='word_1_165' title='bbox 562 1784 570 1799; x_wconf 89' lang='lat'>‘</span> <span class='ocrx_word' id='word_1_166' title='bbox 589 1782 716 1813; x_wconf 88' lang='lat' dir='ltr'><strong>Ravam</strong></span> <span class='ocrx_word' id='word_1_167' title='bbox 741 1782 879 1814; x_wconf 88' lang='lat' dir='ltr'><strong>vocem.&#39;</strong></span> <span class='ocrx_word' id='word_1_168' title='bbox 925 1783 964 1813; x_wconf 89' lang='lat' dir='ltr'><strong>In</strong></span> 
     </span>
     <span class='ocr_line' id='line_1_29' title="bbox 267 1833 964 1873; baseline 0.003 -11"><span class='ocrx_word' id='word_1_169' title='bbox 267 1842 367 1863; x_wconf 84' lang='lat' dir='ltr'><strong>versu</strong></span> <span class='ocrx_word' id='word_1_170' title='bbox 396 1833 539 1871; x_wconf 82' lang='lat' dir='ltr'><strong>Caecilii,</strong></span> <span class='ocrx_word' id='word_1_171' title='bbox 557 1833 653 1863; x_wconf 76' lang='lat' dir='ltr'><strong>Prius</strong></span> <span class='ocrx_word' id='word_1_172' title='bbox 674 1834 713 1864; x_wconf 81' lang='lat' dir='ltr'><strong>ud</strong></span> <span class='ocrx_word' id='word_1_173' title='bbox 734 1834 833 1864; x_wconf 72' lang='lat' dir='ltr'><strong>ravim</strong></span> <span class='ocrx_word' id='word_1_174' title='bbox 858 1843 964 1873; x_wconf 80' lang='lat' dir='ltr'><strong>procu-</strong></span> 
     </span>
     <span class='ocr_line' id='line_1_30' title="bbox 267 1882 909 1922; baseline 0.005 -11"><span class='ocrx_word' id='word_1_175' title='bbox 267 1882 313 1912; x_wconf 69' lang='grc' dir='ltr'><strong>νίς</strong></span> <span class='ocrx_word' id='word_1_176' title='bbox 329 1891 419 1921; x_wconf 84' lang='lat' dir='ltr'><strong>quam</strong></span> <span class='ocrx_word' id='word_1_177' title='bbox 434 1891 481 1912; x_wconf 86' lang='lat' dir='ltr'><strong>me</strong></span> <span class='ocrx_word' id='word_1_178' title='bbox 494 1883 664 1922; x_wconf 77' lang='lat' dir='ltr'><strong>placentem</strong></span> <span class='ocrx_word' id='word_1_179' title='bbox 672 1882 800 1920; x_wconf 79' lang='lat' dir='ltr'><strong>seceris.</strong></span> <span class='ocrx_word' id='word_1_180' title='bbox 825 1883 909 1914; x_wconf 84' lang='lat' dir='ltr'><strong>Dae.</strong></span> 
     </span>
    </p>

    <p class='ocr_par' dir='ltr' id='par_1_17' title="bbox 266 1931 966 2264">
     <span class='ocr_line' id='line_1_31' title="bbox 310 1931 965 1971; baseline 0.003 -11"><span class='ocrx_word' id='word_1_181' title='bbox 310 1931 320 1950; x_wconf 69' lang='lat'><strong>⁸</strong></span> <span class='ocrx_word' id='word_1_182' title='bbox 344 1931 456 1961; x_wconf 83' lang='lat' dir='ltr'><strong>Ravz&#39;m</strong></span> <span class='ocrx_word' id='word_1_183' title='bbox 484 1931 643 1971; x_wconf 80' lang='lat' dir='ltr'><strong>dicebant]</strong></span> <span class='ocrx_word' id='word_1_184' title='bbox 671 1932 779 1970; x_wconf 77' lang='lat' dir='ltr'><strong>Rucis,</strong></span> <span class='ocrx_word' id='word_1_185' title='bbox 805 1932 965 1967; x_wconf 81' lang='lat' dir='ltr'><strong>raucitas,</strong></span> 
     </span>
     <span class='ocr_line' id='line_1_32' title="bbox 267 1980 966 2022; baseline 0.003 -12"><span class='ocrx_word' id='word_1_186' title='bbox 267 1980 366 2019; x_wconf 77' lang='lat' dir='ltr'><strong>racio,</strong></span> <span class='ocrx_word' id='word_1_187' title='bbox 382 1989 483 2010; x_wconf 83' lang='lat' dir='ltr'><strong>rauce</strong></span> <span class='ocrx_word' id='word_1_188' title='bbox 504 1981 634 2021; x_wconf 84' lang='lat' dir='ltr'><strong>loquor.</strong></span> <span class='ocrx_word' id='word_1_189' title='bbox 680 1980 803 2012; x_wconf 87' lang='lat' dir='ltr'><strong>Isidor.</strong></span> <span class='ocrx_word' id='word_1_190' title='bbox 827 1983 836 1998; x_wconf 92' lang='lat'>‘</span> <span class='ocrx_word' id='word_1_191' title='bbox 851 1981 966 2022; x_wconf 86' lang='lat' dir='ltr'><strong>Ravit‚</strong></span> 
     </span>
     <span class='ocr_line' id='line_1_33' title="bbox 267 2030 965 2071; baseline 0.004 -11"><span class='ocrx_word' id='word_1_192' title='bbox 267 2040 366 2060; x_wconf 84' lang='lat' dir='ltr'><strong>rauce</strong></span> <span class='ocrx_word' id='word_1_193' title='bbox 393 2030 564 2071; x_wconf 74' lang='lat' dir='ltr'><strong>loquitur-³</strong></span> <span class='ocrx_word' id='word_1_194' title='bbox 611 2031 781 2062; x_wconf 79' lang='lat' dir='ltr'><strong>Lucilius:</strong></span> <span class='ocrx_word' id='word_1_195' title='bbox 809 2033 817 2048; x_wconf 90' lang='lat'>‘</span> <span class='ocrx_word' id='word_1_196' title='bbox 836 2032 965 2063; x_wconf 82' lang='lat' dir='ltr'><strong>Rausu-</strong></span> 
     </span>
     <span class='ocr_line' id='line_1_34' title="bbox 267 2081 965 2122; baseline 0.006 -12"><span class='ocrx_word' id='word_1_197' title='bbox 267 2090 305 2111; x_wconf 82' lang='lat' dir='ltr'><strong>ro</strong></span> <span class='ocrx_word' id='word_1_198' title='bbox 330 2081 479 2121; x_wconf 78' lang='lat' dir='ltr'><strong>tragicus</strong></span> <span class='ocrx_word' id='word_1_199' title='bbox 495 2082 551 2122; x_wconf 89' lang='lat' dir='ltr'><strong>qui</strong></span> <span class='ocrx_word' id='word_1_200' title='bbox 568 2082 717 2113; x_wconf 83' lang='lat' dir='ltr'><strong>carmina</strong></span> <span class='ocrx_word' id='word_1_201' title='bbox 734 2082 848 2122; x_wconf 86' lang='lat' dir='ltr'><strong>perdit</strong></span> <span class='ocrx_word' id='word_1_202' title='bbox 863 2083 965 2114; x_wconf 85' lang='lat' dir='ltr'><strong>Ores-</strong></span> 
     </span>
     <span class='ocr_line' id='line_1_35' title="bbox 266 2130 964 2174; baseline 0.004 -12"><span class='ocrx_word' id='word_1_203' title='bbox 266 2130 325 2162; x_wconf 64' lang='lat' dir='ltr'><strong>te!</strong></span> <span class='ocrx_word' id='word_1_204' title='bbox 340 2132 425 2163; x_wconf 82' lang='lat' dir='ltr'><strong>Scal.</strong></span> <span class='ocrx_word' id='word_1_205' title='bbox 459 2132 554 2163; x_wconf 92' lang='lat' dir='ltr'><strong>Idem</strong></span> <span class='ocrx_word' id='word_1_206' title='bbox 569 2133 683 2164; x_wconf 87' lang='lat' dir='ltr'><strong>Plaut.</strong></span> <span class='ocrx_word' id='word_1_207' title='bbox 707 2134 716 2150; x_wconf 87' lang='lat'>‘</span> <span class='ocrx_word' id='word_1_208' title='bbox 730 2134 844 2174; x_wconf 88' lang='lat' dir='ltr'><strong>Nego,</strong></span> <span class='ocrx_word' id='word_1_209' title='bbox 859 2139 893 2165; x_wconf 90' lang='lat' dir='ltr'><strong>et</strong></span> <span class='ocrx_word' id='word_1_210' title='bbox 906 2144 964 2165; x_wconf 89' lang='lat' dir='ltr'><strong>ne-</strong></span> 
     </span>
     <span class='ocr_line' id='line_1_36' title="bbox 268 2182 965 2224; baseline 0.004 -12"><span class='ocrx_word' id='word_1_211' title='bbox 268 2182 391 2222; x_wconf 81' lang='lat' dir='ltr'><strong>gando,</strong></span> <span class='ocrx_word' id='word_1_212' title='bbox 422 2183 449 2213; x_wconf 83' lang='lat' dir='ltr'><strong>si</strong></span> <span class='ocrx_word' id='word_1_213' title='bbox 479 2182 558 2223; x_wconf 87' lang='lat' dir='ltr'><strong>quid</strong></span> <span class='ocrx_word' id='word_1_214' title='bbox 588 2182 705 2224; x_wconf 82' lang='lat' dir='ltr'><strong>refert,</strong></span> <span class='ocrx_word' id='word_1_215' title='bbox 736 2183 854 2215; x_wconf 86' lang='lat' dir='ltr'><strong>ravio.&#39;</strong></span> <span class='ocrx_word' id='word_1_216' title='bbox 898 2184 965 2215; x_wconf 87' lang='lat' dir='ltr'><strong>Ubi</strong></span> 
     </span>
     <span class='ocr_line' id='line_1_37' title="bbox 266 2232 665 2264; baseline 0.003 -2"><span class='ocrx_word' id='word_1_217' title='bbox 266 2232 353 2262; x_wconf 84' lang='lat' dir='ltr'><strong>male</strong></span> <span class='ocrx_word' id='word_1_218' title='bbox 369 2232 424 2263; x_wconf 87' lang='lat' dir='ltr'><strong>alii</strong></span> <span class='ocrx_word' id='word_1_219' title='bbox 441 2243 550 2263; x_wconf 79' lang='lat' dir='ltr'><strong>annuo.</strong></span> <span class='ocrx_word' id='word_1_220' title='bbox 576 2234 665 2264; x_wconf 84' lang='lat' dir='ltr'><strong>Dae.</strong></span> 
     </span>
    </p>

    <p class='ocr_par' dir='ltr' id='par_1_18' title="bbox 266 2282 966 2666">
     <span class='ocr_line' id='line_1_38' title="bbox 311 2282 965 2324; baseline 0.003 -12"><span class='ocrx_word' id='word_1_221' title='bbox 311 2288 325 2302; x_wconf 81' lang='lat'><strong>¹¹</strong></span> <span class='ocrx_word' id='word_1_222' title='bbox 350 2282 488 2322; x_wconf 80' lang='lat' dir='ltr'><strong>Ruucos]</strong></span> <span class='ocrx_word' id='word_1_223' title='bbox 512 2282 649 2313; x_wconf 84' lang='lat' dir='ltr'><strong>Raucos</strong></span> <span class='ocrx_word' id='word_1_224' title='bbox 678 2284 867 2324; x_wconf 81' lang='lat' dir='ltr'><strong>appellatos</strong></span> <span class='ocrx_word' id='word_1_225' title='bbox 892 2293 965 2314; x_wconf 81' lang='lat' dir='ltr'><strong>esse</strong></span> 
     </span>
     <span class='ocr_line' id='line_1_39' title="bbox 269 2332 965 2373; baseline 0.001 -10"><span class='ocrx_word' id='word_1_226' title='bbox 269 2332 316 2363; x_wconf 84' lang='lat' dir='ltr'><strong>ait</strong></span> <span class='ocrx_word' id='word_1_227' title='bbox 345 2332 388 2363; x_wconf 78' lang='lat' dir='ltr'><strong>ab</strong></span> <span class='ocrx_word' id='word_1_228' title='bbox 415 2334 586 2373; x_wconf 84' lang='lat' dir='ltr'><strong>ariditate,</strong></span> <span class='ocrx_word' id='word_1_229' title='bbox 615 2334 667 2364; x_wconf 89' lang='lat' dir='ltr'><strong>vel</strong></span> <span class='ocrx_word' id='word_1_230' title='bbox 698 2343 716 2364; x_wconf 90' lang='lat' dir='ltr'><strong>a</strong></span> <span class='ocrx_word' id='word_1_231' title='bbox 746 2334 965 2365; x_wconf 78' lang='lat' dir='ltr'><strong>similitudine</strong></span> 
     </span>
     <span class='ocr_line' id='line_1_40' title="bbox 268 2383 966 2424; baseline 0.004 -11"><span class='ocrx_word' id='word_1_232' title='bbox 268 2383 437 2423; x_wconf 84' lang='lat' dir='ltr'><strong>spicarum</strong></span> <span class='ocrx_word' id='word_1_233' title='bbox 455 2385 592 2414; x_wconf 77' lang='lat' dir='ltr'><strong>aristae:</strong></span> <span class='ocrx_word' id='word_1_234' title='bbox 617 2384 648 2414; x_wconf 88' lang='lat' dir='ltr'><strong>in</strong></span> <span class='ocrx_word' id='word_1_235' title='bbox 673 2384 774 2424; x_wconf 79' lang='lat' dir='ltr'><strong>spicis</strong></span> <span class='ocrx_word' id='word_1_236' title='bbox 792 2386 878 2416; x_wconf 88' lang='lat' dir='ltr'><strong>enim</strong></span> <span class='ocrx_word' id='word_1_237' title='bbox 896 2384 966 2416; x_wconf 87' lang='lat' dir='ltr'><strong>fru-</strong></span> 
     </span>
     <span class='ocr_line' id='line_1_41' title="bbox 268 2434 966 2474; baseline 0.004 -11"><span class='ocrx_word' id='word_1_238' title='bbox 268 2439 395 2468; x_wconf 86' lang='lat' dir='ltr'><strong>menta,</strong></span> <span class='ocrx_word' id='word_1_239' title='bbox 418 2434 513 2464; x_wconf 86' lang='lat' dir='ltr'><strong>Rava</strong></span> <span class='ocrx_word' id='word_1_240' title='bbox 529 2435 694 2474; x_wconf 79' lang='lat' dir='ltr'><strong>appellari</strong></span> <span class='ocrx_word' id='word_1_241' title='bbox 709 2434 820 2466; x_wconf 85' lang='lat' dir='ltr'><strong>docet.</strong></span> <span class='ocrx_word' id='word_1_242' title='bbox 866 2435 966 2466; x_wconf 86' lang='lat' dir='ltr'><strong>Glos-</strong></span> 
     </span>
     <span class='ocr_line' id='line_1_42' title="bbox 268 2484 964 2525; baseline 0.001 -11"><span class='ocrx_word' id='word_1_243' title='bbox 268 2484 410 2515; x_wconf 78' lang='lat' dir='ltr'><strong>sarium:</strong></span> <span class='ocrx_word' id='word_1_244' title='bbox 434 2486 442 2502; x_wconf 93' lang='lat'>‘</span> <span class='ocrx_word' id='word_1_245' title='bbox 459 2485 585 2524; x_wconf 86' lang='lat' dir='ltr'><strong>Ravus,</strong></span> <span class='ocrx_word' id='word_1_246' title='bbox 610 2484 744 2525; x_wconf 82' lang='grc' dir='ltr'>καρπός.’</span> <span class='ocrx_word' id='word_1_247' title='bbox 776 2485 858 2515; x_wconf 84' lang='lat' dir='ltr'><strong>Vult</strong></span> <span class='ocrx_word' id='word_1_248' title='bbox 876 2484 964 2516; x_wconf 82' lang='lat' dir='ltr'><strong>fruc-</strong></span> 
     </span>
     <span class='ocr_line' id='line_1_43' title="bbox 267 2535 965 2575; baseline 0.001 -11"><span class='ocrx_word' id='word_1_249' title='bbox 267 2539 337 2565; x_wconf 85' lang='lat' dir='ltr'><strong>tum</strong></span> <span class='ocrx_word' id='word_1_250' title='bbox 355 2535 506 2575; x_wconf 87' lang='lat' dir='ltr'><strong>quemvis</strong></span> <span class='ocrx_word' id='word_1_251' title='bbox 529 2540 697 2565; x_wconf 81' lang='lat' dir='ltr'><strong>maturum</strong></span> <span class='ocrx_word' id='word_1_252' title='bbox 722 2536 849 2566; x_wconf 81' lang='lat' dir='ltr'><strong>Ravum</strong></span> <span class='ocrx_word' id='word_1_253' title='bbox 868 2545 965 2566; x_wconf 79' lang='lat' dir='ltr'><strong>voca-</strong></span> 
     </span>
     <span class='ocr_line' id='line_1_44' title="bbox 268 2585 965 2625; baseline 0 -10"><span class='ocrx_word' id='word_1_254' title='bbox 268 2585 311 2613; x_wconf 79' lang='lat' dir='ltr'><strong>ri:</strong></span> <span class='ocrx_word' id='word_1_255' title='bbox 341 2586 461 2616; x_wconf 80' lang='lat' dir='ltr'><strong>Festus</strong></span> <span class='ocrx_word' id='word_1_256' title='bbox 474 2590 604 2615; x_wconf 84' lang='lat' dir='ltr'><strong>tantum</strong></span> <span class='ocrx_word' id='word_1_257' title='bbox 617 2585 788 2616; x_wconf 87' lang='lat' dir='ltr'><strong>frumenta</strong></span> <span class='ocrx_word' id='word_1_258' title='bbox 803 2585 833 2615; x_wconf 91' lang='lat' dir='ltr'><strong>iu</strong></span> <span class='ocrx_word' id='word_1_259' title='bbox 852 2585 965 2625; x_wconf 76' lang='lat' dir='ltr'><strong>spicis.</strong></span> 
     </span>
     <span class='ocr_line' id='line_1_45' title="bbox 266 2635 435 2666; baseline 0.024 -4"><span class='ocrx_word' id='word_1_260' title='bbox 266 2635 333 2665; x_wconf 73' lang='lat' dir='ltr'><strong>dos.</strong></span> <span class='ocrx_word' id='word_1_261' title='bbox 351 2636 435 2666; x_wconf 79' lang='lat' dir='ltr'><strong>Scal.</strong></span> 
     </span>
    </p>

    <p class='ocr_par' dir='ltr' id='par_1_19' title="bbox 269 2684 962 2777">
     <span class='ocr_line' id='line_1_46' title="bbox 314 2684 962 2725; baseline 0.002 -10"><span class='ocrx_word' id='word_1_262' title='bbox 314 2684 449 2725; x_wconf 72' lang='lat' dir='ltr'><strong>Raucos]</strong></span> <span class='ocrx_word' id='word_1_263' title='bbox 473 2685 596 2716; x_wconf 79' lang='lat' dir='ltr'><strong>Raucus</strong></span> <span class='ocrx_word' id='word_1_264' title='bbox 612 2695 631 2716; x_wconf 83' lang='lat' dir='ltr'><strong>a</strong></span> <span class='ocrx_word' id='word_1_265' title='bbox 645 2694 737 2716; x_wconf 78' lang='lat' dir='ltr'><strong>ravus</strong></span> <span class='ocrx_word' id='word_1_266' title='bbox 748 2696 764 2716; x_wconf 83' lang='lat' dir='ltr'><strong>c</strong></span> <span class='ocrx_word' id='word_1_267' title='bbox 782 2684 910 2723; x_wconf 86' lang='lat' dir='ltr'><strong>addito,</strong></span> <span class='ocrx_word' id='word_1_268' title='bbox 926 2689 962 2717; x_wconf 89' lang='lat' dir='ltr'><strong>ut</strong></span> 
     </span>
     <span class='ocr_line' id='line_1_47' title="bbox 269 2734 771 2777; baseline 0.004 -13"><span class='ocrx_word' id='word_1_269' title='bbox 269 2742 288 2764; x_wconf 89' lang='lat' dir='ltr'><strong>a</strong></span> <span class='ocrx_word' id='word_1_270' title='bbox 313 2739 321 2751; x_wconf 88' lang='lat'><em>‘</em></span> <span class='ocrx_word' id='word_1_271' title='bbox 335 2735 475 2775; x_wconf 86' lang='lat' dir='ltr'><strong>parum,’</strong></span> <span class='ocrx_word' id='word_1_272' title='bbox 503 2738 512 2753; x_wconf 88' lang='lat'>‘</span> <span class='ocrx_word' id='word_1_273' title='bbox 527 2734 669 2777; x_wconf 64' lang='lat' dir='ltr'><strong>parcus?</strong></span> <span class='ocrx_word' id='word_1_274' title='bbox 692 2736 771 2767; x_wconf 79' lang='lat' dir='ltr'><strong>Dae.</strong></span> 
     </span>
    </p>
   </div>
   <div class='ocr_carea' id='block_1_16' title="bbox 1016 1526 1735 2776">
    <p class='ocr_par' dir='ltr' id='par_1_20' title="bbox 1018 1526 1717 1662">
     <span class='ocr_line' id='line_1_48' title="bbox 1061 1526 1715 1571; baseline -0.009 -9"><span class='ocrx_word' id='word_1_275' title='bbox 1061 1535 1078 1550; x_wconf 70' lang='grc' dir='ltr'><strong>Χ</strong></span> <span class='ocrx_word' id='word_1_276' title='bbox 1102 1529 1238 1571; x_wconf 78' lang='lat' dir='ltr'><strong>Reapse]</strong></span> <span class='ocrx_word' id='word_1_277' title='bbox 1262 1529 1383 1561; x_wconf 88' lang='lat' dir='ltr'><strong>Cicero</strong></span> <span class='ocrx_word' id='word_1_278' title='bbox 1398 1538 1422 1560; x_wconf 85' lang='lat'><strong>1.</strong></span> <span class='ocrx_word' id='word_1_279' title='bbox 1437 1527 1586 1559; x_wconf 83' lang='lat' dir='ltr'><strong>Divinat.</strong></span> <span class='ocrx_word' id='word_1_280' title='bbox 1609 1527 1619 1544; x_wconf 91' lang='lat'>‘</span> <span class='ocrx_word' id='word_1_281' title='bbox 1634 1526 1715 1557; x_wconf 83' lang='lat' dir='ltr'><strong>For-</strong></span> 
     </span>
     <span class='ocr_line' id='line_1_49' title="bbox 1018 1577 1717 1621; baseline -0.009 -9"><span class='ocrx_word' id='word_1_282' title='bbox 1018 1590 1084 1612; x_wconf 85' lang='lat' dir='ltr'><strong>mae</strong></span> <span class='ocrx_word' id='word_1_283' title='bbox 1100 1590 1174 1621; x_wconf 86' lang='lat' dir='ltr'><strong>quae</strong></span> <span class='ocrx_word' id='word_1_284' title='bbox 1201 1590 1320 1620; x_wconf 84' lang='lat' dir='ltr'><strong>reapse</strong></span> <span class='ocrx_word' id='word_1_285' title='bbox 1343 1580 1443 1610; x_wconf 78' lang='lat' dir='ltr'><strong>nullae</strong></span> <span class='ocrx_word' id='word_1_286' title='bbox 1463 1582 1552 1618; x_wconf 86' lang='lat' dir='ltr'><strong>sunt,</strong></span> <span class='ocrx_word' id='word_1_287' title='bbox 1567 1577 1717 1617; x_wconf 89' lang='lat' dir='ltr'><strong>speciem</strong></span> 
     </span>
     <span class='ocr_line' id='line_1_50' title="bbox 1019 1630 1440 1662; baseline -0.005 0"><span class='ocrx_word' id='word_1_288' title='bbox 1019 1636 1131 1662; x_wconf 89' lang='lat' dir='ltr'><strong>autem</strong></span> <span class='ocrx_word' id='word_1_289' title='bbox 1148 1630 1319 1662; x_wconf 87' lang='lat' dir='ltr'><strong>offerunt.&#39;</strong></span> <span class='ocrx_word' id='word_1_290' title='bbox 1344 1631 1440 1661; x_wconf 83' lang='lat' dir='ltr'><strong>Idem.</strong></span> 
     </span>
    </p>

    <p class='ocr_par' dir='ltr' id='par_1_21' title="bbox 1019 1677 1735 2265">
     <span class='ocr_line' id='line_1_51' title="bbox 1061 1677 1717 1721; baseline -0.005 -10"><span class='ocrx_word' id='word_1_291' title='bbox 1061 1687 1074 1708; x_wconf 59' lang='grc' dir='ltr'><strong><em>Υ</em></strong></span> <span class='ocrx_word' id='word_1_292' title='bbox 1100 1680 1270 1720; x_wconf 81' lang='lat' dir='ltr'><strong>Recellere]</strong></span> <span class='ocrx_word' id='word_1_293' title='bbox 1309 1681 1394 1711; x_wconf 78' lang='lat' dir='ltr'><strong>Ceno</strong></span> <span class='ocrx_word' id='word_1_294' title='bbox 1421 1678 1512 1721; x_wconf 85' lang='lat' dir='ltr'><strong>quod</strong></span> <span class='ocrx_word' id='word_1_295' title='bbox 1542 1688 1561 1709; x_wconf 87' lang='lat' dir='ltr'><strong>a</strong></span> <span class='ocrx_word' id='word_1_296' title='bbox 1591 1677 1717 1709; x_wconf 79' lang='lat' dir='ltr'><strong>Graeco</strong></span> 
     </span>
     <span class='ocr_line' id='line_1_52' title="bbox 1019 1728 1717 1771; baseline -0.007 -9"><span class='ocrx_word' id='word_1_297' title='bbox 1019 1730 1136 1769; x_wconf 83' lang='grc' dir='ltr'>κέλλω,</span> <span class='ocrx_word' id='word_1_298' title='bbox 1158 1732 1241 1771; x_wconf 79' lang='grc' dir='ltr'><strong>κινῶ,</strong></span> <span class='ocrx_word' id='word_1_299' title='bbox 1266 1739 1403 1769; x_wconf 82' lang='lat' dir='ltr'><strong>moveo3</strong></span> <span class='ocrx_word' id='word_1_300' title='bbox 1427 1728 1514 1760; x_wconf 89' lang='lat' dir='ltr'><strong>unde</strong></span> <span class='ocrx_word' id='word_1_301' title='bbox 1529 1728 1649 1762; x_wconf 69' lang='lat' dir='ltr'><strong>recena,</strong></span> <span class='ocrx_word' id='word_1_302' title='bbox 1666 1736 1717 1758; x_wconf 86' lang='lat' dir='ltr'><strong>re-</strong></span> 
     </span>
     <span class='ocr_line' id='line_1_53' title="bbox 1021 1778 1717 1818; baseline -0.006 -5"><span class='ocrx_word' id='word_1_303' title='bbox 1021 1787 1073 1813; x_wconf 83' lang='lat' dir='ltr'><strong>tro</strong></span> <span class='ocrx_word' id='word_1_304' title='bbox 1110 1791 1241 1817; x_wconf 89' lang='lat' dir='ltr'><strong>moveo,</strong></span> <span class='ocrx_word' id='word_1_305' title='bbox 1280 1781 1331 1811; x_wconf 89' lang='lat' dir='ltr'><strong>vel</strong></span> <span class='ocrx_word' id='word_1_306' title='bbox 1369 1789 1520 1818; x_wconf 84' lang='lat' dir='ltr'><strong>moveor,</strong></span> <span class='ocrx_word' id='word_1_307' title='bbox 1554 1778 1717 1809; x_wconf 84' lang='lat' dir='ltr'><strong>Recliuo:</strong></span> 
     </span>
     <span class='ocr_line' id='line_1_54' title="bbox 1019 1829 1718 1863; baseline -0.006 -1"><span class='ocrx_word' id='word_1_308' title='bbox 1019 1832 1156 1863; x_wconf 88' lang='lat' dir='ltr'><strong>Lucret.</strong></span> <span class='ocrx_word' id='word_1_309' title='bbox 1179 1832 1238 1863; x_wconf 89' lang='lat' dir='ltr'><strong>lib.</strong></span> <span class='ocrx_word' id='word_1_310' title='bbox 1262 1840 1311 1862; x_wconf 71' lang='lat' dir='ltr'><strong>vx.</strong></span> <span class='ocrx_word' id='word_1_311' title='bbox 1334 1832 1342 1848; x_wconf 86' lang='lat'>‘</span> <span class='ocrx_word' id='word_1_312' title='bbox 1357 1830 1543 1861; x_wconf 86' lang='lat' dir='ltr'><strong>Inclinatur</strong></span> <span class='ocrx_word' id='word_1_313' title='bbox 1559 1829 1648 1859; x_wconf 88' lang='lat' dir='ltr'><strong>enim</strong></span> <span class='ocrx_word' id='word_1_314' title='bbox 1666 1837 1718 1858; x_wconf 87' lang='lat' dir='ltr'><strong>re-</strong></span> 
     </span>
     <span class='ocr_line' id='line_1_55' title="bbox 1020 1879 1719 1922; baseline -0.006 -10"><span class='ocrx_word' id='word_1_315' title='bbox 1020 1887 1143 1922; x_wconf 87' lang='lat' dir='ltr'><strong>troque</strong></span> <span class='ocrx_word' id='word_1_316' title='bbox 1174 1882 1307 1912; x_wconf 87' lang='lat' dir='ltr'><strong>recellit</strong></span> <span class='ocrx_word' id='word_1_317' title='bbox 1335 1882 1382 1911; x_wconf 90' lang='lat' dir='ltr'><strong>Et</strong></span> <span class='ocrx_word' id='word_1_318' title='bbox 1407 1879 1531 1919; x_wconf 89' lang='lat' dir='ltr'><strong>recipit</strong></span> <span class='ocrx_word' id='word_1_319' title='bbox 1559 1879 1719 1919; x_wconf 81' lang='lat' dir='ltr'><strong>prolapsa</strong></span> 
     </span>
     <span class='ocr_line' id='line_1_56' title="bbox 1021 1929 1716 1972; baseline -0.004 -10"><span class='ocrx_word' id='word_1_320' title='bbox 1021 1941 1096 1962; x_wconf 87' lang='lat' dir='ltr'><strong>suas</strong></span> <span class='ocrx_word' id='word_1_321' title='bbox 1112 1932 1194 1962; x_wconf 85' lang='lat' dir='ltr'><strong>sein</strong></span> <span class='ocrx_word' id='word_1_322' title='bbox 1212 1931 1362 1972; x_wconf 84' lang='lat' dir='ltr'><strong>pondere</strong></span> <span class='ocrx_word' id='word_1_323' title='bbox 1376 1929 1498 1961; x_wconf 63' lang='lat' dir='ltr'><strong>sedes!</strong></span> <span class='ocrx_word' id='word_1_324' title='bbox 1530 1929 1716 1969; x_wconf 83' lang='lat' dir='ltr'><strong>Apuleius:</strong></span> 
     </span>
     <span class='ocr_line' id='line_1_57' title="bbox 1020 1979 1718 2011; baseline -0.004 0"><span class='ocrx_word' id='word_1_325' title='bbox 1020 1981 1161 2011; x_wconf 67' lang='lat' dir='ltr'><strong>‘Nates‘</strong></span> <span class='ocrx_word' id='word_1_326' title='bbox 1180 1979 1367 2011; x_wconf 59' lang='lat' dir='ltr'><strong>recellere)</strong></span> <span class='ocrx_word' id='word_1_327' title='bbox 1412 1979 1541 2009; x_wconf 86' lang='lat' dir='ltr'><strong>Eodem</strong></span> <span class='ocrx_word' id='word_1_328' title='bbox 1574 1987 1652 2009; x_wconf 80' lang='lat' dir='ltr'><strong>usus</strong></span> <span class='ocrx_word' id='word_1_329' title='bbox 1682 1982 1718 2008; x_wconf 89' lang='lat' dir='ltr'><strong>et</strong></span> 
     </span>
     <span class='ocr_line' id='line_1_58' title="bbox 1022 2029 1718 2064; baseline -0.004 -3"><span class='ocrx_word' id='word_1_330' title='bbox 1022 2031 1148 2062; x_wconf 87' lang='lat' dir='ltr'><strong>Livius.</strong></span> <span class='ocrx_word' id='word_1_331' title='bbox 1194 2032 1355 2061; x_wconf 72' lang='lat' dir='ltr'><strong>Ea-celzere</strong></span> <span class='ocrx_word' id='word_1_332' title='bbox 1392 2034 1516 2064; x_wconf 83' lang='lat' dir='ltr'><strong>antem,</strong></span> <span class='ocrx_word' id='word_1_333' title='bbox 1548 2029 1581 2059; x_wconf 86' lang='lat' dir='ltr'><strong>in</strong></span> <span class='ocrx_word' id='word_1_334' title='bbox 1612 2029 1718 2059; x_wconf 84' lang='lat' dir='ltr'><strong>altum</strong></span> 
     </span>
     <span class='ocr_line' id='line_1_59' title="bbox 1021 2079 1719 2120; baseline -0.004 -9"><span class='ocrx_word' id='word_1_335' title='bbox 1021 2083 1198 2113; x_wconf 77' lang='lat' dir='ltr'><strong>extollere.</strong></span> <span class='ocrx_word' id='word_1_336' title='bbox 1249 2082 1361 2113; x_wconf 85' lang='lat' dir='ltr'><strong>Cato:</strong></span> <span class='ocrx_word' id='word_1_337' title='bbox 1396 2080 1602 2120; x_wconf 82' lang='lat' dir='ltr'><strong>‘Plerisque</strong></span> <span class='ocrx_word' id='word_1_338' title='bbox 1633 2079 1719 2109; x_wconf 88' lang='lat' dir='ltr'><strong>solet</strong></span> 
     </span>
     <span class='ocr_line' id='line_1_60' title="bbox 1021 2129 1722 2164; baseline -0.004 0"><span class='ocrx_word' id='word_1_339' title='bbox 1021 2134 1151 2164; x_wconf 82' lang='lat' dir='ltr'><strong>animus</strong></span> <span class='ocrx_word' id='word_1_340' title='bbox 1170 2134 1202 2163; x_wconf 87' lang='lat' dir='ltr'><strong>in</strong></span> <span class='ocrx_word' id='word_1_341' title='bbox 1220 2133 1319 2163; x_wconf 86' lang='lat' dir='ltr'><strong>rebus</strong></span> <span class='ocrx_word' id='word_1_342' title='bbox 1335 2131 1493 2162; x_wconf 75' lang='lat' dir='ltr'><strong>secundis</strong></span> <span class='ocrx_word' id='word_1_343' title='bbox 1510 2131 1679 2161; x_wconf 71' lang='lat' dir='ltr'><strong>excellcre</strong></span> <span class='ocrx_word' id='word_1_344' title='bbox 1698 2129 1722 2161; x_wconf 76' lang='lat'><strong>2’</strong></span> 
     </span>
     <span class='ocr_line' id='line_1_61' title="bbox 1019 2182 1735 2214; baseline -0.004 0"><span class='ocrx_word' id='word_1_345' title='bbox 1019 2183 1171 2214; x_wconf 86' lang='lat' dir='ltr'><strong>Subaudi</strong></span> <span class='ocrx_word' id='word_1_346' title='bbox 1184 2194 1227 2214; x_wconf 82' lang='lat' dir='ltr'><strong>se.</strong></span> <span class='ocrx_word' id='word_1_347' title='bbox 1253 2183 1279 2213; x_wconf 80' lang='lat' dir='ltr'><strong>A</strong></span> <span class='ocrx_word' id='word_1_348' title='bbox 1292 2184 1434 2213; x_wconf 73' lang='lat' dir='ltr'><strong>recellere</strong></span> <span class='ocrx_word' id='word_1_349' title='bbox 1448 2182 1631 2212; x_wconf 82' lang='lat' dir='ltr'><strong>deductum</strong></span> <span class='ocrx_word' id='word_1_350' title='bbox 1647 2191 1735 2212; x_wconf 80' lang='lat' dir='ltr'><strong>nos-.</strong></span> 
     </span>
     <span class='ocr_line' id='line_1_62' title="bbox 1022 2233 1385 2265; baseline -0.003 -1"><span class='ocrx_word' id='word_1_351' title='bbox 1022 2239 1108 2264; x_wconf 84' lang='lat' dir='ltr'><strong>trum</strong></span> <span class='ocrx_word' id='word_1_352' title='bbox 1122 2235 1250 2265; x_wconf 79' lang='lat' dir='ltr'><strong>reculer.</strong></span> <span class='ocrx_word' id='word_1_353' title='bbox 1279 2233 1385 2264; x_wconf 87' lang='lat' dir='ltr'><strong>Idem.</strong></span> 
     </span>
    </p>

    <p class='ocr_par' dir='ltr' id='par_1_22' title="bbox 1020 2282 1717 2426">
     <span class='ocr_line' id='line_1_63' title="bbox 1062 2282 1717 2323; baseline -0.003 -9"><span class='ocrx_word' id='word_1_354' title='bbox 1062 2290 1074 2303; x_wconf 82' lang='lat'><strong>²</strong></span> <span class='ocrx_word' id='word_1_355' title='bbox 1101 2283 1324 2323; x_wconf 72' lang='lat' dir='ltr'><strong>Recepticium]</strong></span> <span class='ocrx_word' id='word_1_356' title='bbox 1348 2282 1434 2313; x_wconf 69' lang='lat' dir='ltr'><strong>Haec</strong></span> <span class='ocrx_word' id='word_1_357' title='bbox 1451 2286 1502 2312; x_wconf 78' lang='lat' dir='ltr'><strong>est</strong></span> <span class='ocrx_word' id='word_1_358' title='bbox 1517 2282 1628 2312; x_wconf 80' lang='lat' dir='ltr'><strong>verrii</strong></span> <span class='ocrx_word' id='word_1_359' title='bbox 1645 2282 1717 2322; x_wconf 89' lang='lat' dir='ltr'><strong>opi-</strong></span> 
     </span>
     <span class='ocr_line' id='line_1_64' title="bbox 1020 2332 1716 2375; baseline -0.003 -10"><span class='ocrx_word' id='word_1_360' title='bbox 1020 2334 1088 2375; x_wconf 84' lang='lat' dir='ltr'><strong>nio⁷</strong></span> <span class='ocrx_word' id='word_1_361' title='bbox 1103 2344 1201 2375; x_wconf 84' lang='lat' dir='ltr'><strong>qnam</strong></span> <span class='ocrx_word' id='word_1_362' title='bbox 1216 2332 1433 2374; x_wconf 78' lang='lat' dir='ltr'><strong>reprehendit</strong></span> <span class='ocrx_word' id='word_1_363' title='bbox 1448 2333 1539 2364; x_wconf 84' lang='lat' dir='ltr'><strong>Gen.</strong></span> <span class='ocrx_word' id='word_1_364' title='bbox 1553 2332 1611 2363; x_wconf 86' lang='lat' dir='ltr'><strong>lib.</strong></span> <span class='ocrx_word' id='word_1_365' title='bbox 1622 2341 1716 2364; x_wconf 75' lang='lat' dir='ltr'><strong>xvn.</strong></span> 
     </span>
     <span class='ocr_line' id='line_1_65' title="bbox 1021 2385 1344 2426; baseline -0.006 -10"><span class='ocrx_word' id='word_1_366' title='bbox 1021 2395 1095 2426; x_wconf 80' lang='lat' dir='ltr'><strong>cap.</strong></span> <span class='ocrx_word' id='word_1_367' title='bbox 1110 2388 1140 2415; x_wconf 85' lang='grc'><strong>6.</strong></span> <span class='ocrx_word' id='word_1_368' title='bbox 1165 2385 1242 2416; x_wconf 81' lang='lat' dir='ltr'><strong>Ant.</strong></span> <span class='ocrx_word' id='word_1_369' title='bbox 1261 2387 1344 2423; x_wconf 79' lang='lat' dir='ltr'><strong>Aug.</strong></span> 
     </span>
    </p>

    <p class='ocr_par' dir='ltr' id='par_1_23' title="bbox 1016 2434 1718 2776">
     <span class='ocr_line' id='line_1_66' title="bbox 1066 2434 1717 2475; baseline -0.002 -11"><span class='ocrx_word' id='word_1_370' title='bbox 1066 2435 1276 2475; x_wconf 80' lang='lat' dir='ltr'><strong>Rccepticium</strong></span> <span class='ocrx_word' id='word_1_371' title='bbox 1304 2434 1439 2474; x_wconf 73' lang='lat' dir='ltr'><strong>servum]</strong></span> <span class='ocrx_word' id='word_1_372' title='bbox 1463 2434 1600 2464; x_wconf 71' lang='lat' dir='ltr'><strong>Marcus</strong></span> <span class='ocrx_word' id='word_1_373' title='bbox 1631 2435 1717 2464; x_wconf 87' lang='lat' dir='ltr'><strong>Cato</strong></span> 
     </span>
     <span class='ocr_line' id='line_1_67' title="bbox 1019 2483 1718 2523; baseline -0.003 -8"><span class='ocrx_word' id='word_1_374' title='bbox 1019 2485 1203 2515; x_wconf 75' lang='lat' dir='ltr'><strong>Voconiam</strong></span> <span class='ocrx_word' id='word_1_375' title='bbox 1228 2485 1336 2523; x_wconf 70' lang='lat' dir='ltr'><strong>legem</strong></span> <span class='ocrx_word' id='word_1_376' title='bbox 1354 2484 1510 2523; x_wconf 70' lang='lat' dir='ltr'><strong>suadem,</strong></span> <span class='ocrx_word' id='word_1_377' title='bbox 1528 2483 1638 2513; x_wconf 77' lang='lat' dir='ltr'><strong>verbis</strong></span> <span class='ocrx_word' id='word_1_378' title='bbox 1654 2483 1718 2513; x_wconf 85' lang='lat' dir='ltr'><strong>liis-</strong></span> 
     </span>
     <span class='ocr_line' id='line_1_68' title="bbox 1020 2534 1717 2574; baseline -0.001 -9"><span class='ocrx_word' id='word_1_379' title='bbox 1020 2544 1059 2565; x_wconf 82' lang='lat' dir='ltr'><strong>ce</strong></span> <span class='ocrx_word' id='word_1_380' title='bbox 1076 2544 1155 2565; x_wconf 84' lang='lat' dir='ltr'><strong>usus</strong></span> <span class='ocrx_word' id='word_1_381' title='bbox 1170 2539 1221 2564; x_wconf 86' lang='lat' dir='ltr'><strong>est</strong></span> <span class='ocrx_word' id='word_1_382' title='bbox 1238 2545 1245 2564; x_wconf 90' lang='lat'>:</span> <span class='ocrx_word' id='word_1_383' title='bbox 1272 2534 1465 2574; x_wconf 80' lang='lat' dir='ltr'><strong>‘Principio</strong></span> <span class='ocrx_word' id='word_1_384' title='bbox 1487 2535 1581 2564; x_wconf 84' lang='lat' dir='ltr'><strong>nobis</strong></span> <span class='ocrx_word' id='word_1_385' title='bbox 1600 2535 1717 2564; x_wconf 78' lang='lat' dir='ltr'><strong>mulier</strong></span> 
     </span>
     <span class='ocr_line' id='line_1_69' title="bbox 1021 2585 1716 2625; baseline -0.003 -10"><span class='ocrx_word' id='word_1_386' title='bbox 1021 2595 1173 2625; x_wconf 69' lang='lat' dir='ltr'><strong>magnam</strong></span> <span class='ocrx_word' id='word_1_387' title='bbox 1196 2585 1309 2615; x_wconf 85' lang='lat' dir='ltr'><strong>dotem</strong></span> <span class='ocrx_word' id='word_1_388' title='bbox 1340 2585 1468 2615; x_wconf 85' lang='lat' dir='ltr'><strong>attulit.</strong></span> <span class='ocrx_word' id='word_1_389' title='bbox 1513 2585 1599 2614; x_wconf 76' lang='lat' dir='ltr'><strong>&#39;l‘nm</strong></span> <span class='ocrx_word' id='word_1_390' title='bbox 1624 2593 1716 2623; x_wconf 81' lang='lat' dir='ltr'><strong>mag-</strong></span> 
     </span>
     <span class='ocr_line' id='line_1_70' title="bbox 1017 2635 1715 2675; baseline -0.004 -9"><span class='ocrx_word' id='word_1_391' title='bbox 1017 2646 1094 2667; x_wconf 82' lang='lat' dir='ltr'><strong>nam</strong></span> <span class='ocrx_word' id='word_1_392' title='bbox 1122 2636 1254 2675; x_wconf 82' lang='lat' dir='ltr'><strong>recipit,</strong></span> <span class='ocrx_word' id='word_1_393' title='bbox 1279 2645 1375 2675; x_wconf 81' lang='lat' dir='ltr'><strong>qnam</strong></span> <span class='ocrx_word' id='word_1_394' title='bbox 1402 2635 1433 2665; x_wconf 86' lang='lat' dir='ltr'><strong>in</strong></span> <span class='ocrx_word' id='word_1_395' title='bbox 1457 2635 1517 2665; x_wconf 85' lang='lat' dir='ltr'><strong>viri</strong></span> <span class='ocrx_word' id='word_1_396' title='bbox 1545 2639 1715 2675; x_wconf 73' lang='lat' dir='ltr'><strong>potestate</strong></span> 
     </span>
     <span class='ocr_line' id='line_1_71' title="bbox 1017 2684 1715 2724; baseline -0.004 -8"><span class='ocrx_word' id='word_1_397' title='bbox 1017 2695 1082 2717; x_wconf 90' lang='lat' dir='ltr'><strong>non</strong></span> <span class='ocrx_word' id='word_1_398' title='bbox 1109 2686 1301 2717; x_wconf 84' lang='lat' dir='ltr'><strong>committit.</strong></span> <span class='ocrx_word' id='word_1_399' title='bbox 1345 2687 1429 2716; x_wconf 88' lang='lat' dir='ltr'><strong>Eam</strong></span> <span class='ocrx_word' id='word_1_400' title='bbox 1446 2684 1624 2724; x_wconf 82' lang='lat' dir='ltr'><strong>pecuniam</strong></span> <span class='ocrx_word' id='word_1_401' title='bbox 1643 2684 1715 2713; x_wconf 85' lang='lat' dir='ltr'><strong>viro</strong></span> 
     </span>
     <span class='ocr_line' id='line_1_72' title="bbox 1016 2732 1714 2776; baseline -0.006 -9"><span class='ocrx_word' id='word_1_402' title='bbox 1016 2736 1076 2767; x_wconf 87' lang='lat' dir='ltr'><strong>dat</strong></span> <span class='ocrx_word' id='word_1_403' title='bbox 1098 2740 1266 2767; x_wconf 86' lang='lat' dir='ltr'><strong>mutuam:</strong></span> <span class='ocrx_word' id='word_1_404' title='bbox 1291 2740 1420 2776; x_wconf 85' lang='lat' dir='ltr'><strong>postea,</strong></span> <span class='ocrx_word' id='word_1_405' title='bbox 1444 2734 1500 2765; x_wconf 89' lang='lat' dir='ltr'><strong>ubi</strong></span> <span class='ocrx_word' id='word_1_406' title='bbox 1521 2735 1607 2766; x_wconf 83' lang='lat' dir='ltr'><strong>irata</strong></span> <span class='ocrx_word' id='word_1_407' title='bbox 1623 2732 1714 2764; x_wconf 73' lang='lat' dir='ltr'><strong>sacta</strong></span> 
     </span>
    </p>
   </div>
  </div>
 </body>
</html>
