1876 3025
282 102 368 146 '768

285 207 480 262 Rigid0²
516 215 601 249 tum
630 208 778 248 coerula
800 221 909 257 sum,
936 221 1025 247 cum
1059 206 1120 247 ait
1140 207 1324 257 Ennius,
1349 207 1532 261 jocatus
1545 209 1578 230 ¹²
1608 205 1728 247 vide-

341 281 413 317 tur
431 290 550 330 super
570 283 701 330 etymo
722 276 833 316 verbi
856 274 1021 317 Coeruli
1037 290 1048 314 :
1079 280 1145 316 est
1171 275 1288 316 enim
1310 288 1337 316 a
1352 275 1487 315 maris
1515 272 1726 314 nomine.¹³

341 341 497 384 Eodem
515 343 634 384 verbo
656 342 703 383 (Ie
722 343 855 383 eadem
874 356 919 383 re
940 355 1046 383 usus
1067 348 1163 384 est:
1196 348 1240 384 et
1259 343 1337 388 lib.
1358 353 1413 382 11.
1473 339 1570 381 Fert
1589 354 1628 380 se
1652 353 1728 394 per

341 410 433 452 Zoeta
460 410 590 465 campi
609 411 783 453 ›coerula
813 413 955 463 prata.
1029 408 1207 450 Coerula
1238 423 1348 449 mare
1384 408 1517 462 ipsum
1547 407 1652 447 dixit
1684 411 1730 448 et

341 479 476 520 alibi:
508 479 620 520 Inde
640 492 792 532 parum
817 475 1062 531 percoerula
1082 476 1255 517 navibus
1292 475 1581 517 ambulabant.
1643 474 1729 515 Pa-

340 560 434 587 rum
455 546 643 587 insulam
662 545 807 586 refert.
869 544 1012 585 Item:
1052 543 1198 587 Unum
1232 556 1378 584 surum
1394 547 1429 573 ¹4
1469 556 1597 583 surus
1621 541 1729 582 ferre

339 618 483 655 tamen
505 612 732 654 defendere
763 616 951 667 possunt
968 615 1013 650 :¹5
1046 611 1138 653 suri
1168 615 1318 652 autem
1339 614 1441 652 sunt
1459 608 1656 660 fustes,¹⁶
1686 612 1730 650 et

339 683 627 735 ὑποκοριστικῶς
646 680 822 720 surculi.

283 747 524 801 Rigidum‚²
545 752 587 788 et
622 751 782 802 praeter
805 745 985 788 modum
1006 746 1210 800 frigidum
1229 746 1460 800 significat,
1481 750 1525 787 et
1546 745 1724 799 [PAUL.

341 815 512 856 durum.

284 879 488 938 Rigidum
506 890 542 923 et
567 888 718 936 praeter
737 881 897 923 modum
917 881 1130 938 frigidum
1150 881 1367 938 significat,
1389 889 1426 923 et
1446 881 1520 922 du-
1564 880 1728 934 [FEST.

337 964 431 990 rum

732 113 879 145 SEXTI
913 112 1111 143 POMPEI!
1146 111 1282 143 FESTI

944 1017 1112 1070 igidou

944 1086 1085 1138 rigido

820 1185 828 1193 .
889 1153 1025 1208 rigido
1046 1154 1156 1195 ferro
1207 1183 1216 1194 .

282 1219 455 1262 Rimari
469 1219 485 1243 ὓ
504 1226 571 1262 est
593 1221 717 1262 valde
738 1235 951 1276 quaerere,
972 1227 1020 1263 ut
1042 1222 1084 1263 in
1106 1222 1229 1263 rimis
1250 1234 1386 1275 quoq.
1549 1218 1675 1272 [PAU
1689 1228 1728 1258 t„

880 1340 1127 1354 ‘eme-evoe

326 1409 366 1438 12
390 1406 455 1438 Ed.
480 1406 567 1439 Scal.
590 1409 802 1439 locatus.—13
827 1408 909 1440 Ead.
934 1408 987 1439 ed.
1011 1409 1052 1439 ‘a
1073 1408 1191 1439 matris
1217 1407 1451 1439 nomine.’—l4
1475 1404 1557 1436 Ead.
1578 1403 1633 1434 ed.
1656 1404 1730 1434 item

280 1454 617 1523 ZguTuZ{;1·1tm.—l5
642 1451 705 1482 Vir
721 1451 813 1483 doct.
831 1453 865 1483 in
883 1461 990 1492 marg.
1007 1452 1161 1492 ejusdem
1178 1451 1231 1483 ed.
1248 1450 1389 1491 conjicit
1401 1449 1621 1489 possent.—16
1643 1446 1729 1478 Ead.

935 1570 1078 1601 NOTAE

323 1647 335 1662 2
359 1642 494 1684 Rigida]
523 1643 633 1674 Multa
650 1643 873 1684 interpretem
891 1644 977 1676 desi-

281 1693 415 1725 derant.
460 1695 546 1725 vide
570 1695 578 1711 ‘
596 1695 741 1726 Surum.’
786 1696 886 1727 Ennii
903 1706 977 1727 ver-

281 1754 335 1775 sus
352 1743 499 1775 refertur
515 1755 533 1775 a
555 1745 752 1776 Macrobio:
778 1745 787 1762 ‘
803 1747 885 1777 Fert
907 1755 978 1776 sese

280 1795 391 1834 campi
422 1804 483 1834 per
513 1795 637 1826 caerula
674 1796 820 1837 laetaque
858 1795 978 1837 prata!

280 1844 357 1876 Ant.
373 1845 459 1884 Aug.

1034 1642 1156 1684 prata!
1210 1642 1348 1673 Tertius
1373 1641 1420 1672 sic
1446 1639 1621 1680 legendus,
1652 1637 1730 1668 Inde

1034 1695 1153 1726 Parum
1166 1704 1220 1734 per
1235 1694 1349 1724 coerula
1364 1692 1493 1723 nat-ibus
1509 1689 1731 1721 ambullabant.

1034 1745 1194 1776 Ultimum
1212 1744 1260 1775 sic
1278 1744 1396 1774 Festus
1414 1743 1446 1772 in
1464 1750 1546 1771 voce
1569 1740 1578 1757 ‘
1593 1737 1730 1778 surum,’

1034 1796 1043 1812 ‘
1059 1796 1153 1826 Unus
1175 1795 1280 1826 Surus
1305 1803 1417 1824 surum
1436 1792 1526 1823 ferre
1542 1794 1654 1822 tamen
1673 1788 1729 1819 ‹le-

1033 1846 1172 1877 fendere
1189 1843 1353 1885 possunt.’
1379 1844 1461 1874 Dae.

324 1895 457 1935 Rigida]
473 1896 557 1928 Quae
573 1896 627 1927 hic
646 1896 894 1935 tractabantur,
912 1906 977 1927 non

280 1944 499 1983 pertinebant
539 1945 579 1976 ad
620 1955 757 1977 censum
793 1947 901 1976 literae
936 1946 978 1976 R.

281 1993 395 2025 Quare
419 1994 576 2025 videntur
599 1995 709 2026 aliena
725 1996 876 2026 hocloco
892 2005 976 2026 esse.

281 2043 370 2074 Nam
386 2044 465 2084 quid
479 2046 592 2076 caerula
605 2050 708 2085 pratu,
722 2046 799 2086 quid
813 2047 916 2076 Parus
931 2046 977 2076 z'n-

280 2094 358 2128 sula,
381 2094 461 2134 quid
484 2094 628 2136 denique
645 2106 734 2127 surus
755 2097 880 2128 habent
898 2106 978 2137 cog-

280 2150 397 2176 natum
411 2150 469 2176 aut
485 2147 592 2178 simile
610 2149 700 2179 inter
712 2149 767 2179 se?
790 2149 860 2180 Jos.
873 2148 956 2180 Scal-

325 2196 444 2234 Rigida
459 2196 540 2235 tum]
574 2197 700 2229 Verum
725 2203 789 2234 est,
815 2199 903 2239 quod
930 2200 979 2231 ait

281 2246 416 2281 Festus.
432 2249 576 2277 coerulum
592 2257 666 2279 esse
679 2258 697 2278 a
709 2249 809 2279 maris
823 2249 976 2280 nomine:

281 2297 465 2327 Veteribus
478 2298 565 2329 enim
575 2307 632 2329 seu
646 2308 739 2330 mare
754 2299 895 2330 interius
907 2300 978 2331 sive

282 2345 440 2377 Oceanus
463 2348 608 2378 coernlum
623 2348 692 2378 κατ’
707 2348 821 2387 ἐξοχὴν
836 2349 978 2380 vocaba-

281 2401 347 2426 tur.
391 2396 430 2426 In
449 2397 511 2427 hoc
528 2407 637 2437 versu,
666 2399 675 2414 ‘
690 2399 811 2439 Rigido
828 2404 896 2430 turn
913 2409 978 2430 coe-

281 2447 356 2477 ruia
378 2446 472 2477 suro’
496 2448 686 2488 suspicatus
711 2448 815 2480 fuisse
841 2450 977 2481 videtur

282 2496 404 2528 Festus
417 2498 540 2538 aliquid
556 2499 676 2539 latere,
690 2500 777 2539 quod
792 2510 886 2530 suuni
903 2510 977 2531 esse

282 2547 434 2579 fateatur
458 2548 611 2588 Priapus.
657 2549 783 2580 Versus
807 2551 978 2591 ‘laetaque

284 2597 352 2628 fert
367 2608 439 2629 sese
452 2598 459 2610 ’
483 2599 583 2629 auter
599 2603 692 2630 extat
716 2599 803 2639 apud
826 2600 978 2630 Macrob.

282 2649 292 2666 ⁴
308 2649 389 2681 Fert
404 2658 478 2681 sese
491 2649 601 2691 campi
618 2658 678 2691 per
693 2650 820 2682 coerula
834 2650 979 2692 laetaque

1078 1902 1090 1917 ³
1114 1894 1281 1934 Rigidum]
1312 1894 1455 1934 Proprie
1482 1891 1615 1930 durum,
1640 1888 1729 1930 quod

1033 1948 1167 1981 curvari
1194 1955 1260 1976 non
1288 1948 1415 1984 potest,
1438 1947 1473 1973 et
1498 1942 1576 1972 inde
1595 1950 1654 1981 pro
1672 1940 1729 1970 fri-

1033 1995 1123 2035 gido,
1141 1993 1229 2035 quod
1248 2004 1322 2034 qua)
1340 1993 1415 2031 gelu
1429 1995 1605 2022 tentantur
1620 1988 1731 2029 rigida

1034 2051 1122 2076 sunt.
1147 2045 1258 2076 Gloss.
1272 2050 1279 2061 ‘
1293 2043 1462 2083 Rigidum,
1474 2039 1731 2079 ἀκαμπὲς,σκλη-

1032 2095 1096 2136 ρὺν,
1111 2095 1256 2135 ἰσχυρὸν,
1265 2093 1420 2135 στρυφνὸν
1435 2092 1483 2123 καὶ
1499 2090 1636 2132 ψυχρόνῖ
1651 2091 1660 2107 ⁴
1674 2090 1729 2121 In-

1033 2145 1170 2184 flexum,
1187 2146 1316 2180 durum,
1330 2145 1473 2183 firmum,
1486 2142 1657 2181 acerbum,
1672 2140 1729 2172 fri-

1032 2196 1172 2236 gidum!
1196 2196 1295 2227 Idem.

1075 2247 1243 2288 Rigidmn]
1284 2246 1351 2278 Hic
1371 2245 1457 2277 forte
1473 2242 1633 2275 laudabat
1649 2242 1730 2273 Fes-

1033 2302 1086 2329 tus
1104 2298 1249 2338 aiiquem
1274 2297 1328 2337 qui
1345 2296 1491 2330 dixerat,
1515 2294 1524 2310 ‘
1538 2293 1645 2333 rigido
1661 2292 1728 2324 fer-

1033 2347 1093 2387 r0‚’
1118 2352 1156 2378 ut
1172 2347 1336 2385 Virgilius
1363 2346 1448 2376 dixit
1470 2346 1478 2360 ‘
1493 2343 1599 2384 rigido
1625 2344 1729 2377 ειπερ,ι

1034 2397 1122 2429 forte
1152 2402 1188 2428 et
1221 2396 1409 2430 adduxerat
1441 2395 1550 2425 locuni
1583 2393 1729 2433 Virgilii,

1032 2448 1040 2464 ‘
1060 2448 1107 2479 sic
1134 2446 1240 2486 rigido
1267 2447 1355 2476 latus
1382 2454 1462 2475 ense
1490 2442 1594 2474 ferit!
1638 2442 1727 2473 Item

1031 2499 1172 2529 alterum
1190 2497 1267 2528 ubi:
1292 2497 1401 2527 ‘Turn
1419 2494 1500 2526 ferri
1525 2492 1640 2534 rigor,’
1665 2502 1726 2534 pro

1031 2548 1163 2587 ‘rigido
1179 2546 1292 2578 ferr0.'
1312 2547 1410 2577 Idem.

1074 2598 1089 2618 ¹²
1113 2596 1254 2636 Rimari]
1279 2596 1366 2627 Vide
1384 2595 1542 2627 Noniirm.
1588 2595 1726 2627 Glossa-

1035 2648 1118 2680 rium
1133 2660 1140 2680 :
1155 2649 1163 2665 ‘
1179 2648 1334 2688 Dirimat,
1345 2645 1727 2687 «arepevuqtff‘Rimatur,
