1876 3025
646 156 1007 188 FRAGMENTUM.
1451 142 1563 182 1069

113 276 203 305 non
223 260 349 303 affuit
368 256 602 306 sacrificio,
635 259 796 309 postea
827 256 1003 294 cautum
1041 253 1126 301 est,
1148 262 1198 290 ne
1232 250 1333 303 quis
1362 248 1562 288 Pinario⁴

113 345 207 373 rum
224 342 282 371 ex
302 341 354 369 eo
375 325 596 368 sacrificio
617 327 882 365 vescere-tur.
944 320 1141 361 Plebeiae
1166 317 1406 359 Pudicitiae
1427 315 1565 356 sacel-

113 399 203 440 lum
223 398 268 439 in
287 397 389 439 vico
413 395 565 447 Longo
591 396 673 443 est,
694 391 816 445 quod
849 403 948 431 cum
969 388 1177 440 Verginia
1210 385 1369 441 patrici
1396 384 1564 438 generis

112 467 313 515 foemina,
335 464 540 505 convivio
558 467 590 494 ¹9
611 461 731 502 facto
752 460 867 502 inter
887 463 1032 513 patres
1053 461 1097 498 et
1132 455 1223 509 [46]
1250 455 1440 509 plebem,
1472 465 1567 492 nam

108 533 290 590 patricia
305 531 463 587 plebeio
483 530 634 572 homini
656 527 710 572 L.
734 527 945 569 Volumnio
961 524 1122 568 consuli
1140 529 1332 580 nupserat

533 612 610 652 qul
729 630 739 639 .
857 623 869 634 .
991 626 1000 633 .
1120 622 1131 632 .
1250 624 1260 634 .
1375 591 1441 631 bit

763 678 858 705 sere

115 751 169 778 eo
184 738 280 792 jure
399 765 409 774 .
526 764 536 774 .
656 764 667 774 .
785 763 794 773 .
916 762 925 770 .
1047 729 1291 771 Portorium
1329 727 1481 768 dictum
1513 731 1570 766 est

116 802 292 859 vectigal
309 802 366 853 id,
389 802 497 857 quod
515 801 686 842 solvitur
702 799 992 855 portitoribus,
1015 798 1085 853 qui
1105 797 1370 840 conduxerint
1431 827 1439 836 .

117 872 342 913 dimidiato
460 902 468 911 .
588 900 597 909 .
716 896 726 908 .
848 901 856 908 .
975 897 986 908 .
1077 868 1121 907 in
1144 863 1416 920 vectigalibus
1436 869 1572 903 autem

111 938 300 992 portoria
308 936 498 992 fruenda
523 936 710 979 locantur
734 935 898 977 duabus
1432 962 1441 971 .

117 1008 203 1048 lius
226 1020 270 1060 q.
388 1037 398 1046 .
529 1037 538 1046 .
677 1036 686 1045 .
824 1033 835 1044 .
972 1007 1014 1044 et
1040 1001 1102 1043 Ti.
1125 1000 1412 1043 Coruncanius
1438 998 1500 1038 Τι’.
1526 996 1571 1037 Γ,

119 1088 293 1115 censores
413 1102 423 1113 .
559 1105 568 1114 .
703 1103 714 1114 .
885 1074 995 1114 intra
1017 1071 1205 1125 temporis
1226 1069 1403 1124 spatium
1422 1073 1574 1107 certum

575 1142 678 1196 quid
701 1155 755 1182 ae.
886 1170 895 1178 .
1012 1170 1021 1179 .
1141 1170 1150 1179 .
1269 1169 1278 1177 .
1397 1134 1575 1176 censoria

120 1210 349 1265 majestate
367 1215 511 1263 spreta
630 1240 638 1249 .
771 1241 780 1249 .
910 1239 920 1248 .
1039 1207 1140 1248 dam
1162 1205 1375 1260 propib.20
1389 1209 1433 1244 et

517 1276 620 1317 Sint.
683 1274 964 1330 Primigenius
987 1274 1120 1315 sulcus
1137 1273 1300 1322 (licitur,
1323 1272 1394 1327 qui
1411 1271 1453 1311 in
1474 1284 1577 1309 nova

124 1345 220 1386 urbe
245 1344 474 1387 condenda
495 1350 617 1385 tauro
638 1351 675 1384 et
691 1358 811 1384 vacca
834 1343 1101 1397 imprimitur,
1124 1341 1233 1397 quod
1249 1355 1374 1396 genus
1387 1338 1575 1394 jumenti

121 1414 245 1455 velut
266 1413 491 1454 exercitum
514 1410 785 1453 adhibebatur
947 1441 956 1450 .
1103 1440 1112 1450 .
1262 1439 1270 1447 .
1400 1408 1576 1459 utrimq.

122 1482 267 1523 media
288 1495 333 1535 p.
452 1511 462 1520 .
582 1511 591 1520 .
713 1512 722 1521 .
840 1479 922 1520 lari
938 1478 1108 1533 judicio
1130 1479 1205 1531 qui
1225 1481 1267 1518 et
1287 1476 1371 1530 ipse

384 1547 568 1589 Porilz'b.
589 1550 742 1588 urbem
764 1547 965 1588 condidit
988 1544 1215 1594 Romulus,
1236 1557 1353 1599 quem
1374 1541 1579 1598 (liemjes-

123 1623 210 1656 tum
224 1616 427 1670 prcecipue
448 1616 667 1657 habebant
691 1616 899 1670 juniores.
962 1613 1173 1654 Praetexta
1187 1612 1202 1635 ¹¹
1234 1611 1355 1666 pulla
1376 1610 1482 1651 nulli
1503 1610 1580 1650 alii

121 1685 287 1726 licebat
305 1685 386 1735 uti,
408 1699 531 1739 quum
553 1684 603 1734 ei,
621 1681 1046 1739 quijumtsfuciebut.
1080 1680 1193 1721 Idem
1210 1681 1286 1735 jus
1300 1681 1580 1731 magistratus

123 1751 316 1803 habebat,
338 1751 408 1806 qui
442 1751 482 1791 in
517 1751 656 1806 aliquo
687 1752 786 1792 loco
809 1751 1013 1804 publicos
1041 1747 1388 1804 ludosfaciebat:
1422 1760 1516 1786 nam
1547 1744 1582 1784 si

120 1826 320 1873 praetexta
341 1821 490 1868 utitur,
515 1824 559 1860 et
581 1821 772 1861 scribam
794 1817 943 1860 habere
959 1817 1071 1868 solet,
1087 1824 1258 1871 propter
1277 1830 1355 1865 eos,
1376 1828 1486 1869 quos
1512 1814 1577 1854 sa-

126 1889 204 1936 cit‚
224 1888 380 1928 ludos:
396 1894 604 1941 prcetextae
611 1888 689 1942 jus
703 1886 843 1927 datum
867 1893 922 1926 est
938 1887 1033 1926 item
1054 1884 1270 1925 Consulib.
1287 1890 1330 1926 et
1350 1882 1579 1924 Praetorib.

126 1960 233 1997 vota
265 1955 593 2009 nuncupantibus
617 1955 665 1996 ob
695 1955 980 2011 ‘ignorantiam
1013 1966 1140 1995 sacra
1166 1957 1405 1993 novorum¹
1439 1949 1581 1989 ascito-

127 2037 230 2063 rum.
296 2021 425 2063 Isdem
447 2022 595 2064 datum
618 2028 685 2064 est
705 2025 766 2064 uti
786 2023 889 2063 emit
904 2028 918 2044 ²
951 2029 1102 2063 votum
1123 2020 1293 2076 aliquod
1318 2018 1581 2059 solventibus:

128 2090 365 2144 quoditem
382 2090 594 2132 Valerius
608 2092 787 2133 vicanus
809 2103 898 2129 cum
914 2095 1218 2143 aceretem-pura
1240 2101 1298 2129 ex
1318 2091 1488 2137 senatu,
1503 2086 1582 2126 im-

128 2157 310 2212 probari
329 2165 473 2213 coeptus
493 2166 563 2200 est.
624 2159 729 2200 Pilae
753 2160 842 2213 [47]
867 2164 904 2198 et
925 2157 1063 2198 viriles
1084 2165 1121 2198 et
1143 2156 1353 2198 muliebres
1375 2155 1521 2211 effigies
1543 2155 1581 2193 in

131 2227 339 2281 compitis
353 2228 699 2282 suspendebantur
717 2225 980 2281 Compitalib.
995 2240 1042 2266 ex
1059 2225 1171 2276 lanu,
1188 2224 1296 2281 quod
1310 2239 1388 2266 esse
1405 2225 1583 2265 deorum

739 2356 979 2370 eeeeeeeeeeee

175 2416 216 2444 19
239 2413 264 2445 f.
287 2414 520 2448 convicia—20
543 2414 567 2447 f.
583 2416 776 2455 proedib.—l
803 2416 828 2446 f.
853 2423 1012 2445 sacrorum
1029 2415 1250 2444 novorum—2
1274 2410 1296 2442 f.
1312 2412 1399 2442 item.

794 2501 935 2534 NOTAE

177 2572 191 2592 ¹¹
224 2574 405 2614 Prsrtexta]
436 2575 523 2606 Vide
555 2577 708 2607 Verrium
738 2577 827 2617 apud
886 2585 1005 2606 munus
1031 2575 1286 2614 impetravisse:
1316 2573 1383 2604 scio
1406 2572 1459 2603 hic
1472 2572 1524 2611 agi
1543 2572 1584 2602 de

134 2623 244 2654 Macr.
271 2623 327 2655 lib.
340 2633 362 2655 1.
379 2627 496 2664 cap.7.
543 2625 654 2666 Atque
671 2626 718 2658 ita
735 2632 830 2667 peste
886 2630 1055 2666 praetexta
1087 2626 1189 2665 pulla,
1216 2625 1274 2655 sed
1307 2624 1396 2663 apud
1429 2623 1585 2653 Verrium

135 2672 254 2704 sedata
272 2683 424 2712 puerum,
440 2675 497 2715 qui
511 2676 746 2716 antiquitatem
761 2687 830 2708 sor-
885 2677 1119 2715 ambiguitatem
1152 2685 1212 2716 pro
1229 2675 1448 2714 antiquitatem
1473 2675 1585 2714 legem

135 2725 178 2756 tis
195 2723 401 2765 absolverat,
427 2731 514 2766 toga:
538 2731 716 2766 praetextae
740 2738 832 2759 usum
888 2727 966 2759 dum
984 2737 1069 2766 esse,
1088 2727 1176 2758 volui
1195 2725 1415 2757 admonuisse.
