1876 3025
656 155 1016 188 FRAGMENTUM.
1449 144 1561 186 1175

114 254 272 297 vocari.
336 252 373 293 T
370 265 515 308 ongere
537 251 673 292 AElius
692 250 802 292 Stilo
823 251 885 292 ait
905 263 1087 291 noscere
1111 262 1223 299 esse,
1243 247 1351 303 quod
1375 246 1562 289 Proenes-

114 322 194 362 tim·
227 321 503 377 tongitionem
536 320 703 370 dicant,
737 333 817 372 pro
848 318 1078 360 notionem.-
1120 315 1321 372 sigm'ficat
1354 322 1390 356 et
1427 316 1560 357 latius

114 389 341 429 dominari.
400 388 585 428 Ennius:
608 386 689 426 Alia·
707 386 904 427 rhetorica
927 390 1126 439 tongent.
1178 384 1234 425 Et
1248 384 1419 425 vincere
1439 383 1561 423 etiam

115 455 316 510 quandoq.
337 455 514 497 videtur
535 454 795 508 significare.

117 522 236 565 Tesca
263 522 430 564 Verrius
460 522 521 564 ait
551 523 649 563 loca
678 522 859 574 augurio
883 520 1126 573 designata,
1159 533 1236 574 quo
1257 518 1431 560 termino
1464 518 1562 558 finis

112 593 156 633 in
180 598 291 633 terra
313 592 480 644 auguri.
532 589 702 644 Opilius
723 588 924 630 Aurelius
945 589 1046 629 loca
1069 593 1332 629 consecrata
1353 586 1407 628 ad
1433 600 1564 641 augu-

114 659 289 700 randum
303 658 492 700 scribsit:
513 658 588 700 sed
611 662 765 699 saneta
786 658 886 698 loca
909 656 1054 709 undiq.
1076 662 1199 709 scepta
1219 654 1361 695 docent
1379 654 1565 695 Pontifi-

115 728 180 769 cis
198 728 313 777 libri,
331 728 375 768 in
392 728 551 781 quibus
565 725 755 766 scribtum
773 731 850 764 est:
876 722 1127 777 Templumq.
1142 723 1336 775 sedemq.
1349 725 1564 776 tescumq⁸

114 795 194 835 sive
228 793 333 844 Deo,
372 795 452 835 sive
484 793 584 834 Dece
616 793 895 842 dedicaverit,
930 792 1005 832 ubi
1042 804 1118 832 eos
1157 790 1337 844 accipiat
1375 788 1566 841 volentes,

114 863 384 916 propitiosq.
409 862 601 903 Hostius
621 862 723 902 belli
750 859 927 900 Histrici
947 858 974 899 l.
1000 870 1029 899 1.
1057 872 1133 912 per
1154 863 1304 911 gentes
1326 858 1409 898 alte
1430 858 1566 897 aethe-

114 931 220 980 rias,
243 935 330 984 atq.
353 930 445 970 avia
468 936 585 979 tesca,
612 943 772 984 perque
794 928 1006 969 violabis5
1029 927 1194 979 templa
1215 927 1393 978 antiqua
1417 922 1566 964 Deum.

118 996 261 1038 Cicero
288 1011 387 1039 vero
420 1011 577 1051 aspera
598 996 795 1038 difficilia
815 995 936 1036 aditu
969 993 1088 1044 dixit,
1118 1008 1206 1034 cum
1234 992 1321 1032 ait.-
1356 990 1476 1033 Loca
1495 1004 1566 1032 as-

115 1079 232 1118 pera,
263 1080 377 1107 saxa
407 1071 528 1108 tesca
559 1071 673 1107 tuor.
734 1063 883 1104 Accius
914 1063 956 1103 in
991 1061 1260 1103 Philocteta:
1293 1060 1407 1110 Quis
1439 1066 1487 1100 tu
1518 1072 1567 1100 es

115 1134 330 1182 mortalis,
352 1134 424 1189 qui
445 1135 487 1175 in
507 1134 677 1177 deserta,
700 1136 743 1173 et
766 1137 923 1184 tesqua
945 1135 986 1171 te
1008 1130 1212 1183 adportas
1240 1129 1362 1169 loca?
1380 1133 1396 1149 ¹¹
1463 1126 1568 1167 Ton-

114 1200 247 1241 sillam
269 1203 329 1242 ait
349 1216 449 1243 esse
464 1202 645 1242 Verrius
668 1200 818 1254 palum
835 1200 1032 1240 dolatum
1055 1198 1095 1237 in
1119 1210 1299 1245 acumen,
1322 1203 1359 1236 et
1380 1195 1567 1248 cuspide

115 1270 431 1322 praeferratum,
454 1275 502 1311 ut
533 1270 766 1317 existimat,
786 1281 910 1322 quem
943 1279 1042 1308 cum
1072 1265 1178 1317 figi⁶
1210 1265 1254 1304 in
1284 1265 1408 1304 litore
1439 1263 1568 1303 navis

115 1335 338 1393 religandae
354 1351 504 1379 causa.
564 1336 793 1378 Pacuvius
814 1335 859 1375 in
884 1334 1035 1374 Medio
1052 1339 1088 1373 :7
1118 1332 1300 1373 Accessi
1320 1330 1376 1371 ad
1393 1343 1505 1380 eam,
1526 1335 1571 1371 et

116 1406 309 1446 tosillam
324 1405 338 1428 3
363 1406 461 1459 pegi
481 1406 583 1445 laeto
605 1406 648 1445 in
668 1404 810 1444 litore.
873 1401 1019 1442 Accius
1040 1400 1264 1442 Phinidis:
1281 1405 1296 1421 ⁰
1326 1399 1504 1446 Tacete,
1527 1402 1570 1439 et

116 1474 314 1515 tonsillas
336 1474 463 1514 litore
493 1472 648 1513 laedo9
680 1472 806 1512 edite.
867 1471 1063 1511 Tonsam
1088 1469 1254 1509 Ennius
1283 1466 1405 1521 [164]
1437 1466 1570 1518 signi-

116 1540 222 1582 ficat
253 1555 434 1592 remum,
457 1541 576 1595 quod
610 1541 736 1594 quasi
773 1539 1001 1580 tondeatur
1033 1537 1161 1585 ferro,
1195 1549 1294 1576 cum
1329 1536 1389 1575 ait
1421 1535 1451 1575 l.
1475 1545 1565 1573 vll.

117 1609 257 1650 Poste
302 1610 558 1657 recumbite,
595 1614 791 1660 vestraq.
825 1611 1008 1660 pectora
1041 1604 1195 1658 pellite
1231 1603 1395 1643 tonsis:
1442 1604 1569 1643 item:

117 1676 241 1717 Pone
263 1683 432 1730 petunt,
456 1677 561 1717 exin
581 1675 772 1716 referunt
793 1675 846 1716 ad
870 1679 1048 1728 pectora
1072 1679 1249 1713 tonsas:
1282 1675 1322 1711 et
1342 1668 1568 1710 inAsota:

118 1745 246 1786 Alius
286 1746 330 1785 in
368 1746 474 1785 mari
508 1744 601 1784 vult
632 1756 789 1796 magno
821 1747 964 1783 tenere
998 1746 1184 1781 tonsam.
1255 1738 1570 1791 Thymbraeum

118 1812 368 1867 Apollinem
400 1812 613 1865 Virgilius
656 1826 682 1852 a
723 1816 872 1852 monte
908 1810 1176 1863 Thymbraeo
1208 1806 1464 1861 appellavit,
1496 1806 1570 1859 qui

119 1882 253 1922 estin
276 1895 376 1933 agro
406 1881 614 1934 Trojano.
670 1878 919 1921 Tolenno¹0
954 1884 1019 1919 est
1049 1889 1186 1930 genus
1217 1875 1446 1923 machinae,
1481 1887 1569 1927 quo

117 1949 302 1990 trahitur
323 1962 451 2001 aqua,
475 1950 653 1990 alteram
675 1952 838 2002 partem
861 1951 1166 2001 praegravante
1193 1943 1402 1998 pondere,
1425 1942 1571 1982 dictus

119 2029 146 2057 a
171 2015 374 2059 tollendo.
434 2017 660 2066 Tolerare‚
681 2016 896 2071 patienter
927 2015 1053 2055 serre.
1114 2011 1280 2053 Accius
1302 2012 1345 2051 in
1370 2009 1571 2064 Neopto-

724 2148 962 2160 eeeeeeeeeeee

124 2243 191 2313 Τῗῖ
216 2238 240 2268 f.
264 2237 458 2268 volabis.—o
482 2236 507 2267 f.
532 2236 721 2277 configi.—7
746 2234 770 2266 f.
796 2235 965 2266 DIedo.——8
989 2234 1011 2264 f.
1039 2232 1274 2264 tonsillam—9
1309 2229 1331 2262 f.
1354 2231 1524 2260 heta—10
1548 2228 1572 2259 f.

152 2293 166 2312 o
193 2291 258 2311 eno.

775 2353 916 2385 NOTAE

164 2425 177 2439 ¹³
203 2419 300 2450 Accii
319 2429 435 2449 versus
452 2418 541 2458 apud
558 2419 744 2448 Varronem
761 2417 821 2448 lib.
874 2418 939 2447 lare
977 2416 1025 2445 ita
1063 2413 1276 2445 mutavimus.
1322 2410 1451 2441 Lemnia
1484 2419 1576 2448 vero,

121 2480 170 2501 w.
185 2469 401 2510 corrigendus
419 2478 459 2499 ex
482 2478 535 2506 eo,
551 2478 647 2508 quem
665 2469 717 2499 hic
735 2468 820 2499 citat
875 2467 963 2508 quod
982 2466 1031 2496 bis
1057 2465 1202 2506 positum
1226 2467 1290 2501 est,
1308 2461 1441 2491 videtur
1464 2460 1575 2500 adjec-

124 2522 268 2557 Festus;
293 2525 395 2560 atque
426 2519 472 2549 ita
502 2519 686 2559 legendus:
712 2519 820 2551 ‘Quis
877 2524 960 2548 tum.

122 2576 157 2601 tn
185 2580 220 2600 es
251 2569 415 2606 mortalis,
446 2569 501 2609 qui
541 2570 572 2598 in
606 2568 755 2605 deserta,
786 2574 821 2599 et
917 2575 931 2587 ⁰
957 2566 1105 2597 Plzinislis
1136 2574 1200 2595 uon
1234 2567 1284 2593 est
1317 2560 1511 2592 mutandum
1543 2561 1575 2591 in

124 2627 218 2652 tesca
249 2624 282 2651 te
314 2619 472 2659 adportes
504 2619 600 2649 loca?
630 2620 701 2649 loca
732 2620 821 2650 enini
879 2617 1070 2649 Phoenissis:
1096 2625 1169 2646 nam
1192 2615 1264 2645 haec
1293 2612 1387 2644 Accii
1417 2612 1579 2652 tragoedia

124 2683 200 2713 quae
229 2672 308 2710 sint,
334 2670 501 2709 designat,
526 2679 600 2700 cnm
623 2669 724 2701 dicit:
752 2670 820 2700 He·
878 2670 1035 2699 citatura
1054 2666 1166 2697 Nonio
1183 2664 1334 2706 pluribus
1350 2663 1443 2702 locis,
1458 2663 1491 2693 in
1505 2664 1578 2703 qui-

123 2721 366 2763 phanaum-esf
380 2723 441 2752 Sec.
455 2731 530 2751 nani
544 2720 821 2761 vmbumproesto-
879 2721 940 2751 bus
959 2717 1179 2758 manuscripti
1202 2715 1331 2746 habent
1350 2714 1513 2744 Phinidae.
