1876 3025
331 175 393 205 DE
427 172 703 204 VERBORUM
738 167 1148 201 SIGNIFICATIONE
1183 168 1276 198 1213.
1311 168 1415 198 XVI.

1503 157 1587 198 723

831 265 1017 309 travilla.

723 335 944 384 ravistelli,
974 333 1057 375 nisi
1099 347 1123 373 a
1167 332 1258 372 ravi
1282 330 1423 384 potius
1466 330 1589 370 dictos

196 407 381 447 volumus
402 411 447 445 uc
468 411 523 446 est
544 403 657 459 apud
678 402 906 453 Plautum,
929 400 1086 456 quieuit
1110 401 1149 440 in
1174 397 1403 449 Aulularia
1423 413 1433 436 .-

1466 396 1535 437 abi
1558 396 1591 435 si

197 475 298 530 quid
318 487 560 528 poscamus
577 471 634 512 cul
654 472 782 512 ravim
798 484 1010 525 poseamus
1027 469 1161 523 prius,
1177 467 1298 523 quod
1320 470 1385 507 cst
1406 465 1463 507 ad
1493 477 1592 505 rau-

198 544 388 584 citatem.
450 541 564 582 Item
597 540 702 582 alibi
734 537 982 594 expurgabo
1012 536 1141 578 hercle
1174 534 1307 578 omnia
1340 533 1396 575 ad
1424 546 1591 573 raucum

197 611 349 653 ravim.

142 678 262 720 Ravi
284 677 450 720 coloris
487 676 782 730 appellantur,
805 674 879 729 qui
911 677 1011 715 sunt
1039 675 1147 715 inter
1166 672 1310 714 flavos
1337 674 1382 710 et
1416 667 1595 720 [PAUL.

199 746 374 795 caesios,
396 757 510 799 quos
532 744 720 785 Plautus
737 741 936 795 appellat
956 739 1223 783 ravistellos.

1283 736 1416 787 Quis,
1438 735 1594 789 inquit,

197 814 295 855 haec
315 813 487 865 mulier,
511 816 555 852 et
575 811 648 851 ille
670 809 937 858 ravistellus,
960 808 1036 863 qui
1054 807 1206 849 venit?

146 879 288 922 Raviq
323 879 479 928 coloris,
515 876 714 918 ravistelli
744 876 1021 930 appellantur
1057 889 1082 914 a
1111 873 1284 924 Plauto,
1320 870 1391 928 qui
1430 871 1596 925 [FEST-

199 955 293 989 sunt
314 945 564 1000 interflavos
587 952 625 986 et
644 943 773 985 casios
799 956 906 985 ravo
930 945 1013 984 sub
1036 956 1135 985 con.

447 1013 568 1069 quod
607 1025 746 1066 genus
786 1011 1003 1052 hominum
1024 1010 1242 1064 pessimum
1273 1014 1344 1050 est.

1407 1005 1524 1047 Idem
1552 1004 1595 1043 in

201 1082 405 1138 Epidico:
437 1082 513 1124 sed
535 1082 636 1136 quis
656 1081 749 1122 haec
771 1084 840 1121 est
856 1078 1095 1119 muliercula
1112 1085 1149 1118 et
1172 1076 1239 1117 ille
1262 1074 1506 1125 ravistellus,
1528 1086 1597 1127 qut

200 1152 325 1194 venit
338 1153 356 1192 Τ

146 1219 334 1261 Ravillae
352 1225 406 1251 ¹⁷¹
430 1232 456 1260 a
474 1219 594 1261 ravis
617 1217 778 1267 oculis,
798 1213 1173 1271 quemadmodum
1191 1225 1218 1253 a
1240 1209 1389 1252 caesiis
1416 1208 1597 1263 [PAUL.

205 1287 414 1330 caesullae.

147 1356 336 1398 Ravim³
371 1354 537 1411 antiqui
566 1367 646 1408 pro
682 1351 886 1392 raucitate
926 1348 1128 1391 dicebant.

1188 1347 1375 1389 Plautus
1394 1358 1403 1387 ε
1436 1343 1598 1393 [FEST.

753 1471 830 1484 006ae
835 1469 992 1484 “0000“

188 1556 228 1584 17
251 1552 337 1585 Ead.
355 1552 410 1584 ed.
431 1552 576 1583 Ravaiae.
622 1551 709 1582 Vide
727 1550 829 1581 infra.

804 1651 946 1684 NOTAE

189 1735 203 1755 ‘³
230 1728 326 1769 Rati]
359 1730 474 1761 Plaut.
500 1729 533 1760 in
564 1729 730 1770 Epidico:
755 1727 847 1759 ‘Sed

148 1779 222 1820 quis
239 1784 292 1810 est
308 1779 381 1809 liaec
396 1780 604 1819 muliercula,
622 1784 656 1810 et
672 1779 728 1809 ille
745 1777 848 1808 ravis-

148 1829 248 1859 tellus
265 1829 321 1870 qui
338 1829 432 1859 venit
448 1829 471 1859 ξ’
515 1829 603 1860 Vide
625 1830 634 1846 ‘
650 1827 847 1860 Gravastel-

147 1878 223 1917 lus‚'
240 1884 275 1910 et
288 1878 753 1911 inconstantiamFestinota.
771 1877 847 1909 Ant.

148 1929 235 1968 Aug.

189 1980 274 2011 Ravi
295 1980 421 2020 coloris]
446 1981 540 2012 Nota
554 1980 608 2012 hic
628 1980 778 2011 homines
796 1988 847 2010 ra-

145 2032 178 2062 vi
195 2031 316 2063 coloris
342 2031 504 2072 pessimos
528 2031 675 2062 omnium
702 2039 774 2062 esse
791 2038 847 2060 ex-

145 2081 326 2113 istimatos.
370 2081 427 2113 Sic
443 2081 531 2112 enim
548 2085 583 2113 et
598 2080 687 2122 apud
703 2090 763 2112 nos
778 2080 848 2112 vul-

149 2141 191 2172 go
205 2132 357 2164 audiunt.
382 2133 464 2163 Dac.

189 2187 202 2202 ¹·
224 2182 377 2222 Ruvillae]
401 2181 579 2213 Turnebus
594 2181 691 2222 legit,
706 2181 851 2222 quemad-

112 2267 121 2275 !
147 2233 268 2262 modum
283 2243 303 2262 a
323 2233 420 2262 colore
436 2231 529 2269 fusco
545 2231 655 2263 Sullae.
701 2231 735 2262 Si
754 2229 850 2261 nobis

148 2283 280 2317 liceret,
304 2282 586 2323 quotiescumque
614 2281 714 2321 libet,
737 2282 850 2312 omnia

147 2337 292 2371 mutare,
307 2333 436 2372 delere,
449 2336 660 2373 pervertere,
682 2341 782 2363 nemo
799 2341 852 2362 es-

150 2387 212 2421 set,
236 2384 293 2424 qui
315 2383 437 2415 doctus
461 2393 501 2414 eo
528 2383 661 2414 nomine
688 2383 756 2414 dici
782 2391 850 2413 non

150 2437 276 2471 posset.
301 2433 410 2465 Quam
426 2433 513 2464 enim
530 2433 603 2464 haec
620 2432 754 2463 diversa
770 2436 850 2463 sunt

150 2492 169 2512 a
201 2482 334 2522 vulgata
363 2483 550 2523 scriptura!
579 2487 613 2513 et
643 2489 756 2513 tamen
787 2492 849 2513 cur

150 2530 330 2562 offenditur
357 2543 408 2572 ea,
436 2543 512 2575 quae
543 2533 739 2574 planissima
769 2533 850 2563 est?

152 2582 284 2617 Deinde
310 2583 386 2613 vide
413 2589 572 2623 quantum
600 2584 852 2625 periclitaturus

152 2636 226 2663 erat
243 2631 284 2662 de
301 2633 548 2664 existimatione
566 2634 710 2674 sua,nisi
726 2634 852 2674 aequio-

154 2693 208 2713 res
226 2683 370 2714 lectores
398 2688 518 2715 nactus
544 2689 646 2723 esset,
669 2685 725 2724 qui
747 2684 851 2715 verba

153 2733 328 2767 Plutarchi
346 2735 478 2767 omniuo
505 2739 622 2766 contra
641 2744 675 2766 se
695 2734 850 2766 adduxit.

901 1727 1107 1758 Plutarchus
1125 1725 1173 1756 ait
1194 1724 1322 1755 dictum
1346 1720 1394 1752 διὰ
1414 1719 1451 1751 τὸ
1472 1718 1603 1759 ἐρύθημα

900 1776 1003 1817 τραχὺ
1031 1776 1082 1807 καὶ
1105 1774 1263 1816 σποράδην
1291 1769 1538 1810 ἀναμεμιγμένον
1560 1770 1605 1809 τῇ

901 1824 1078 1864 λευκότητι.
1103 1825 1151 1857 At
1168 1826 1201 1856 in
1216 1824 1319 1855 Festo
1336 1822 1410 1862 ipse
1426 1819 1513 1860 legit
1529 1818 1603 1849 Sul-

901 1878 949 1908 las
966 1887 984 1907 a
1001 1876 1100 1908 fusco
1116 1876 1230 1907 colore
1248 1874 1369 1905 dictos.
1406 1870 1520 1903 Quid?
1536 1868 1605 1900 fus-

902 1938 960 1960 cus
977 1927 1071 1959 color
1086 1926 1177 1958 idem
1194 1931 1248 1957 est
1261 1934 1336 1957 cum
1350 1933 1404 1963 eo,
1421 1922 1477 1963 qui
1494 1931 1536 1952 ex
1552 1930 1606 1952 ru·

902 1979 964 2010 bro
981 1982 1016 2009 et
1042 1977 1118 2009 albo
1139 1976 1259 2008 mistus
1281 1975 1358 2005 est?
1404 1972 1509 2003 Dolet
1525 1970 1607 2001 mihi

903 2038 1025 2069 magno
1043 2028 1114 2058 viro
1130 2025 1338 2067 imprudenti
1349 2024 1412 2055 hoc
1425 2021 1606 2054 excidisse.

903 2079 1096 2119 Praeterea,
1121 2086 1188 2109 non
1213 2076 1322 2118 primo
1347 2074 1451 2106 Sullae
1480 2080 1606 2113 cogno-

902 2139 980 2161 men
1008 2130 1072 2160 hoc
1096 2128 1228 2168 datum,
1254 2130 1328 2158 erat
1351 2125 1440 2156 enim
1466 2124 1541 2164 ejus
1557 2121 1607 2153 fa-

902 2179 1017 2210 miliae.
1060 2178 1108 2210 At
1131 2187 1192 2208 nos
1214 2177 1384 2217 vulgatam
1410 2173 1606 2211 lectionem,

903 2230 982 2272 quia
998 2229 1081 2260 nihil
1098 2227 1210 2260 mendi
1235 2227 1269 2258 in
1290 2235 1325 2257 se
1347 2225 1461 2265 habet,
1482 2228 1607 2254 sartam

902 2284 1032 2311 tectam
1049 2280 1082 2310 in
1099 2288 1158 2310 suo
1173 2279 1250 2309 loco
1267 2282 1434 2308 tueamur.
1473 2272 1610 2305 Ravitloe

904 2335 1018 2363 autem
1042 2340 1106 2361 non
1132 2329 1267 2360 Raciliae
1293 2326 1488 2367 legendum,
1515 2323 1608 2365 quod

905 2389 1092 2421 cognomen
1106 2378 1173 2409 fuit
1186 2379 1224 2409 L.
1240 2377 1358 2409 Cassio
1372 2375 1537 2415 Longino,
1550 2373 1609 2414 qui

903 2441 980 2463 cum
1011 2431 1073 2462 Cn.
1106 2429 1252 2461 Servilio
1284 2428 1447 2468 Caepione
1479 2426 1608 2458 Censor

904 2481 970 2513 fuit
983 2481 1026 2513 A.
1044 2482 1086 2513 U.
1102 2481 1139 2512 C.
1153 2489 1300 2512 Dxxvu.
1316 2479 1386 2510 JOS.
1399 2477 1482 2508 Scaz.

947 2538 958 2553 ⁵
982 2533 1111 2574 Ravim]
1135 2532 1251 2563 Plaut.
1278 2530 1312 2561 in
1330 2529 1443 2560 Aulul.
1468 2526 1557 2557 ‘Ubi
1581 2524 1609 2555 si

906 2583 987 2625 quid
1013 2592 1204 2624 poscamus,
1231 2581 1272 2612 ad
1300 2579 1406 2610 ravim
1431 2584 1608 2618 poscamus

906 2634 1012 2675 prius,
1040 2633 1151 2665 Quam
1175 2632 1354 2673 quicquam
1376 2626 1499 2658 detur?
1543 2626 1608 2656 Ille

907 2685 1010 2715 etiarn
1037 2692 1153 2714 versus
1177 2680 1336 2719 refertur,
1353 2678 1395 2708 de
1419 2686 1485 2717 quo
1502 2675 1608 2706 verbo

907 2733 1046 2765 ‘Raval
1091 2732 1228 2764 Citatur
1250 2730 1338 2761 idem
1356 2728 1388 2758 in
1408 2727 1609 2764 Artemone,
