1876 3025
220 157 333 200 xviii

219 266 457 308 Simpulan·ices
473 269 620 301 mulieres
634 273 706 302 871.
720 273 739 301 S

219 310 390 342 Sinciniam
405 315 480 343 871.
496 316 536 345 12

216 353 337 384 Situlus
352 355 497 387 barbatus
509 359 585 388 455.
600 359 619 387 3

216 396 365 428 Socordia
380 401 456 430 511.
473 403 512 430 15

215 439 316 471 Sodes
331 444 406 472 931.
423 445 462 473 11

215 483 360 515 Solenme
377 487 450 516 882.
467 488 487 516 2

214 526 310 562 Solla,
327 527 408 558 alvei
422 531 497 559 880.
513 530 552 559 13

213 569 300 600 Solla
314 575 452 601 sternere
469 574 544 602 880.
563 572 600 601 14

212 612 344 644 Sollaria
358 614 554 656 Babylonica
570 617 646 646 880.
663 617 702 646 15

210 655 319 687 Solida
334 659 409 688 879.
424 661 444 688 6

211 698 320 730 Solida
344 701 422 731 sella
436 700 544 732 sedere
567 701 600 732 in
625 702 772 743 auspiciis
788 712 918 734 necesse

212 784 433 817 Solisternium
447 788 562 818 habere
578 791 652 819 880.
671 791 707 820 15

211 827 329 859 Sollers
342 833 416 861 879.
434 835 466 862 5.
490 834 564 862 882.
580 835 601 862 6

211 870 423 903 Sollistimum
441 876 515 905 881.
529 877 550 905 6

209 913 391 946 Solliferrea
405 917 470 947 tela
486 919 560 949 879.
575 921 605 949 4.
632 920 705 949 882.
722 921 738 949 l

209 957 372 989 Sonivium
387 959 559 1001 tripudium
574 964 649 992 883.
665 964 686 992 6

208 999 337 1032 Sontica
354 1013 450 1033 causa
465 1006 538 1034 883.
552 1006 591 1035 13

208 1043 353 1075 Sonticus
368 1047 495 1076 morbus
513 1050 587 1078 335.
604 1050 633 1078 8.
658 1049 731 1078 883.
747 1051 789 1079 20

206 1085 345 1118 sorbitio
361 1090 445 1129 apud
461 1089 626 1120 Caecilium
642 1090 718 1130 quid
734 1094 808 1122 849.
825 1094 845 1121 9

205 1128 333 1162 Sorctus
346 1133 549 1173 participium
561 1144 579 1164 a
595 1133 748 1174 surrigere
765 1137 840 1166 941.
858 1137 896 1166 12

204 1172 362 1208 Sororium
377 1176 515 1217 tigillum
530 1180 604 1208 885.
621 1179 642 1207 6

205 1215 279 1247 Sors
293 1218 356 1248 Dei
373 1229 552 1260 responsum
569 1222 643 1250 886.
661 1222 678 1250 1

205 1258 316 1290 Sortiri
332 1262 509 1301 provincias
524 1266 599 1294 556.
617 1266 657 1294 10

204 1301 392 1342 Spectacula
405 1306 517 1336 sedilia
531 1309 607 1338 275.
624 1309 639 1336 1

202 1344 330 1385 Spectio
346 1352 378 1377 et
390 1348 559 1385 nuntiatio,
574 1348 650 1389 quid
666 1353 699 1378 et
713 1349 826 1389 quibus
841 1359 907 1379 ma-

246 1389 428 1428 gistratibus
442 1391 523 1422 datae
540 1395 614 1423 889.
633 1395 648 1422 l

201 1429 388 1471 Speculator
423 1434 462 1464 ab
498 1436 692 1476 exploratore
721 1443 755 1465 ut
784 1434 909 1465 differat

200 1516 320 1557 Specus
334 1520 494 1551 foeminine
513 1524 587 1552 890.
602 1523 643 1551 10

199 1560 303 1601 Spicae
328 1562 508 1594 ferebantur
528 1564 562 1594 in
586 1563 753 1594 sacrarium
782 1563 908 1595 Cereris

198 1646 305 1685 Spicio
323 1652 395 1680 104.
413 1653 431 1681 3

196 1688 309 1730 Spicus
324 1694 398 1724 892.
415 1697 435 1724 8

196 1732 295 1772 Spina
310 1735 379 1766 alba
394 1736 515 1778 nuptiis
528 1737 778 1778 auspicatissimo.
794 1739 867 1768 564.
884 1740 902 1768 7

196 1775 304 1815 Spolia
318 1779 425 1819 opima
438 1783 512 1811 526.
528 1784 547 1811 4

195 1818 305 1859 Spolia
319 1822 435 1863 Opima
458 1824 661 1865 manipularis
682 1824 775 1854 miles
790 1823 903 1854 referre

239 1869 363 1903 poterat
377 1869 452 1897 527.
470 1869 508 1897 14

193 1904 302 1945 Spolia
318 1907 434 1948 Opima
449 1920 513 1939 non
531 1910 636 1940 omnia
650 1909 682 1938 in
698 1910 799 1939 aedem
814 1909 902 1940 Jovis

236 1951 434 1989 ponebantur
459 1956 533 1984 527.
559 1956 597 1984 14
633 1952 717 1982 Jano
745 1960 777 1984 et
803 1953 902 1983 Marti

235 1994 327 2024 etiam
344 1997 603 2026 comecrabantur
617 1998 691 2026 528.
708 1998 726 2025 3

191 2034 353 2076 Spondere
371 2049 427 2078 pro
440 2039 547 2070 dicere
564 2042 639 2069 894.
656 2041 673 2069 7

192 2079 304 2118 Spurio
322 2087 406 2120 patre
423 2083 500 2117 nati,
517 2082 607 2112 nothi
624 2092 679 2111 cur
698 2081 776 2111 dicti
791 2084 866 2112 489.
883 2085 897 2113 1

191 2122 226 2151 St
244 2122 400 2154 addebant
422 2126 552 2155 vocibus
568 2135 624 2164 per
639 2124 649 2153 l
676 2125 900 2165 incipientibus

190 2207 308 2238 Statuae
325 2209 444 2241 Cinciae
460 2211 547 2241 locus
563 2209 674 2240 Romae
691 2212 763 2240 780.
784 2213 819 2241 11

190 2250 289 2281 Stella
303 2252 408 2283 laetum
436 2259 467 2284 et
493 2263 673 2295 prosperum
700 2252 896 2293 significabat

190 2337 375 2369 Stellatinus
392 2349 520 2381 campus
537 2342 610 2370 898.
628 2342 647 2369 7

188 2381 314 2412 Stercus
329 2393 364 2412 ex
382 2383 448 2412 tede
463 2390 560 2414 vestae
576 2384 608 2413 in
631 2383 757 2413 Clivmn
774 2383 891 2422 capito—

231 2424 329 2454 linum
343 2424 540 2456 deserebatur
554 2429 628 2457 700.
644 2431 674 2457 5.
696 2429 770 2457 898.
786 2429 824 2456 11

188 2466 277 2507 Stipa
293 2471 368 2498 900.
386 2472 401 2499 1

187 2509 352 2550 Stipendia
367 2512 503 2542 militum
518 2513 645 2553 quando
661 2517 763 2552 carpta
780 2514 839 2543 641
871 2515 891 2542 6

185 2552 383 2592 Stipendium
399 2556 579 2596 sesquiplex
595 2558 668 2586 637.
684 2559 702 2586 3

186 2596 272 2635 Stips
287 2597 359 2626 (lata
376 2598 457 2627 ludis
474 2599 710 2639 Apollinaribus
725 2602 777 2629 83.
795 2602 815 2629 2

185 2639 280 2669 Stiria
295 2643 370 2670 902.
387 2643 423 2671 11

184 2680 297 2721 Stirps,
315 2684 487 2714 masculine
506 2687 578 2716 398.
595 2687 613 2715 4

185 2723 284 2754 Stluta
300 2729 373 2756 903.
389 2730 407 2757 5

208 2767 342 2798 tlembus
359 2772 432 2800 903.
450 2773 485 2801 ll

868 169 1035 200 INDEX

975 271 1085 312 Strigae
1101 273 1176 303 905.
1194 274 1212 302 5

974 314 1101 356 Stroppi
1118 314 1260 346 Castoris
1276 317 1351 347 907.
1366 318 1385 345 5

973 357 1081 388 Strues
1096 361 1171 389 263.
1188 361 1223 389 11

973 399 1184 431 Struferctarii
1199 403 1273 432 263.
1292 403 1332 431 12

972 443 1188 475 Strufertarios
1203 447 1278 475 908.
1294 446 1335 474 16

972 486 1153 528 Strupearia
1177 486 1244 517 dies
1269 487 1368 517 festus
1392 486 1588 518 Faliscorum
1602 491 1678 520 907.

969 571 1126 614 Struppus
1148 583 1206 614 pro
1234 573 1418 613 magistratu
1444 573 1572 614 publico
1601 576 1679 605 910.

969 658 1193 689 Stutomellum
1209 662 1285 691 561.
1301 663 1319 689 5

969 701 1088 732 Subare
1103 705 1178 733 930.
1194 706 1213 734 7

968 745 1115 776 Sublices
1130 748 1205 776 918.
1224 749 1243 776 3

970 788 1116 819 Subsidja
1130 799 1147 818 e
1164 787 1319 818 militibus
1332 789 1385 828 qui
1399 788 1559 830 stipendia
1573 799 1590 818 e
1606 799 1670 819 me-

1010 837 1136 862 ruerant
1150 837 1183 862 et
1198 832 1301 862 locum
1316 836 1423 862 tamen
1438 832 1617 863 retinebant
1640 832 1674 862 in

1010 875 1151 905 exercitu
1166 877 1241 906 920.
1262 877 1300 905 12

967 917 1149 948 Subsidium
1162 921 1237 949 631.
1253 921 1273 948 2

966 960 1154 992 Subsolanei
1169 963 1244 992 922.
1262 963 1278 991 1

966 1004 1125 1035 Subucula
1141 1015 1241 1045 genus
1255 1003 1312 1034 libi
1328 1006 1403 1035 922.
1422 1007 1459 1035 11

965 1046 1029 1077 Sub
1045 1048 1169 1078 vineam
1179 1047 1286 1088 jacere
1301 1049 1375 1078 914.
1391 1049 1410 1077 4

965 1089 1028 1119 Sub
1043 1090 1143 1121 vitem
1158 1092 1266 1120 hastas
1276 1090 1383 1131 jacere
1397 1092 1472 1121 914.
1491 1093 1526 1121 11

964 1132 1027 1162 Sub
1043 1134 1141 1164 vitem
1155 1133 1291 1174 praeliari
1307 1136 1382 1164 914.
1399 1135 1439 1164 14

963 1176 1026 1206 Sub
1042 1187 1099 1206 vos
1115 1178 1207 1218 placo
1221 1177 1254 1206 iu
1270 1176 1419 1217 precibus
1434 1179 1509 1208 914.
1525 1179 1566 1208 20

963 1218 1086 1250 Suculae
1103 1223 1178 1252 926.
1194 1223 1235 1251 12

962 1262 1023 1292 Sue
1040 1263 1134 1303 plena
1149 1263 1267 1293 Telluri
1281 1263 1378 1293 fiebat
1392 1265 1467 1293 603.
1486 1265 1525 1294 12

960 1304 1119 1341 Suessula,
1136 1307 1239 1347 qualis
1254 1306 1439 1346 praefectura
1453 1308 1528 1337 624.
1545 1308 1585 1337 10

959 1347 1097 1379 Suss'etcs
1111 1353 1187 1381 412.
1205 1353 1223 1380 7

959 1392 1081 1422 Suffitio
1097 1396 1149 1423 84.
1168 1395 1218 1423 10.
1237 1395 1311 1423 247.
1331 1395 1343 1422 1

959 1434 1112 1475 Suffragia
1128 1436 1271 1465 ferebant
1286 1445 1342 1475 per
1357 1439 1485 1475 pontem
1502 1437 1577 1465 861.
1591 1438 1631 1467 23

958 1478 1069 1508 Sulcus
1085 1478 1290 1518 primigenius
1307 1480 1381 1509 639.
1399 1481 1417 1508 3

956 1520 1041 1550 Sulla
1058 1521 1230 1551 unciarium
1249 1522 1349 1559 legem
1365 1521 1440 1551 tulit
1454 1523 1550 1552 1016.
1568 1524 1584 1552 l

957 1563 1117 1603 Sulpicius
1133 1564 1239 1594 Rufus
1255 1567 1330 1595 494.
1348 1567 1363 1595 1

956 1606 1116 1646 Sulpicius
1140 1607 1283 1638 Saverrio
1300 1607 1454 1648 Pyrrhum
1472 1607 1570 1638 vincit
1586 1609 1660 1640 545.

956 1693 1178 1734 SupellectiliS,
1195 1705 1250 1734 pro
1266 1693 1411 1734 supellex
1427 1695 1502 1724 933.
1520 1695 1540 1723 6

955 1736 1129 1776 Supercilia
1143 1738 1175 1767 in
1191 1737 1291 1767 tutela
1306 1737 1440 1768 Junonis
1456 1740 1531 1768 933.
1551 1740 1589 1768 12

954 1778 1178 1820 supersolanei
1192 1783 1267 1812 922.
1284 1783 1303 1811 2

954 1822 1131 1863 Supparum
1145 1828 1177 1853 et
1192 1833 1340 1864 suparum
1365 1827 1398 1853 et
1425 1833 1579 1863 supparus
1602 1832 1657 1854 ve-

997 1867 1059 1896 lum
1076 1867 1177 1897 minus
1193 1869 1268 1898 864.
1283 1870 1300 1896 5

952 1909 1127 1950 Snppnrum
1162 1910 1262 1939 volum
1288 1919 1379 1939 omne
1408 1911 1483 1940 936.
1507 1912 1525 1939 3
1563 1909 1656 1949 puni—

994 1963 1086 1983 ceum
1108 1954 1332 1990 vestimentum
1347 1955 1420 1983 936.
1437 1954 1455 1982 3
1480 1952 1561 1982 stola
1586 1963 1655 1983 cru—

995 1996 1038 2025 cis
1054 2000 1129 2028 937.
1146 1999 1161 2026 1

951 2037 1203 2079 Supplicationes
1246 2039 1361 2068 fiebant
1389 2043 1556 2078 antequam
1585 2038 1652 2068 bel-

994 2083 1058 2112 lum
1075 2083 1289 2123 susciperetur
1304 2084 1378 2112 487.
1394 2085 1410 2110 5

950 2124 1113 2164 Supplicia
1127 2126 1166 2154 de
1183 2125 1326 2154 verbenis
1342 2128 1469 2163 sumpta
1484 2127 1557 2154 938.
1574 2127 1594 2153 6

949 2167 1112 2208 Supplicia
1126 2177 1181 2208 pro
1197 2167 1298 2208 poenis
1314 2167 1396 2196 unde
1413 2166 1497 2196 (licta
1513 2170 1586 2198 939.
1601 2170 1620 2197 7

947 2210 1145 2250 Supplicium
1188 2221 1206 2240 a
1246 2209 1410 2250 suppliciis
1453 2215 1488 2239 ut
1525 2209 1651 2240 differat

989 2257 1062 2285 939.
1077 2258 1097 2285 8

944 2296 1053 2327 Sun'us
1068 2300 1141 2327 942.
1157 2299 1171 2327 1

944 2338 1103 2370 Sutorium
1119 2340 1232 2369 atrium
1248 2342 1323 2371 987.
1340 2342 1358 2370 7

943 2383 1073 2419 Sutrini,
1090 2384 1143 2423 qui
1159 2383 1336 2423 municipes
1351 2385 1424 2413 438.
1440 2385 1457 2411 5

943 2426 1022 2455 Suus
1041 2429 1126 2456 neres
1143 2429 1216 2456 447.
1235 2429 1254 2456 2

942 2469 1130 2509 Sycomorus
1146 2472 1219 2499 796.
1239 2471 1278 2499 12

941 2512 1151 2553 Sycophanta*
1168 2516 1242 2542 945.
1259 2514 1277 2542 7

940 2555 1163 2595 Syracusanum
1180 2555 1331 2584 talentum
1349 2557 1424 2585 953.
1441 2557 1460 2584 2

1269 2683 1306 2713 T.

920 2750 965 2799 'T
982 2780 1037 2810 pro
1054 2771 1073 2795 s
1090 2771 1163 2800 456.
1182 2771 1221 2799 16
