1876 3025
315 167 378 196 DE
411 166 682 198 VERBORUM
716 167 1124 202 SIGNIFICATIONE
1157 171 1253 203 LIB.
1285 173 1390 206 xlv.

1494 169 1580 211 675

189 273 276 315 que
298 264 343 302 et
370 260 541 302 Ennius
561 262 642 303 ait:
677 261 807 303 Poeni
841 263 959 305 soliti
982 277 1086 306 suos
1108 267 1356 310 sacrificare
1378 271 1548 323 puellos
1567 287 1577 314 :

188 332 231 369 et
252 329 473 371 Lucilius:
505 328 706 384 Cumque
728 331 799 372 hic
821 336 911 373 tam
930 332 1149 375 formosus
1172 335 1318 386 homo,
1339 350 1392 378 ac
1423 341 1465 379 te
1487 339 1581 393 dig-

187 408 270 436 nus
290 396 489 449 puellus:
520 400 566 438 et
592 397 807 440 Plautus:
839 397 956 440 Olim
988 400 1090 442 huic
1125 404 1277 455 puello
1301 418 1400 446 sese
1422 419 1579 448 venum

188 463 352 505 ducier.

130 530 293 572 Pueri¹¹
314 529 543 585 impuberes
571 530 762 573 dicuntur
793 532 836 574 in
853 548 932 589 quo
963 534 1194 590 sigufficcttu
1222 540 1357 581 utitur
1378 540 1488 583 Atta
1522 543 1578 583 in.

180 664 341 719 plurib.
364 667 570 709 versibus
592 668 737 710 docet.

132 731 265 774 Pueri
285 733 502 788 impuberis
522 749 673 776 ceneum
689 741 705 758 Χ
726 736 897 790 signum
919 739 1024 781 olim
1041 740 1097 781 ad
1119 741 1311 784 Salinas.

563 803 848 860 positumfuit
867 806 969 861 quid
988 808 1159 861 signum
1180 810 1362 852 allatum
1382 817 1463 853 est.

188 937 308 990 quod
329 941 431 980 sunt
450 939 596 980 conati
614 938 780 995 quidam
800 939 981 996 auferre.

189 1017 321 1058 quam
345 1006 499 1059 potuit.

1234 877 1372 933 fuisse
1393 879 1577 935 ferunt,¹

1043 942 1128 984 Sed
1144 945 1316 988 avellere
1336 961 1468 990 nemo
1502 963 1577 990 un-

557 1006 648 1047 Alii
683 1007 824 1049 dicunt
861 1008 1048 1051 avulsam
1082 1011 1209 1052 basim
1230 1019 1397 1067 praeter
1433 1017 1580 1070 ipsum

187 1073 359 1124 signum
380 1087 406 1112 a
427 1073 668 1128 quibusdam
688 1075 843 1130 fuisse,
866 1076 1015 1131 quique
1042 1077 1285 1120 abstulerint
1315 1083 1398 1123 sub
1420 1084 1546 1136 signo
1564 1090 1580 1107 ²

188 1140 400 1190 abierunt,
440 1140 527 1181 basi
564 1142 649 1183 sola
679 1143 820 1197 potiti.

881 1144 972 1185 Alii
1000 1153 1133 1187 tamen
1164 1148 1342 1190 tradunt
1373 1150 1505 1192 simul
1535 1157 1582 1193 ut

186 1206 345 1261 signum
379 1207 511 1262 ipsum
542 1209 787 1252 abstulerint
808 1212 851 1253 in
885 1228 986 1269 agro
1013 1213 1178 1257 Tiburte·
1198 1230 1355 1259 erexere
1380 1219 1437 1261 ad
1459 1220 1583 1274 quin-

187 1280 274 1314 tum
294 1274 345 1314 ab
365 1275 463 1316 urbe
483 1276 724 1319 miliarium.

132 1340 275 1395 Pugio
289 1347 307 1371 y
347 1343 492 1385 dictus
532 1350 614 1395 est,

188 1413 271 1450 tur.

818 1486 909 1522 no.z

669 1346 787 1399 quod
838 1361 881 1387 eo
921 1350 1116 1401 punctim
1159 1364 1326 1405 pugna·

1397 1353 1581 1407 [PAUL.

1420 1451 1584 1542 [ιΡΕετῖἱ

736 1588 892 1601 ‘creoceo
898 1590 974 1602 eece

175 1665 192 1692 1
216 1661 256 1692 In
274 1662 328 1693 ed.
345 1662 433 1693 Scal.
450 1663 523 1695 haec
547 1664 595 1695 ita
611 1669 749 1697 extant:
775 1668 783 1684 ‘
801 1668 897 1699 Pueri
912 1669 1078 1709 impuberis
1092 1680 1212 1702 oeueum
1229 1671 1362 1713 signum
1386 1673 1428 1705 ad
1452 1674 1583 1707 Salinas

131 1705 205 1735 olim
216 1705 354 1744 positum
367 1705 436 1742 fuit
452 1707 504 1745 qui
519 1707 649 1747 signum
667 1709 806 1740 allatum

61 1787 68 1790 ἢ
123 1747 228 1784 fuisse
242 1747 365 1784 ferunt.
367 1751 430 1779 —2
454 1749 550 1780 Fulv.
570 1733 1196 1794 Ursin.etDac.1eguntsines1³gno.'

786 1853 927 1886 NOTAE

131 1910 464 1944 Ennii:‘Poenisunt
476 1915 831 1949 solitisossacrificare
888 1940 897 1949 .
922 1941 930 1949 .

131 1961 284 2000 puellos.'
314 1962 402 1993 Vide
420 1964 580 1996 Nonium.
615 1965 657 1996 In
673 1967 740 1997 fine
756 1976 831 1998 ver-

132 2021 187 2042 sus
204 2011 318 2042 Plauti
335 2022 376 2043 ex
394 2012 508 2046 fabula
524 2015 578 2046 cui
600 2025 723 2048 nomen
748 2018 830 2048 ‘Le-

131 2070 236 2092 nones
269 2063 419 2103 gemini‚’
446 2074 508 2104 pro
536 2066 609 2097 olim
630 2067 829 2099 Priscianus

131 2111 235 2143 habet
249 2114 358 2145 solent.
382 2114 423 2145 In
441 2115 638 2156 quibusdam
648 2118 748 2149 editt.
766 2124 829 2155 est,

131 2162 229 2193 Dolet
258 2163 308 2194 hic
333 2165 452 2204 puellus
481 2176 546 2197 sese
576 2177 686 2198 venum
713 2169 830 2201 ducier.

134 2212 223 2243 Dae.

176 2267 189 2282 ¹¹
224 2264 337 2304 Pueri]
383 2265 537 2298 Historia
570 2267 687 2309 ignota
721 2271 830 2302 nobis.

133 2313 211 2343 Ant.
231 2314 316 2352 Aug.

175 2363 276 2395 Pueri
287 2366 342 2396 im.
365 2387 373 2395 .
399 2388 406 2396 .
431 2390 439 2398 .
463 2367 477 2407 ]
513 2369 594 2400 Puer
610 2370 745 2410 impubes
761 2375 830 2402 tan-

134 2416 198 2443 tum
213 2415 341 2446 dicitur.
386 2417 467 2448 Atta
482 2418 526 2449 in.
549 2440 558 2449 .
583 2443 590 2452 .
616 2441 623 2450 .
648 2421 830 2461 idpluribus

134 2463 270 2494 versibus
283 2466 381 2497 docet.
435 2467 521 2498 Quae
538 2474 735 2510 sequuntur,
753 2480 829 2511 per-

137 2511 245 2543 tinent
262 2513 303 2543 ad
319 2515 491 2548 historiam
509 2519 642 2558 penitus
665 2521 761 2552 nobis
783 2522 831 2552 in-

135 2562 317 2600 cognitam.
363 2566 511 2598 Quorum
532 2569 664 2600 initium
682 2571 755 2611 plus
771 2571 830 2602 mi-

135 2620 198 2641 nus
229 2611 276 2642 ita
306 2620 508 2655 conceptum
544 2617 647 2651 fuisse
670 2621 828 2652 videtur:

137 2660 238 2691 Pueri
256 2672 386 2694 aeneum
404 2666 532 2705 signum
557 2669 598 2699 ad
625 2670 757 2702 Salinas
775 2681 832 2712 po-

137 2709 238 2743 situm
254 2716 325 2745 est:
343 2715 430 2755 quod
455 2715 587 2756 signum
610 2720 749 2752 allatum
766 2731 830 2754 e..

957 1942 965 1950 .
989 1923 1050 1951 est.
1096 1920 1196 1953 Quod
1222 1925 1301 1953 sunt
1320 1923 1432 1954 conati
1448 1925 1585 1965 quidem

886 1969 1034 2001 evellere
1049 1980 1057 2001 ε
1072 1979 1169 2002 nemo
1185 1981 1331 2014 unquam
1349 1974 1472 2014 potuit.
1483 1976 1586 2009 Quae-

886 2023 962 2050 rant
975 2019 1080 2060 igitur
1095 2021 1187 2052 docti
1205 2023 1278 2053 viri.
1302 2024 1370 2054 JOS.
1385 2023 1468 2056 Scal.

926 2069 1026 2100 Pueri
1040 2070 1224 2111 impuberes]
1253 2072 1376 2104 Verum
1391 2079 1444 2106 est
1461 2085 1584 2115 pueros

885 2119 1022 2159 proprie
1039 2119 1231 2160 impuberes
1244 2122 1366 2155 dictos.
1391 2124 1487 2155 Idem
1506 2126 1587 2156 Var-

885 2178 932 2199 ro.
966 2169 1056 2201 Gell.
1099 2171 1167 2201 Sed
1205 2171 1317 2212 po‘e‘tae
1354 2173 1525 2207 interdum
1550 2181 1586 2207 et

884 2219 1052 2251 Oratores
1074 2231 1184 2261 pueros
1207 2228 1340 2260 vocant,
1363 2224 1419 2265 qui
1437 2226 1584 2266 puberes

884 2275 975 2309 sunt,
991 2275 1028 2302 ut
1044 2272 1122 2302 alibi
1137 2273 1339 2305 notavimus.
1362 2275 1445 2307 Dae.

926 2324 941 2339 Χ
965 2321 1063 2352 Pueri
1078 2322 1245 2361 impuberis
1259 2324 1392 2364 oeneum]
1415 2325 1501 2357 Haec
1518 2326 1583 2357 l1is=

885 2370 970 2400 toria
986 2371 1065 2401 mihi
1083 2372 1184 2411 plane
1201 2373 1326 2412 ignota.
1353 2375 1452 2406 Idem.

925 2426 939 2447 5
963 2421 1082 2461 Pugio]
1104 2423 1169 2453 Vel
1186 2433 1204 2454 a
1217 2434 1333 2463 punge,
1348 2426 1400 2456 vel
1417 2435 1435 2455 a
1448 2434 1584 2465 pugnus,

883 2471 974 2512 quod
989 2481 1101 2513 pugno
1117 2472 1253 2505 facilius
1266 2476 1582 2516 comprehendatur.

884 2522 984 2553 Prius
1001 2529 1138 2564 etymon
1152 2525 1274 2556 Festus
1290 2525 1455 2567 sequitur.
1487 2527 1582 2557 Idem.

927 2578 939 2592 ²
964 2595 1105 2605 .....
1127 2585 1178 2606 no.
1202 2598 1211 2607 .
1237 2598 1245 2606 .
1269 2576 1283 2616 ]
1308 2577 1394 2608 Haec
1419 2587 1485 2607 non
1503 2582 1583 2608 sunt

884 2621 983 2662 hujus
998 2623 1087 2662 loci;
1115 2633 1190 2655 nam
1215 2629 1252 2656 ut
1271 2635 1313 2656 ex
1331 2626 1484 2666 vestigiis
1500 2626 1582 2656 odo-

884 2675 976 2702 natus
994 2681 1077 2713 sum,
1094 2674 1198 2704 verba
1213 2680 1291 2706 sunt
1311 2675 1400 2706 Festi
1418 2675 1461 2706 de
1478 2675 1582 2716 Popi-

884 2723 928 2753 lia
949 2723 1052 2761 tribu,
1076 2725 1165 2758 unde
1182 2726 1354 2767 epitomen
1378 2736 1470 2758 suam
1493 2726 1579 2761 hanc
