1876 3025
278 113 389 154 1100
713 122 860 154 SEXTI
894 121 1099 152 POMPEII
1135 122 1269 152 FEsri

281 225 363 257 tam
379 224 519 271 postea
542 232 566 257 a
591 216 779 258 Romulo
803 214 1082 266 Ruminalem,
1105 216 1159 256 sic
1172 216 1360 271 jacentes
1382 216 1520 271 lupam
1540 218 1728 269 lactasse,

276 291 313 323 et
337 284 476 338 picum
501 283 704 324 Martmm
726 283 924 323 nutrisse:
952 289 1047 336 post
1081 288 1266 337 repertos
1295 282 1445 325 Accam
1472 282 1729 337 Larentiam,

277 349 467 392 Faustuli
482 367 658 401 uxorem,
681 351 864 392 educasse
880 366 892 390 .·
916 350 1101 405 plerique
1122 358 1271 401 tamen,
1293 352 1460 402 conscio,
1477 360 1513 393 et
1534 352 1728 395 alimenta

268 419 474 472 praebente
497 419 738 469 Numitore,
763 418 938 459 nutritos
959 419 1091 468 aiunt,
1111 419 1221 474 quod
1249 418 1331 459 Ilia
1353 434 1400 460 ex
1422 419 1566 462 Marte
1591 435 1629 461 se
1652 436 1729 476 pe-

274 488 428 540 perisse
444 502 504 528 eos
523 486 793 538 asseverabat,
826 502 873 527 ac
903 494 1049 528 secreto
1084 487 1228 538 literis,
1262 488 1370 528 omni
1395 489 1535 544 deniq.
1568 488 1730 530 liberali

274 556 485 610 disciplina
524 554 671 596 Gabiis
706 555 911 596 institutos
947 561 1038 609 atq.
1073 556 1247 597 excultos
1266 555 1402 611 fuisse
1420 573 1431 595 :
1461 565 1584 613 atque
1606 557 1665 598 ita
1686 558 1729 598 in

274 623 428 663 vmusicis
443 622 630 676 primam
660 623 881 677 pueritiam
916 623 1157 673 traduxisse,
1191 638 1279 664 cam
1313 623 1418 664 inter
1438 625 1609 680 aequales
1638 640 1729 667 om-

274 704 351 731 nes
374 698 612 744 prcus-tarent
632 691 809 745 eorporis
823 692 1085 745 proceritate,
1105 699 1143 732 et
1162 691 1326 747 forma,
1355 694 1608 744 nominatos,
1628 693 1729 734 alte-

275 773 363 798 rum
388 757 624 809 Romulum,
641 757 815 800 Remum
849 758 1038 799 alterum.
1101 757 1185 799 Eos
1212 759 1281 799 ubi
1303 774 1349 800 esc
1369 773 1614 814 compressu
1638 760 1728 802 Iliae

272 833 388 867 natos
427 841 466 866 se
497 827 767 882 cognoverint,
799 834 838 867 et
869 827 977 881 quod
1005 829 1227 882 expositos
1258 830 1300 869 in
1327 828 1417 881 ripa
1444 827 1600 869 Tiberis
1627 828 1726 884 lupa

273 894 499 945 lactaverit,
519 895 697 949 prcebens
718 909 900 944 rumam,
917 900 1059 936 monte
1078 894 1208 936 vicino
1224 894 1469 946 descendeus,
1483 902 1521 936 et
1541 896 1651 951 quod
1664 911 1726 937 re-

264 963 376 1015 perti
397 978 421 1003 a
444 962 642 1004 Faustulo
677 969 780 1004 sunt
809 963 1003 1013 educati,
1038 961 1279 1019 Romulusq.
1312 970 1348 1004 et
1383 963 1535 1005 Remus
1562 980 1587 1004 a
1609 979 1726 1006 ruma

272 1032 476 1072 nominati
513 1031 794 1085 potissimum:
828 1038 1024 1085 praterea
1058 1046 1136 1085 quo
1163 1038 1287 1085 patre
1321 1037 1466 1073 essent
1499 1033 1724 1086 procreati

271 1097 557 1150 intellexerint,
578 1097 791 1140 Numitori
812 1114 886 1139 avo
905 1099 1084 1153 primum
1107 1100 1354 1141 restituisse
1376 1113 1560 1152 regnum,
1583 1100 1726 1141 deinde

271 1165 318 1207 cle
338 1166 437 1207 urbe
457 1166 661 1207 condenda
684 1181 762 1221 per
791 1168 973 1221 auguria
1001 1167 1252 1217 decrevisse,
1289 1175 1379 1209 uter
1411 1182 1497 1209 eam
1529 1168 1725 1218 conderet,

270 1234 550 1289 nominaretq.
573 1249 626 1277 ac
666 1237 863 1277 Deorum
900 1234 1117 1292 manifesta
1152 1236 1458 1291 approbatione,
1488 1234 1725 1278 Romulum

270 1303 417 1343 urbem
440 1303 685 1354 condidisse,
706 1318 837 1359 eamq.
856 1305 1079 1344 nominasse
1095 1303 1270 1344 Romam
1294 1306 1457 1358 potius,
1474 1318 1607 1358 quam
1630 1305 1724 1347 Ro-

270 1370 428 1411 mulam
469 1371 517 1411 de
549 1386 618 1412 suo
658 1372 829 1422 nomine,
868 1379 915 1412 ut
952 1371 1150 1426 ampliore
1181 1373 1390 1414 vocabuli
1427 1373 1725 1424 Significatione

264 1440 525 1493 prosperiora
549 1440 699 1494 patriae
732 1455 824 1483 suae
855 1441 1163 1482 omninaretur.
1225 1439 1401 1481 Romam
1423 1447 1541 1481 antea
1568 1439 1723 1481 Romu-

271 1506 351 1547 lum
369 1514 384 1529 Χ
417 1508 671 1562 appellatam
707 1509 945 1551 Terentius
966 1509 1145 1563 quidem
1176 1507 1306 1549 Varro
1322 1508 1458 1562 fuisse
1480 1509 1541 1548 ait
1562 1508 1613 1548 ab
1635 1506 1722 1549 Ro-

272 1574 380 1615 mulo
391 1592 405 1621 ‚·
428 1576 587 1618 deinde
603 1578 820 1618 detortam
838 1578 1043 1626 vocalem,
1058 1577 1270 1633 detritasq.
1286 1575 1566 1632 litei-assuisse
1583 1577 1724 1618 credi·

268 1645 379 1685 bile:
402 1649 586 1686 ceterum
610 1660 777 1686 causam
799 1646 885 1701 (jas
917 1645 1202 1700 appellationis
1223 1646 1435 1685 iuvenisse
1456 1645 1517 1686 ait
1537 1644 1722 1686 Verrius

268 1712 436 1753 vetitam
458 1727 536 1753 esse
562 1713 784 1767 publicari.
846 1714 1098 1755 Romanam
1120 1718 1319 1768 portamy
1353 1718 1477 1755 antea
1506 1710 1722 1753 Romulum

268 1780 494 1822 vocitatam
518 1782 672 1831 ferunt,
697 1796 796 1836 quae
828 1782 959 1823 suerit
988 1781 1040 1821 ab
1063 1780 1199 1822 Roma
1223 1780 1447 1836 appellata.
1518 1779 1611 1834 [79]
1636 1778 1722 1820 Ro-

268 1847 435 1886 muliam
462 1847 631 1888 Tribuni
651 1848 900 1902 appellatam
923 1849 984 1889 ait
1006 1847 1234 1902 Dionysius
1258 1847 1310 1888 ab
1336 1846 1530 1897 Romulo,
1553 1848 1661 1902 quod
1680 1848 1722 1888 in

269 1930 369 1969 agro
390 1915 443 1955 ab
464 1930 507 1955 eo
535 1923 658 1970 capto
680 1916 727 1957 de
754 1915 989 1958 Veientibus
1019 1917 1194 1971 populis,
1217 1931 1262 1956 ea
1291 1915 1435 1956 Tribus
1462 1916 1720 1957 censebatur.

273 1983 482 2024 Terentius
511 1983 639 2024 Varro
655 1984 804 2026 dictam
822 1986 896 2036 ait,
909 1986 1018 2041 quod
1030 1978 1231 2039 proxima
1252 1982 1390 2024 Roma:
1407 1990 1501 2024 esset

805 2067 905 2108 quae

779 2135 834 2174 eP

1549 2051 1716 2094 cuidam

1430 2135 1561 2171 ruma,
1584 2120 1628 2161 id
1647 2127 1718 2172 est,

266 2201 459 2228 mamma
1163 2189 1376 2244 Capitolio

918 2308 1059 2340 NOTAE

310 2386 323 2399 x
349 2380 479 2411 Romam
507 2384 598 2412 antea
626 2381 804 2422 Romulum]
832 2383 964 2413 Solinus

266 2441 342 2471 cap.
372 2434 401 2462 l.
436 2434 444 2448 ‘
464 2432 626 2463 Traditur
660 2434 761 2464 etiam
794 2434 964 2474 proprium

1019 2383 1193 2414 Valerium
1211 2383 1324 2425 deniq.
1341 2384 1516 2422 Soranum,
1533 2382 1621 2424 quod
1639 2392 1717 2413 con-

1018 2438 1070 2465 tra
1088 2434 1304 2465 interdictum
1323 2436 1434 2476 eloqui
1454 2435 1484 2465 id
1502 2445 1600 2465 ansus
1618 2434 1719 2471 foret,

266 2483 383 2514 Romae
411 2493 545 2523 nomen,
566 2491 797 2516 verumtamen
822 2486 965 2517 vetitum

266 2534 447 2573 publicari,
477 2535 751 2575 qnandoquidem
790 2537 965 2577 quominus

265 2585 517 2624 enunciaretur,
538 2585 808 2617 caerimoniarum
841 2596 965 2617 arcana

265 2640 464 2673 sanxerunt,
476 2640 513 2666 ut
527 2636 587 2666 hoc
603 2642 703 2676 pacto
721 2637 873 2668 notitiam
891 2638 965 2677 ejus

267 2686 420 2718 aboleret
437 2686 521 2718 fides
546 2688 680 2728 placitae
707 2689 965 2721 taciturnitatis.

1016 2486 1058 2516 ob
1084 2487 1241 2517 meritum
1270 2486 1424 2527 prot'anae
1448 2487 1539 2518 vocis
1560 2487 1634 2517 neci
1659 2485 1715 2516 da>

1019 2536 1113 2568 tum.’

1058 2591 1072 2614 Υ
1098 2587 1269 2618 Romanam
1293 2587 1430 2628 portam]
1456 2588 1563 2618 Varro
1591 2587 1647 2618 lib.
1666 2596 1716 2617 lv.

1017 2638 1059 2668 de
1077 2638 1172 2677 Ling.
1193 2639 1266 2669 Lat.
1292 2639 1300 2654 ⁴
1319 2637 1714 2679 Romanulaportadicta

1017 2693 1068 2720 est
1086 2689 1127 2719 ab
1145 2688 1276 2729 Rotna,'
1293 2690 1358 2720 Sec.
