1876 3025
236 162 320 227 500

694 170 716 201 S
728 169 842 200 EXTI
881 169 1082 200 POMPEI!
1117 170 1253 201 FES‘PI

241 268 464 320 QUANDO
496 272 738 309 STERCUS¹
764 277 1006 307 DELA'ruM
1032 277 1139 317 ΜΞ,
1161 266 1317 308 eodem
1337 266 1466 308 modo
1488 265 1530 307 in
1551 264 1678 306 fastis

295 341 474 378 notatur
494 336 605 386 dies,
626 349 716 390 quo
739 345 908 377 stercus
929 340 1140 388 purgatur
1161 336 1214 376 ab
1237 335 1332 376 aede
1354 335 1523 376 Vestae.

244 404 420 449 Quando
452 411 613 446 stercus
645 404 839 445 delatum
866 403 948 453 fas,
970 402 1115 444 eodem
1144 402 1258 444 modo
1289 403 1332 443 in
1353 402 1486 460 fascis
1517 401 1684 456 [FES'P.

295 480 464 514 notatur
481 473 588 524 dies,
609 475 682 528 qui
704 474 804 515 talis
826 478 907 524 est,
928 478 978 514 ut
998 471 1092 514 cedis
1119 470 1244 514 Vescae
1266 472 1307 512 in
1325 486 1369 512 eo
1390 471 1454 513 (lie
1477 475 1684 526 purgetur

299 548 562 596 stercusque
598 543 641 583 in
673 543 820 584 alvum
852 540 1124 595 capitolinum
1146 555 1193 582 ex
1214 539 1294 581 cede
1325 539 1447 581 Vestae
1468 537 1686 595 deferant:

299 625 399 652 cum
421 612 466 652 id
489 612 652 653 factum
678 611 749 660 sit,
772 618 865 651 tunc
880 607 1175 666 praetorifc189

242 679 502 730 Quartarios
517 685 528 701 ⁵
588 680 869 734 appellabant
911 679 1080 732 antiqui
1131 677 1349 719 muliones
1384 674 1688 722 mercenarios,

299 748 418 803 quod
442 752 656 802 quartam
694 752 866 802 partem
907 751 1105 802 quaestus
1143 747 1393 801 capiebant.

1459 744 1660 787 Lucilius
1678 756 1688 783 ε

298 830 428 870 porro
459 817 656 858 homines
677 829 861 871 nequam
881 816 1024 858 malus
1045 820 1094 858 ut
1115 814 1364 870 quartarius
1386 813 1544 868 cippos
1565 811 1689 854 colli-

299 897 397 937 gere
420 898 584 925 OlnneS.

242 951 503 1002 Quartarios
553 952 840 1007 appellabant
885 951 1102 994 muliones
1142 950 1449 998 mercenarios,

1509 948 1688 1004 [PAUL-

297 1020 417 1074 quod
441 1025 637 1075 quartam
658 1027 825 1076 partem
847 1021 1085 1075 capiebant
1107 1024 1321 1075 quaestus,

242 1088 474 1139 Quatenus
489 1089 500 1111 t
530 1090 747 1143 significat
770 1103 858 1144 qua
878 1088 961 1130 fine
980 1102 991 1141 3
1013 1093 1059 1129 ut
1078 1088 1309 1136 hactenus,
1330 1086 1412 1127 hac
1433 1084 1519 1126 fine
1541 1098 1549 1122 ;
1582 1096 1690 1137 qua·

298 1158 432 1208 tinus,
453 1171 573 1209 vero,
595 1158 825 1212 quoniam:
857 1157 935 1199 sed
958 1156 1130 1211 antiqui
1153 1159 1367 1210 quatenos
1386 1159 1401 1175 ¹¹
1425 1153 1646 1195 dicebant.

846 1285 1089 1301 eaeooomaeoee

284 1380 305 1407 9
329 1377 413 1410 Ead.
430 1378 485 1411 ed.
501 1383 574 1412 tunc
586 1380 718 1421 proetori
733 1379 904 1418 liceatsuri
921 1380 984 1411 tria
999 1377 1102 1411 verba.
1147 1376 1235 1409 Vide
1252 1375 1372 1408 Notas.

898 1510 1041 1543 NOTAE

286 1590 296 1604 Γ
321 1585 452 1621 Quando
481 1587 614 1628 stercus]
654 1586 768 1618 Infra:
811 1586 942 1623 Quando

241 1642 360 1669 stercus
388 1638 535 1677 delatum,
556 1637 631 1676 fus:
668 1640 772 1669 eodem
798 1638 883 1668 modo
909 1636 942 1667 in

231 1689 331 1726 fastis
346 1693 474 1720 notatur
488 1690 573 1720 dies:
597 1690 649 1730 qui
661 1691 735 1721 talis
749 1693 806 1726 est,
819 1692 853 1720 ut
866 1688 943 1720 oedis

247 1740 349 1770 Vestoe
374 1744 540 1780 purgetur,
568 1744 744 1781 stercusque
769 1742 802 1771 in
830 1740 944 1770 clivum

246 1790 457 1831 Capitolinum
471 1791 648 1827 deferatur.-
680 1801 747 1822 cum
770 1791 802 1821 id
817 1791 943 1828 sactum

242 1841 296 1880 sit,
313 1844 376 1871 tum
393 1844 439 1872 est
456 1841 672 1878 ProetorisaS.
695 1843 768 1875 Jos.
787 1842 877 1873 Scal.

289 1891 422 1926 Quando
451 1896 568 1922 stercus
589 1893 723 1923 delutum
738 1892 810 1933 fus]
834 1893 943 1923 Varro

243 1942 301 1973 lib.
329 1951 363 1972 v.
388 1942 430 1972 de
459 1943 547 1973 L.L.
583 1942 688 1973 ‘Dies
711 1942 767 1983 qni
792 1947 945 1981 vocatur,

244 1992 390 2025 Quando
415 1997 547 2024 stercus
568 1993 720 2024 delatum
747 1992 813 2032 fas,
836 1992 878 2024 ab
903 2002 942 2024 eo

244 2044 451 2085 appellatus,
469 2043 558 2085 quod
577 2053 617 2075 eo
634 2044 688 2074 die
706 2053 749 2075 ex
770 2043 843 2074 aede
860 2043 942 2074 Ves-

245 2099 290 2126 tae
314 2100 443 2126 stercus
460 2095 627 2126 everritur
643 2099 677 2125 et
700 2103 762 2135 per
779 2094 943 2135 Capitoli·

246 2154 324 2176 num
349 2144 474 2175 clivum
502 2144 533 2175 in
561 2145 671 2176 locum
695 2143 849 2176 defertur
871 2153 943 2175 cer-

246 2194 344 2227 tum.'
392 2194 502 2235 Hujus
542 2194 610 2225 diei
648 2194 800 2226 meminit
839 2194 943 2227 Ovid.

247 2246 304 2287 qui
321 2246 414 2277 illum
434 2248 484 2276 17.
503 2245 582 2276 Kal.
597 2245 668 2278 Jul.
686 2255 761 2276 esse
783 2244 868 2276 dicit
887 2245 948 2276 lib.

249 2307 299 2329 v1.
320 2298 408 2328 Fast.
439 2301 448 2314 ‘
462 2297 580 2328 Tertia
595 2306 661 2327 nox
677 2296 805 2337 veniet,
819 2305 885 2337 qua
899 2301 948 2331 tu,

247 2347 383 2379 Dodoni
395 2347 544 2388 Thyene,
554 2347 666 2379 Stabis
676 2346 846 2387 Agenorei
860 2345 951 2377 fron·

249 2404 283 2431 te
301 2399 445 2431 videnda
464 2399 570 2430 bovis.
616 2398 702 2430 Haec
720 2404 771 2430 est
787 2399 845 2430 illa
861 2398 949 2439 dies,

250 2460 315 2491 qua
332 2455 367 2482 tu
391 2449 590 2490 purgamina
606 2449 735 2485 Vestae,
751 2448 869 2490 Tybri,
887 2458 949 2490 per

249 2502 413 2532 Etruscas
428 2500 462 2532 in
479 2509 571 2532 mare
588 2500 694 2531 mittis
709 2499 836 2541 aquas.'
860 2498 948 2531 Vide

250 2552 340 2582 infra
357 2556 366 2571 ‘
379 2550 530 2583 stercus.’
558 2551 640 2582 Duc.

297 2602 429 2637 Quando
449 2605 566 2632 stercus
586 2601 721 2632 delatum
736 2599 808 2640 sus]
841 2600 949 2631 Recte

251 2652 414 2693 opinatur
430 2652 527 2684 Fulv.
544 2651 688 2683 Ursinus
703 2651 757 2682 hic
774 2650 948 2682 desidera·

253 2705 281 2734 ri
305 2710 449 2745 quatuor
470 2705 543 2736 illas
569 2709 667 2736 notas
684 2704 726 2736 Q·
744 2703 778 2735 S.
798 2705 841 2735 D.
859 2703 896 2735 F.
914 2708 949 2734 et

255 2755 393 2786 Festum
424 2756 596 2797 scripsisse
627 2755 666 2790 Q.
691 2754 727 2786 S.
753 2754 798 2786 D.
825 2755 865 2785 F.
912 2753 951 2784 Id

996 1587 1053 1619 est,
1073 1583 1205 1619 Quando
1219 1585 1338 1612 stercus
1362 1579 1496 1610 delatum
1513 1577 1580 1616 sas.
1626 1575 1691 1606 Vel

997 1635 1130 1676 potius:
1173 1633 1306 1668 Quando
1334 1634 1451 1661 stercus
1477 1629 1612 1659 delutum
1628 1627 1698 1665 fas,

999 1686 1040 1722 Q.
1056 1684 1090 1716 S.
1108 1685 1153 1716 D.
1176 1683 1212 1715 F.
1228 1683 1331 1714 eodem
1352 1681 1440 1712 modo
1463 1680 1495 1709 in
1508 1678 1620 1716 fastis,
1642 1679 1696 1717 ξε.

998 1736 1094 1768 Idem
1111 1735 1212 1767 etiarn
1238 1742 1299 1774 pro
1313 1732 1414 1763 alcum
1429 1730 1557 1771 optime
1573 1728 1697 1767 clivum,

999 1787 1088 1830 quod
1107 1787 1270 1828 probatur
1281 1794 1322 1816 ex
1340 1784 1416 1815 loco
1425 1780 1588 1813 Varronis
1598 1790 1698 1822 quem

997 1848 1099 1879 snpra
1116 1836 1301 1869 afferimus.
1327 1834 1425 1865 Idem.

1040 1894 1051 1909 ⁸
1076 1885 1280 1925 Quartarios]
1305 1886 1399 1925 Lege
1417 1884 1464 1915 ita
1483 1891 1615 1913 versum
1633 1882 1697 1913 Lu-

997 1940 1173 1972 cilianum:
1201 1937 1302 1968 Porro
1318 1935 1455 1966 homines
1478 1943 1618 1973 nequam,
1634 1942 1699 1963 ma-

998 1990 1045 2020 lus
1057 1993 1091 2020 ut
1107 1987 1282 2028 quartaria·
1296 1986 1400 2026 cippos
1417 1983 1565 2015 Collisere
1587 1991 1701 2014 omnes.

999 2042 1130 2073 Notum
1148 2044 1201 2070 est
1224 2038 1343 2078 cippos
1365 2035 1598 2077 sepulcrorum
1619 2034 1698 2065 olim

999 2090 1182 2124 secundum
1195 2089 1264 2120 vias
1274 2087 1427 2130 publicas
1437 2086 1553 2118 fuisse.
1577 2085 1700 2126 Itaque

999 2142 1098 2174 facile
1110 2139 1359 2173 collidebantur
1372 2148 1391 2169 a
1403 2137 1501 2169 mulis
1511 2137 1702 2178 sagmariis,

999 2204 1074 2226 cum
1092 2203 1134 2224 ea
1150 2190 1382 2232 praeterirent.
1402 2190 1472 2220 Jos.
1487 2188 1572 2219 Scal.

1043 2246 1053 2266 ⁸
1078 2241 1256 2282 Quatenus]
1294 2241 1365 2276 Qua
1376 2240 1458 2282 fine,
1483 2243 1517 2270 ut
1538 2239 1701 2277 hactenus,

999 2295 1140 2338 hacfine.
1186 2292 1283 2325 Chilo
1307 2290 1397 2332 apud
1423 2289 1572 2321 Gellium
1595 2287 1655 2319 lib.
1675 2296 1700 2319 1.

1001 2357 1077 2387 cap.
1094 2348 1124 2377 3.
1146 2345 1155 2361 ‘
1172 2343 1248 2375 Hac
1264 2341 1330 2373 tine
1348 2350 1439 2372 ames
1456 2344 1616 2380 tanquam
1632 2336 1700 2369 for-

1002 2402 1037 2429 te
1065 2395 1200 2427 fortuna
1223 2401 1352 2430 esurus,
1372 2391 1436 2422 hac
1464 2389 1581 2422 itidem
1605 2394 1702 2419 tenus

1000 2447 1127 2485 oderis,
1152 2450 1311 2485 tanquam
1338 2441 1485 2473 fortasse
1510 2443 1588 2480 post
1611 2447 1702 2469 ama-

1001 2497 1120 2530 turus.’
1167 2494 1275 2527 Addit
1296 2494 1412 2525 Festus
1429 2491 1574 2522 Veteres
1596 2492 1703 2530 quate·

1001 2559 1058 2581 nus
1084 2549 1173 2580 inter
1190 2550 1224 2577 et
1247 2544 1394 2585 quatinus
1418 2541 1498 2573 illud
1521 2540 1702 2572 discrimen

1003 2599 1166 2642 posuisse,
1183 2603 1218 2628 ut
1234 2598 1384 2636 quatenus
1408 2597 1416 2610 ⁴
1430 2602 1495 2633 qua
1514 2590 1604 2630 fine,'
1628 2601 1703 2631 qua-

1003 2652 1089 2684 tinus
1127 2657 1207 2679 vero
1243 2648 1251 2662 ‘
1266 2645 1423 2687 quoniam
1438 2643 1446 2655 ’
1485 2641 1702 2683 significaret.

1003 2700 1071 2733 Sed
1102 2699 1184 2730 illud
1216 2696 1433 2728 observatum
1461 2703 1526 2725 non
1553 2692 1654 2724 fuisse
1682 2700 1701 2721 e

1007 2750 1178 2784 veteribus
1208 2747 1301 2780 libris
1328 2746 1487 2787 colligere
1512 2749 1577 2782 est,
1603 2743 1700 2774 inimo
