1876 3025
268 167 332 196 DE
364 163 637 196 VERBORUM

674 161 1088 193 SlGNIFICATlONE
1123 160 1220 192 LIB.
1254 159 1407 191 XV111.

1446 143 1451 145 ³
1490 149 1575 191 977

125 261 328 314 Tongere
351 274 482 302 nosse
507 266 598 302 est:
631 273 730 301 nam
755 258 1013 301 Praenestiui
1036 258 1319 311 tongitionem
1335 261 1367 288 ¹9
1397 255 1577 310 [PAUL.

185 329 335 371 dicunt
356 330 593 370 notionem.

656 329 844 370 Ennius:
877 327 971 369 Alii
993 326 1210 367 rhetorica
1230 330 1419 377 tongent.

132 396 339 453 Tongere0
364 397 501 438 AElins
526 396 638 438 Stilo
672 398 731 438 ait
761 409 945 437 noscere
976 407 1095 444 esse,
1127 392 1237 448 quod
1267 392 1384 432 Prae-
1415 393 1579 442 [FEST.

185 465 332 506 vestini
353 465 632 520 tongitionem
652 465 800 506 dicant
831 477 908 517 pro
937 462 1114 503 notione.
1145 459 1347 516 signgficczt
1379 466 1417 500 et
1450 458 1582 500 latius

186 533 413 574 dominari.

474 532 668 574 Ennius:
713 530 788 572 aliz?
829 528 1051 571 Rhetorica
1086 534 1294 583 tongent:
1327 532 1369 570 et
1404 528 1581 569 vincere

185 599 308 640 etiam
329 599 572 654 quandoque
592 600 759 641 videtur
780 598 1041 651 significare.

128 667 359 709 Tonsamp
395 666 562 708 Ennius
586 666 806 720 significat
838 679 1018 715 remum,
1041 665 1158 719 quod
1188 664 1318 718 quasi
1348 662 1585 704 tondeatur

187 735 314 785 ferro,
337 747 435 776 cum
468 736 532 775 ait
561 735 673 775 libro
705 735 921 787 septimo:
956 733 1091 773 Poste
1117 733 1396 782 recumbite,q
1419 736 1587 772 vestra-

189 815 275 856 que
297 806 480 856 pectora
500 802 652 856 pellite
674 802 842 843 tonsis:
873 802 1004 842 item:
1036 801 1160 842 Pone
1194 805 1364 855 petunt,
1396 800 1498 840 exin
1521 811 1587 839 re-

187 869 332 910 ferunt
360 870 416 910 ad
449 874 631 923 pectora
661 874 835 930 tonsas:
873 873 916 910 et
945 870 990 909 in
1020 868 1218 910 Asota:r
1248 867 1378 909 Alius
1405 868 1449 908 in
1479 866 1589 907 mari

191 938 284 978 vult
306 951 460 989 magno
482 942 629 978 tenere
651 942 845 978 tonsam.

132 1005 298 1054 Tonsa,
332 1019 491 1055 remus,
529 1006 649 1059 quod
688 1005 817 1058 quasi
849 1005 1083 1046 tondeatur
1103 1004 1229 1045 ferro.

1290 1003 1379 1044 En-
1410 1002 1589 1055 [PAUL.

189 1073 291 1114 nius
310 1087 319 1114 ε
353 1074 479 1114 Pone
500 1078 667 1128 petunt,
689 1073 794 1114 exin
815 1073 1006 1114 referunt
1027 1072 1083 1114 ad
1105 1078 1286 1127 pectora
1308 1077 1476 1112 tonsas.

134 1140 367 1191 Tonsilla,S
402 1142 533 1194 palus
550 1141 725 1183 delatus
742 1142 784 1182 in
803 1155 1002 1191 acumen,
1028 1147 1071 1182 et
1088 1140 1277 1194 cuspide
1297 1139 1593 1194 praeserratus,

194 1209 271 1262 qui
291 1210 418 1250 navis
437 1209 677 1260 religandae
700 1223 836 1250 causa
858 1210 900 1250 in
923 1211 1065 1251 littore
1085 1209 1246 1262 figitur.

1307 1207 1456 1249 Attius
1475 1220 1483 1245 ε
1506 1206 1594 1247 Ta-

195 1281 303 1324 cete,
325 1281 368 1318 et
388 1277 595 1318 tonsillas
615 1278 761 1318 littore
783 1278 825 1318 in
846 1278 961 1320 laeda
983 1278 1153 1318 edite.20

744 1395 882 1408 eeeeeee

885 1396 983 1407 eeeee

182 1476 223 1504 19
246 1473 326 1505 Vet.
343 1473 402 1505 lib.
418 1474 604 1513 tongionem.
650 1473 738 1505 Vide
754 1474 965 1505 Notas.—20
990 1474 1066 1505 Vet.
1084 1472 1140 1504 lib.
1156 1473 1189 1503 in
1204 1472 1309 1503 littore
1322 1470 1414 1502 edite.

800 1593 945 1625 NOTAE

141 1666 183 1696 de
208 1672 243 1697 et
261 1666 403 1697 Celonia
425 1666 513 1698 dixit
537 1667 680 1698 Plautus
709 1668 844 1700 Poenul.

142 1722 211 1748 act.
228 1725 260 1748 v.
289 1726 334 1747 sc.
358 1719 387 1747 3.
410 1722 417 1733 ‘
433 1717 518 1748 Sunt
542 1717 668 1748 Graeca
692 1719 846 1757 (telonia,

141 1767 271 1797 sustolli
290 1766 423 1798 solent?
459 1768 590 1808 Estque
612 1770 721 1799 collem)
745 1779 809 1800 non
827 1779 846 1799 a

142 1818 274 1848 tollendo
292 1818 349 1847 sed
370 1818 411 1848 ab
436 1819 572 1859 obliquo
596 1818 743 1856 κήλωνος,
766 1830 845 1861 qua-

146 1869 173 1899 si
188 1870 302 1899 caleno.
348 1869 392 1899 Et
409 1880 424 1899 c
442 1871 474 1899 in
493 1872 503 1899 t
522 1871 632 1900 toleno.
658 1871 746 1901 Dae.

186 1923 200 1938 ⁰
226 1919 379 1959 Tongere]
406 1920 545 1958 Tongere
568 1921 674 1951 AElius
696 1921 778 1951 Stilo
800 1922 843 1952 ait

143 1978 266 1999 noscere
289 1978 353 1999 esse
368 1979 377 2004 ,·
400 1979 468 1999 cum
483 1973 514 2000 et
530 1970 725 2001 Praenestinz'
741 1971 845 2009 longi-

143 2019 259 2049 tionem
287 2019 393 2049 dicunt
421 2029 477 2058 pro
504 2020 653 2050 notione:
688 2020 848 2061 significat

144 2070 238 2099 etium
267 2069 361 2100 huius
390 2070 556 2102 dominari.
602 2071 746 2101 Ennius:
778 2070 848 2102 Atii

143 2119 300 2150 rhetorica
317 2123 463 2158 tongent.-
488 2125 517 2151 ει
534 2121 654 2152 vincere
670 2122 849 2162 quandoque

144 2171 267 2201 videtur
282 2170 474 2212 significare.
504 2172 591 2203 Haec
609 2171 752 2203 fortasse
769 2173 849 2203 Fes-

145 2226 211 2252 tus.
236 2220 314 2251 Ant.
332 2221 418 2259 Aug.

191 2270 346 2310 Tongere]
373 2272 512 2311 Tangere
540 2272 623 2303 Stilo
654 2274 699 2303 ait
726 2283 849 2304 noscere

146 2330 229 2351 esse:
261 2321 333 2361 quia
357 2321 548 2353 Praenestim·
573 2324 778 2362 tongitionem
801 2325 849 2355 di-

147 2373 219 2401 cant
233 2379 290 2410 pro
306 2371 447 2402 notione:
471 2376 516 2408 ut,
536 2374 722 2412 Tongitione
746 2376 850 2415 potius

147 2420 315 2451 dominari.
348 2422 485 2452 Ennius:
502 2423 573 2453 Alii
584 2423 768 2454 rhetoricam
781 2428 848 2455 ton-

146 2475 236 2509 gent,
252 2475 282 2501 et
302 2471 423 2503 vincere
439 2473 565 2503 volunt.-
589 2478 701 2505 norunl
724 2475 849 2506 videtur

149 2522 339 2563 significare.
362 2521 435 2553 Jos.
451 2523 540 2555 Seal.

184 2571 337 2611 Tongere]
348 2572 558 2604 Glossarium
570 2574 738 2606 Fornerii:
751 2576 849 2606 ‘Ton-

149 2632 243 2662 gere,
256 2622 358 2662 εἴδειν,
375 2623 503 2653 Ennius
520 2626 552 2654 in
571 2633 679 2657 xvxii.
699 2626 849 2656 Lucilius

150 2671 185 2702 in
204 2673 327 2704 xxm.¹
366 2673 454 2703 Illud
473 2683 538 2704 non
557 2675 687 2714 legerat
700 2676 852 2716 Scaliger

151 2722 209 2764 qui
226 2724 360 2763 putavit
378 2724 440 2754 hoc
464 2722 692 2764 fragmentum
719 2735 791 2757 esse
809 2735 851 2756 ex

237 2776 355 2817 Delph.
369 2781 399 2808 et
420 2777 494 2809 Var.
510 2778 595 2808 Clus-

774 2779 884 2818 Pomp.
904 2779 931 2808 F
934 2781 990 2809 est.

897 1668 1060 1699 Sotadico
1092 1668 1203 1699 Ennii.
1248 1667 1368 1706 Tongeo
1384 1665 1524 1696 Vossius
1553 1665 1602 1697 ait

899 1728 973 1749 esse
990 1729 1009 1749 a
1024 1723 1120 1754 teneo,
1133 1719 1222 1759 quod
1240 1717 1474 1753 nost-omium,
1490 1720 1526 1747 et
1542 1716 1600 1748 do-

899 1770 1008 1800 minor
1024 1769 1205 1810 aliquando
1222 1768 1399 1808 significat.
1424 1768 1504 1799 Dac.

943 1826 958 1846 Ρ
984 1820 1130 1860 Τοηςαηι]
1156 1820 1242 1851 Vide
1258 1820 1290 1850 in
1305 1818 1494 1860 appendice
1512 1818 1602 1849 C0n=¹

895 1870 1149 1911 jecraneorum.
1173 1871 1242 1901 Jos.
1259 1870 1344 1900 Scul.

947 1920 1094 1961 Tonsam]
1120 1920 1350 1951 Glossarium:
1375 1920 1384 1936 ‘
1396 1919 1531 1957 Tonsae,
1543 1915 1602 1949 κῶ-

901 1971 976 2006 παι,’
1000 1970 1032 2001 id
1051 1976 1114 2006 est,
1142 1970 1237 2002 remi.
1284 1969 1350 2000 Sed
1386 1979 1404 1999 a
1429 1970 1599 2008 tundendo,

903 2031 968 2052 non
987 2032 1005 2052 a
1023 2023 1186 2062 tondendo,
1212 2026 1249 2051 ut
1271 2021 1343 2051 vult
1370 2020 1505 2055 Festus,
1523 2020 1604 2060 quia

904 2073 970 2104 illis
987 2082 1074 2113 aqua
1092 2073 1258 2103 tunditur.
1281 2071 1365 2102 Duc.

945 2129 961 2150 <³
989 2122 1085 2154 Poste
1100 2121 1281 2162 recumbite]
1309 2121 1415 2161 Lego,
1440 2119 1526 2150 Pone
1554 2128 1606 2150 re-

902 2173 1035 2204 cumbite
1049 2176 1209 2212 vestraque
1231 2176 1356 2212 pectora
1372 2171 1478 2211 pellite
1499 2170 1607 2201 tonsis.

903 2222 958 2254 Ita
976 2228 1012 2254 ut
1030 2232 1101 2253 mos
1118 2228 1153 2254 et
1178 2228 1294 2262 gestus
1311 2222 1475 2261 remigum
1493 2222 1607 2260 expri-

904 2280 1027 2304 matur.
1064 2273 1119 2304 Sic
1135 2272 1223 2304 infra
1247 2278 1254 2291 ‘
1269 2282 1356 2314 poue
1378 2270 1525 2312 petunt,'
1540 2272 1606 2302 ἃς.

902 2324 1000 2355 Idem.

946 2379 957 2394 r
980 2375 1024 2405 Et
1040 2375 1073 2405 in
1089 2374 1205 2415 Asata]
1231 2375 1359 2405 Asotam
1383 2373 1453 2403 sive
1476 2372 1607 2404 Asotum

903 2426 1003 2456 Ennii
1026 2425 1142 2456 laudat
1163 2426 1266 2456 etiam
1289 2425 1398 2456 Varro
1420 2423 1478 2454 lib.
1496 2432 1546 2454 1v.
1564 2422 1606 2453 de

904 2475 943 2506 L.
957 2475 995 2505 L.
1027 2475 1094 2505 Sed
1113 2475 1242 2506 monuit
1259 2474 1412 2514 Scaliger
1427 2472 1607 2513 legendum

905 2534 971 2555 non
994 2525 1028 2555 in
1045 2526 1154 2561 Asota,
1181 2524 1239 2555 sed
1261 2524 1295 2555 in
1316 2524 1473 2555 Sotadico.
1519 2523 1606 2552 Nam

906 2574 1085 2605 Sotadicum
1122 2575 1261 2615 scripsit
1305 2574 1447 2607 Ennius,
1476 2572 1607 2602 Asotum

906 2634 987 2656 vero
1003 2625 1073 2655 sive
1090 2624 1223 2656 Asotum
1240 2624 1406 2656 Caecilius.
1432 2623 1530 2652 Idem.

948 2680 959 2695 ⁸
983 2675 1133 2715 Tonsilla]
1149 2676 1237 2707 Attii
1254 2684 1392 2707 carmen
1409 2672 1608 2704 mendosum

907 2730 969 2756 est.
995 2726 1070 2756 Ant.
1087 2725 1171 2764 Aug.

1448 2777 1465 2805 3
1491 2775 1521 2807 Q
