1876 3025
343 168 405 198 DE
440 164 713 196 VERBORUM
749 161 1164 194 SIGNIFICATIONE
1200 161 1296 189 [1113.
1331 160 1434 189 xlv.

179 263 366 305 Profesti
385 261 478 302 dies
498 260 652 314 procul
675 273 701 300 a
717 258 921 311 religione
938 256 1128 297 numinis
1152 255 1303 296 divini.

1544 150 1629 192 (555

1449 255 1630 307 [Pseu

179 330 433 372 Profestum
455 329 569 369 diem
592 328 813 376 dicebant,
835 325 911 379 qui
933 325 1070 365 festus
1094 337 1181 365 non
1208 328 1316 364 erat.

174 398 423 439 Profestum
447 401 514 437 est
529 393 700 444 facere,i
724 400 937 448 tanquam
956 392 1188 445 profanum
1208 391 1369 440 facere,
1387 389 1433 430 id
1463 389 1630 443 [FEST.

232 471 317 515 est,
340 465 460 519 quod
481 477 534 504 eo
559 463 645 513 die,
684 462 762 516 qui
797 462 891 502 dies
924 461 1131 502 feriarum
1151 472 1236 499 non
1257 463 1338 508 est,
1360 458 1520 507 facere,
1540 459 1626 507 vel,

230 538 280 575 ut
301 533 477 587 quidam
498 532 715 581 dlxerunt,
748 544 828 584 pro
864 542 919 569 eo
955 529 1098 569 facere
1126 527 1245 568 velut
1266 526 1384 568 feriae
1405 539 1490 567 non
1512 527 1624 578 sint3

229 605 305 643 aut
326 601 371 642 id
393 601 553 650 facere,
585 599 704 653 qumi
732 599 850 639 seriis
872 597 969 638 fieri
1001 609 1088 637 non
1118 595 1266 636 liceat.
1326 594 1485 648 Itaque
1507 593 1622 635 diem

233 669 489 723 profestum,
510 669 623 709 diem
647 668 740 708 sine
766 667 884 707 feriis
900 679 1014 706 esse.
1136 671 1138 673 '

177 734 482 786 Profundum,k
503 735 625 789 quod
654 735 780 788 longe
801 734 939 775 habet
959 732 1161 773 fundum.

1452 731 1630 786 [PAUL.

178 804 444 860 Profundum
480 800 631 844 dicitm‘
661 802 705 843 id
739 801 849 857 quod
878 802 1014 842 altum
1048 805 1131 851 est,
1166 814 1218 842 ac
1246 799 1424 842 fundum
1454 799 1623 854 [FEST.

236 872 350 928 louge
371 871 500 912 habet.

563 870 774 911 Pacuvius
794 871 838 910 in
871 868 1012 909 Modo
1030 883 1039 909 :
1061 881 1196 923 neque
1208 866 1483 924 profcmdum.

177 938 417 982 Profusus¹
439 953 568 994 super
589 938 759 980 modum
779 944 1034 991 sumptuosus
1056 936 1279 977 dicebatur.
1337 935 1569 977 Terentius
1583 934 1629 975 in

237 1008 464 1062 Adelphis,
490 1005 736 1064 profundat,
754 1004 918 1060 perdat,
951 1009 1114 1058 pereat,
1146 1005 1252 1046 nihil
1285 1004 1341 1045 ad
1363 1016 1447 1044 me.

1508 1002 1630 1043 Allas

236 1075 413 1130 abJectus
433 1075 580 1129 jacens
596 1091 610 1118 ;
640 1080 684 1115 et
707 1074 932 1115 Pacuvius
955 1074 1001 1114 in
1020 1072 1208 1114 Teucro:
1244 1070 1452 1127 P7·‹)J‘icszc.5
1475 1070 1627 1126 gemitu

238 1157 446 1184 murmuro
468 1142 567 1184 ocei
589 1142 728 1182 stians
750 1144 862 1182 ruat.

181 1212 395 1259 Profusus
418 1224 553 1264 supra
589 1210 768 1251 modum
791 1212 1097 1263 sumptuosus.

1157 1208 1393 1250 Terentius
1415 1220 1425 1250 ε
1458 1206 1584 1260 [PAU
1598 1216 1639 1245 μ.

237 1279 492 1334 profundat,
514 1278 685 1332 perdat,
708 1281 874 1331 pereat,
897 1277 1002 1318 nihil
1024 1277 1081 1318 ad
1104 1290 1173 1318 me
1206 1277 1384 1318 attinet:
1419 1275 1532 1316 alias
1565 1274 1642 1314 ab·

231 1347 396 1402 jectus,
411 1347 579 1401 jacens.

790 1477 908 1490 eeeeee

227 1558 265 1587 17
293 1556 377 1589 Ead.
393 1557 447 1589 ed.
463 1566 631 1589 murmuro.

641 1346 892 1387 Pacuvius:
925 1345 1146 1387 Profusus
1168 1344 1345 1399 gemitu,
1367 1346 1637 1386 murmure.¹⁷

912 1478 1029 1490 eeeeee

848 1657 877 1688 N
886 1655 989 1688 OTAE

184 1740 262 1761 cum.
309 1730 368 1761 Ait
393 1729 571 1762 Afranius:
608 1732 693 1764 Quae
720 1741 779 1762 nos
805 1731 886 1763 faci-

186 1788 259 1810 mus
276 1779 395 1810 diebus
412 1779 522 1820 festis,
537 1786 572 1811 tu
587 1781 705 1811 diebus
724 1781 887 1820 profestis

186 1829 299 1860 onmia
316 1829 523 1869 permisces:
550 1829 598 1860 At
621 1840 696 1870 quae
720 1840 781 1861 nos
809 1841 885 1870 pro-

185 1877 281 1909 festis
296 1877 448 1915 facimus,
466 1883 503 1910 tu
517 1879 552 1910 id
570 1889 668 1910 omne
684 1879 804 1911 diebus
821 1879 885 1910 fes-

185 1930 227 1960 tis
241 1939 316 1961 cum
330 1929 483 1960 celebras
500 1929 623 1961 focum.
660 1929 748 1960 Nam
765 1929 884 1961 diebus

184 1978 282 2011 festis
312 1980 460 2011 Deorum
497 1978 594 2011 focus
633 1980 884 2012 celebrabatur.

184 2029 267 2061 Dec.

229 2080 237 2101 i
259 2081 438 2118 Prtffestztm
469 2080 592 2120 facere]
629 2081 739 2112 Deest
775 2080 884 2119 facere

184 2131 266 2165 licet,
294 2131 347 2161 vel
377 2130 455 2172 quid
486 2131 607 2162 simile.
653 2131 780 2161 Sensus
807 2135 881 2162 est:

184 2181 194 2197 ‘
210 2180 403 2212 Profestum
431 2180 546 2212 facere
563 2185 616 2212 est
634 2187 792 2222 tanquam
811 2191 886 2221 pro-

187 2230 301 2262 fanum
320 2231 446 2270 facere,
462 2231 497 2262 id
515 2236 579 2268 est,
606 2231 721 2262 facere
741 2231 829 2272 quod
847 2241 888 2262 eo

187 2281 255 2322 die,
269 2281 326 2322 qui
342 2281 414 2312 (lies
430 2281 591 2312 feriarum
610 2290 674 2312 non
692 2285 756 2321 est,
773 2280 888 2312 facere

186 2331 287 2363 lieet?
333 2332 399 2363 Hic
415 2332 604 2372 intelligere
618 2331 754 2362 videtur
767 2332 887 2362 Festus

186 2383 354 2421 profestum
363 2382 471 2421 facere
497 2392 554 2413 eos
574 2382 682 2413 dictos
700 2382 756 2422 qui
781 2381 886 2413 festos

187 2432 365 2471 vitiabant,
382 2433 416 2463 id
439 2436 500 2472 est,
528 2432 584 2473 qui
600 2432 719 2463 diebus
735 2430 833 2463 festis
850 2432 887 2462 il-

189 2481 247 2511 lud
264 2482 422 2522 agebant,
446 2482 535 2523 quod
559 2482 754 2523 quotidiano
782 2491 886 2523 opere

190 2534 319 2561 tantum
334 2532 475 2563 licebat.
497 2533 596 2564 Idem.

231 2578 245 2599 k
273 2581 476 2622 Profundum]
501 2583 688 2614 Diomedes
713 2582 827 2624 capite
843 2582 885 2613 de

186 2640 334 2672 praepos„
379 2632 467 2663 ‘Pro
489 2634 686 2674 praepositio
714 2633 885 2674 significat

190 2690 305 2722 porro,
335 2686 372 2713 ut
399 2692 474 2713 cum
505 2683 708 2723 profundum
743 2685 883 2717 dicimus

190 2733 342 2774 pelagus,
369 2737 407 2765 ut
435 2733 489 2766 cui
521 2744 621 2775 porro
655 2734 780 2768 fundus
820 2735 884 2768 sit?

943 1731 1033 1761 Vide
1067 1729 1221 1761 ‘altum'
1265 1727 1403 1760 Servius
1435 1725 1476 1757 ad
1509 1726 1590 1756 illud
1620 1735 1643 1757 r.

943 1780 1075 1811 AEneid.
1142 1779 1364 1818 ‘Coelumque
1414 1775 1643 1816 profundum:

939 1831 948 1847 ‘
964 1828 1177 1860 Profundum
1199 1827 1334 1863 autem,’
1354 1828 1477 1867 inquit,
1493 1828 1501 1843 ‘
1515 1830 1549 1856 et
1567 1827 1643 1857 sub-

939 1880 1019 1911 lime
1052 1879 1198 1911 dieitm·.'
1232 1880 1346 1910 Item:
1382 1878 1450 1908 ‘Et
1477 1877 1564 1908 sicut
1588 1877 1643 1907 hic

940 1930 1146 1970 profundum
1175 1929 1207 1959 in
1235 1927 1462 1963 altitudinem,
1488 1927 1535 1958 sic
1562 1927 1644 1957 alibi

938 1979 1076 2021 fastigia
1101 1981 1134 2010 in
1165 1979 1280 2011 infima
1307 1982 1416 2019 parte.
1464 1978 1644 2008 ‘Forsitan

939 2036 975 2062 et
999 2031 1174 2061 scrobibus
1198 2040 1273 2071 quae
1300 2030 1368 2060 sint
1397 2028 1536 2069 fastigia
1552 2038 1643 2069 quae-

939 2081 1041 2112 ras.''
1066 2082 1164 2112 Idem.

982 2131 989 2152 ¹
1016 2131 1184 2171 Profusus]
1220 2130 1346 2161 Versus
1370 2127 1539 2164 Terentii,
1565 2132 1602 2159 ut
1625 2139 1643 2159 a

943 2182 1051 2213 Paulo
1082 2181 1232 2213 refertur
1268 2181 1300 2210 in
1340 2178 1519 2219 Adelphis,
1552 2180 1644 2220 quod

944 2233 1036 2263 Festi
1065 2232 1234 2263 dimidiati
1275 2241 1390 2262 versus
1433 2228 1643 2269 significant.

943 2284 1088 2314 Pacuvii
1105 2287 1217 2315 autem
1244 2281 1343 2313 nimis
1370 2280 1551 2312 mendosus
1578 2284 1642 2311 est.²

942 2336 1120 2374 Ant.Aug.

987 2384 1155 2425 Prosusus]
1192 2383 1356 2422 Profunda
1401 2385 1465 2416 est,
1500 2381 1644 2422 largiter

942 2433 1159 2471 fuudo,unde
1174 2435 1316 2475 profusus
1342 2431 1526 2473 δαπανηρὸς,
1554 2442 1642 2462 sum-

943 2490 1069 2517 tuosus.
1115 2486 1228 2517 Gloss.
1254 2486 1263 2502 ‘
1281 2483 1428 2524 profusa,
1444 2482 1464 2520 ἡ
1491 2481 1643 2522 δαψιλής]

940 2535 1029 2566 Item
1061 2534 1242 2576 profundo,
1281 2533 1371 2565 humi
1400 2532 1517 2567 fundo,
1552 2532 1642 2561 unde

940 2584 1108 2625 profusus,
1138 2584 1228 2615 humi
1252 2584 1360 2619 fusus,
1385 2582 1553 2622 abjectus.
1599 2582 1640 2611 In

939 2645 1038 2666 versu
1063 2636 1205 2666 Pacuvii
1228 2634 1409 2675 legendum
1429 2637 1533 2672 puto:
1561 2633 1640 2662 Pro-

931 2685 1027 2722 susus
1045 2687 1165 2725 gemitu
1189 2694 1345 2717 murmure
1368 2686 1530 2714 occentum
1555 2687 1638 2714 ruat.

939 2736 1023 2768 Dae.
