<?xml version="1.0" encoding="UTF-8"?>
<!DOCTYPE html PUBLIC "-//W3C//DTD XHTML 1.0 Transitional//EN"
    "http://www.w3.org/TR/xhtml1/DTD/xhtml1-transitional.dtd">
<html xmlns="http://www.w3.org/1999/xhtml" xml:lang="en" lang="en">
 <head>
  <title>
</title>
<meta http-equiv="Content-Type" content="text/html;charset=utf-8" />
  <meta name='ocr-system' content='tesseract 3.04.00' />
  <meta name='ocr-capabilities' content='ocr_page ocr_carea ocr_par ocr_line ocrx_word'/>
</head>
<body>
  <div class='ocr_page' id='page_1' title='image "./mverriiflacciqua02verruoft/mverriiflacciqua02verruoft_0224.png"; bbox 0 0 1876 3025; ppageno 0'>
   <div class='ocr_carea' id='block_1_1' title="bbox 266 161 351 202">
    <p class='ocr_par' dir='ltr' id='par_1_1' title="bbox 266 161 351 202">
     <span class='ocr_line' id='line_1_1' title="bbox 266 161 351 202; baseline -0.024 0"><span class='ocrx_word' id='word_1_1' title='bbox 266 161 351 202; x_wconf 71' lang='lat'>854</span> 
     </span>
    </p>
   </div>
   <div class='ocr_carea' id='block_1_2' title="bbox 711 167 1272 199">
    <p class='ocr_par' dir='ltr' id='par_1_2' title="bbox 711 167 1272 199">
     <span class='ocr_line' id='line_1_2' title="bbox 711 167 1272 199; baseline -0.002 0"><span class='ocrx_word' id='word_1_2' title='bbox 711 168 862 199; x_wconf 82' lang='lat' dir='ltr'>SEXTI</span> <span class='ocrx_word' id='word_1_3' title='bbox 896 167 1101 198; x_wconf 86' lang='lat' dir='ltr'><strong>POMPEII</strong></span> <span class='ocrx_word' id='word_1_4' title='bbox 1135 168 1272 198; x_wconf 84' lang='lat' dir='ltr'>FESTI</span> 
     </span>
    </p>
   </div>
   <div class='ocr_carea' id='block_1_3' title="bbox 275 267 1720 452">
    <p class='ocr_par' dir='ltr' id='par_1_3' title="bbox 275 267 1720 452">
     <span class='ocr_line' id='line_1_3' title="bbox 275 267 1094 320; baseline -0.004 -13"><span class='ocrx_word' id='word_1_5' title='bbox 275 267 333 307; x_wconf 85' lang='lat' dir='ltr'>Se</span> <span class='ocrx_word' id='word_1_6' title='bbox 357 271 618 320; x_wconf 77' lang='lat' dir='ltr'>quamque,p</span> <span class='ocrx_word' id='word_1_7' title='bbox 641 277 839 306; x_wconf 83' lang='lat' dir='ltr'>seorsum</span> <span class='ocrx_word' id='word_1_8' title='bbox 856 276 1094 318; x_wconf 81' lang='lat' dir='ltr'>quamque.</span> 
     </span>
     <span class='ocr_line' id='line_1_4' title="bbox 275 327 1717 389; baseline -0.003 -15"><span class='ocrx_word' id='word_1_9' title='bbox 275 332 513 389; x_wconf 80' lang='lat' dir='ltr'>›S&#39;eque.ster‘¹</span> <span class='ocrx_word' id='word_1_10' title='bbox 543 334 581 374; x_wconf 83' lang='lat' dir='ltr'>is</span> <span class='ocrx_word' id='word_1_11' title='bbox 604 334 774 380; x_wconf 88' lang='lat' dir='ltr'>dicitur,</span> <span class='ocrx_word' id='word_1_12' title='bbox 794 333 871 386; x_wconf 90' lang='lat' dir='ltr'>qui</span> <span class='ocrx_word' id='word_1_13' title='bbox 890 333 999 373; x_wconf 89' lang='lat' dir='ltr'>inter</span> <span class='ocrx_word' id='word_1_14' title='bbox 1026 331 1215 384; x_wconf 86' lang='lat' dir='ltr'>aliquos,</span> <span class='ocrx_word' id='word_1_15' title='bbox 1245 330 1316 385; x_wconf 81' lang='lat' dir='ltr'>quz&#39;</span> <span class='ocrx_word' id='word_1_16' title='bbox 1347 335 1517 379; x_wconf 80' lang='lat' dir='ltr'>certant,</span> <span class='ocrx_word' id='word_1_17' title='bbox 1550 327 1717 378; x_wconf 75' lang='lat' dir='ltr'>medius,</span> 
     </span>
     <span class='ocr_line' id='line_1_5' title="bbox 328 396 1720 452; baseline -0.003 -12"><span class='ocrx_word' id='word_1_18' title='bbox 328 407 372 440; x_wconf 86' lang='lat' dir='ltr'><em>ut</em></span> <span class='ocrx_word' id='word_1_19' title='bbox 408 402 521 442; x_wconf 85' lang='lat' dir='ltr'>inter</span> <span class='ocrx_word' id='word_1_20' title='bbox 554 414 630 442; x_wconf 85' lang='lat' dir='ltr'>eos</span> <span class='ocrx_word' id='word_1_21' title='bbox 667 399 934 449; x_wconf 87' lang='lat' dir='ltr'>convenerit,</span> <span class='ocrx_word' id='word_1_22' title='bbox 962 398 1182 452; x_wconf 78' lang='lat' dir='ltr'>depositum</span> <span class='ocrx_word' id='word_1_23' title='bbox 1203 397 1263 437; x_wconf 73' lang='lat' dir='ltr'>ica</span> <span class='ocrx_word' id='word_1_24' title='bbox 1285 404 1390 438; x_wconf 78' lang='lat' dir='ltr'>tenet</span> <span class='ocrx_word' id='word_1_25' title='bbox 1410 396 1589 450; x_wconf 76' lang='lat' dir='ltr'>aliquid,</span> <span class='ocrx_word' id='word_1_26' title='bbox 1610 400 1659 437; x_wconf 87' lang='lat' dir='ltr'>ut</span> <span class='ocrx_word' id='word_1_27' title='bbox 1679 397 1720 437; x_wconf 89' lang='lat' dir='ltr'>ei</span> 
     </span>
    </p>
   </div>
   <div class='ocr_carea' id='block_1_4' title="bbox 328 465 1386 523">
    <p class='ocr_par' dir='ltr' id='par_1_4' title="bbox 328 465 1386 523">
     <span class='ocr_line' id='line_1_6' title="bbox 328 465 1386 523; baseline -0.005 -13"><span class='ocrx_word' id='word_1_28' title='bbox 328 469 500 519; x_wconf 81' lang='lat' dir='ltr'>reddat,</span> <span class='ocrx_word' id='word_1_29' title='bbox 533 469 610 523; x_wconf 91' lang='lat' dir='ltr'>qui</span> <span class='ocrx_word' id='word_1_30' title='bbox 639 468 684 509; x_wconf 94' lang='lat' dir='ltr'>id</span> <span class='ocrx_word' id='word_1_31' title='bbox 716 466 852 507; x_wconf 79' lang='lat' dir='ltr'>deberi</span> <span class='ocrx_word' id='word_1_32' title='bbox 873 467 991 521; x_wconf 80' lang='lat' dir='ltr'>jure,</span> <span class='ocrx_word' id='word_1_33' title='bbox 1025 465 1105 507; x_wconf 79' lang='lat' dir='ltr'>sibi</span> <span class='ocrx_word' id='word_1_34' title='bbox 1137 466 1386 508; x_wconf 83' lang='lat' dir='ltr'>constiterit.</span> 
     </span>
    </p>
   </div>
   <div class='ocr_carea' id='block_1_5' title="bbox 1446 463 1721 505">
    <p class='ocr_par' dir='ltr' id='par_1_5' title="bbox 1446 463 1721 505">
     <span class='ocr_line' id='line_1_7' title="bbox 1446 463 1721 505; baseline -0.007 0"><span class='ocrx_word' id='word_1_35' title='bbox 1446 463 1557 505; x_wconf 83' lang='lat' dir='ltr'>Cato</span> <span class='ocrx_word' id='word_1_36' title='bbox 1587 464 1633 504; x_wconf 89' lang='lat' dir='ltr'>in</span> <span class='ocrx_word' id='word_1_37' title='bbox 1665 475 1721 504; x_wconf 84' lang='lat' dir='ltr'>ea</span> 
     </span>
    </p>
   </div>
   <div class='ocr_carea' id='block_1_6' title="bbox 276 530 1733 1537">
    <p class='ocr_par' dir='ltr' id='par_1_6' title="bbox 328 530 1723 724">
     <span class='ocr_line' id='line_1_8' title="bbox 328 530 1721 591; baseline -0.006 -14"><span class='ocrx_word' id='word_1_38' title='bbox 328 536 530 586; x_wconf 73' lang='lat' dir='ltr'>oratione,</span> <span class='ocrx_word' id='word_1_39' title='bbox 548 550 668 591; x_wconf 80' lang='lat' dir='ltr'>quam</span> <span class='ocrx_word' id='word_1_40' title='bbox 690 534 834 575; x_wconf 74' lang='lat' dir='ltr'><em>habuit</em></span> <span class='ocrx_word' id='word_1_41' title='bbox 855 535 908 576; x_wconf 88' lang='lat' dir='ltr'>de</span> <span class='ocrx_word' id='word_1_42' title='bbox 928 534 1206 587; x_wconf 84' lang='lat' dir='ltr'>indigitibus:</span> <span class='ocrx_word' id='word_1_43' title='bbox 1227 534 1376 575; x_wconf 83' lang='lat' dir='ltr'>sinunt</span> <span class='ocrx_word' id='word_1_44' title='bbox 1395 532 1555 572; x_wconf 81' lang='lat' dir='ltr'>miseros</span> <span class='ocrx_word' id='word_1_45' title='bbox 1568 530 1721 585; x_wconf 80' lang='lat' dir='ltr'>perire,</span> 
     </span>
     <span class='ocr_line' id='line_1_9' title="bbox 329 598 1723 657; baseline -0.006 -12"><span class='ocrx_word' id='word_1_46' title='bbox 329 608 376 645; x_wconf 83' lang='lat' dir='ltr'>ut</span> <span class='ocrx_word' id='word_1_47' title='bbox 395 605 515 645; x_wconf 81' lang='lat' dir='ltr'>bona</span> <span class='ocrx_word' id='word_1_48' title='bbox 534 605 724 657; x_wconf 81' lang='lat' dir='ltr'>rapiant,</span> <span class='ocrx_word' id='word_1_49' title='bbox 747 608 824 644; x_wconf 85' lang='lat' dir='ltr'>aut</span> <span class='ocrx_word' id='word_1_50' title='bbox 842 602 877 642; x_wconf 73' lang='lat' dir='ltr'>si</span> <span class='ocrx_word' id='word_1_51' title='bbox 897 602 1127 657; x_wconf 71' lang='lat' dir='ltr'>superstites</span> <span class='ocrx_word' id='word_1_52' title='bbox 1144 608 1303 657; x_wconf 81' lang='lat' dir='ltr'>petant,</span> <span class='ocrx_word' id='word_1_53' title='bbox 1327 607 1372 641; x_wconf 84' lang='lat' dir='ltr'><em>ut</em></span> <span class='ocrx_word' id='word_1_54' title='bbox 1394 606 1590 655; x_wconf 85' lang='lat' dir='ltr'>sequestro</span> <span class='ocrx_word' id='word_1_55' title='bbox 1612 598 1723 648; x_wconf 83' lang='lat' dir='ltr'>dent,</span> 
     </span>
     <span class='ocr_line' id='line_1_10' title="bbox 328 667 1652 724; baseline -0.004 -12"><span class='ocrx_word' id='word_1_56' title='bbox 328 676 378 712; x_wconf 80' lang='lat' dir='ltr'>et</span> <span class='ocrx_word' id='word_1_57' title='bbox 400 671 580 712; x_wconf 80' lang='lat' dir='ltr'><em>Plautus</em></span> <span class='ocrx_word' id='word_1_58' title='bbox 600 677 844 712; x_wconf 79' lang='lat' dir='ltr'><em>mercatore:</em></span> <span class='ocrx_word' id='word_1_59' title='bbox 878 668 969 711; x_wconf 87' lang='lat' dir='ltr'>Imo</span> <span class='ocrx_word' id='word_1_60' title='bbox 990 671 1054 712; x_wconf 88' lang='lat' dir='ltr'>sic</span> <span class='ocrx_word' id='word_1_61' title='bbox 1075 674 1306 724; x_wconf 85' lang='lat' dir='ltr'>sequestro</span> <span class='ocrx_word' id='word_1_62' title='bbox 1328 668 1435 710; x_wconf 88' lang='lat' dir='ltr'>mihi</span> <span class='ocrx_word' id='word_1_63' title='bbox 1456 667 1564 708; x_wconf 83' lang='lat' dir='ltr'>data</span> <span class='ocrx_word' id='word_1_64' title='bbox 1582 672 1652 707; x_wconf 82' lang='lat' dir='ltr'>est.</span> 
     </span>
    </p>

    <p class='ocr_par' dir='ltr' id='par_1_7' title="bbox 276 734 1729 1130">
     <span class='ocr_line' id='line_1_11' title="bbox 276 734 1725 792; baseline -0.003 -13"><span class='ocrx_word' id='word_1_65' title='bbox 276 739 434 780; x_wconf 82' lang='lat' dir='ltr'>Serilla</span> <span class='ocrx_word' id='word_1_66' title='bbox 448 744 460 760; x_wconf 62' lang='lat' dir='ltr'>f</span> <span class='ocrx_word' id='word_1_67' title='bbox 492 738 672 779; x_wconf 85' lang='lat' dir='ltr'>Verrius</span> <span class='ocrx_word' id='word_1_68' title='bbox 696 739 909 792; x_wconf 85' lang='lat' dir='ltr'>appellari</span> <span class='ocrx_word' id='word_1_69' title='bbox 930 741 1058 792; x_wconf 84' lang='lat' dir='ltr'>putat</span> <span class='ocrx_word' id='word_1_70' title='bbox 1075 738 1253 791; x_wconf 80' lang='lat' dir='ltr'>navigia</span> <span class='ocrx_word' id='word_1_71' title='bbox 1274 737 1433 779; x_wconf 86' lang='lat' dir='ltr'>Istrica</span> <span class='ocrx_word' id='word_1_72' title='bbox 1449 741 1464 759; x_wconf 81' lang='lat'>²·</span> <span class='ocrx_word' id='word_1_73' title='bbox 1497 748 1549 777; x_wconf 83' lang='lat' dir='ltr'>ac</span> <span class='ocrx_word' id='word_1_74' title='bbox 1570 734 1725 775; x_wconf 87' lang='lat' dir='ltr'>Libur-</span> 
     </span>
     <span class='ocr_line' id='line_1_12' title="bbox 331 801 1727 860; baseline -0.004 -13"><span class='ocrx_word' id='word_1_75' title='bbox 331 807 445 857; x_wconf 81' lang='lat' dir='ltr'>nica,</span> <span class='ocrx_word' id='word_1_76' title='bbox 483 819 583 860; x_wconf 85' lang='lat' dir='ltr'>quae</span> <span class='ocrx_word' id='word_1_77' title='bbox 615 806 707 847; x_wconf 90' lang='lat' dir='ltr'>lino</span> <span class='ocrx_word' id='word_1_78' title='bbox 746 819 798 847; x_wconf 76' lang='lat' dir='ltr'>ac</span> <span class='ocrx_word' id='word_1_79' title='bbox 832 811 982 860; x_wconf 84' lang='lat' dir='ltr'>sparto</span> <span class='ocrx_word' id='word_1_80' title='bbox 1020 807 1355 855; x_wconf 81' lang='lat' dir='ltr'><em>condensantur,</em></span> <span class='ocrx_word' id='word_1_81' title='bbox 1392 818 1420 845; x_wconf 81' lang='lat' dir='ltr'>a</span> <span class='ocrx_word' id='word_1_82' title='bbox 1452 801 1727 845; x_wconf 82' lang='lat' dir='ltr'>conserendo</span> 
     </span>
     <span class='ocr_line' id='line_1_13' title="bbox 333 869 1725 928; baseline -0.004 -14"><span class='ocrx_word' id='word_1_83' title='bbox 333 881 379 914; x_wconf 86' lang='lat' dir='ltr'>et</span> <span class='ocrx_word' id='word_1_84' title='bbox 410 873 687 914; x_wconf 84' lang='lat' dir='ltr'>contexendo</span> <span class='ocrx_word' id='word_1_85' title='bbox 721 873 870 915; x_wconf 84' lang='lat' dir='ltr'>dicta:</span> <span class='ocrx_word' id='word_1_86' title='bbox 903 874 1011 928; x_wconf 85' lang='lat' dir='ltr'>quia</span> <span class='ocrx_word' id='word_1_87' title='bbox 1042 874 1162 915; x_wconf 82' lang='lat' dir='ltr'>dicat</span> <span class='ocrx_word' id='word_1_88' title='bbox 1192 873 1421 915; x_wconf 86' lang='lat' dir='ltr'>Pacuvius</span> <span class='ocrx_word' id='word_1_89' title='bbox 1454 872 1500 912; x_wconf 91' lang='lat' dir='ltr'>in</span> <span class='ocrx_word' id='word_1_90' title='bbox 1524 869 1725 924; x_wconf 83' lang='lat' dir='ltr'>Niptris:</span> 
     </span>
     <span class='ocr_line' id='line_1_14' title="bbox 334 937 1727 995; baseline -0.005 -12"><span class='ocrx_word' id='word_1_91' title='bbox 334 942 432 983; x_wconf 86' lang='lat' dir='ltr'>Nec</span> <span class='ocrx_word' id='word_1_92' title='bbox 455 941 547 983; x_wconf 84' lang='lat' dir='ltr'>ulla</span> <span class='ocrx_word' id='word_1_93' title='bbox 569 942 757 982; x_wconf 88' lang='lat' dir='ltr'><em>subcus³</em></span> <span class='ocrx_word' id='word_1_94' title='bbox 781 942 959 983; x_wconf 85' lang='lat' dir='ltr'>cohibet</span> <span class='ocrx_word' id='word_1_95' title='bbox 975 954 1234 995; x_wconf 81' lang='lat' dir='ltr'>compagem</span> <span class='ocrx_word' id='word_1_96' title='bbox 1254 941 1385 989; x_wconf 83' lang='lat' dir='ltr'>alvei,</span> <span class='ocrx_word' id='word_1_97' title='bbox 1403 939 1480 980; x_wconf 88' lang='lat' dir='ltr'>sed</span> <span class='ocrx_word' id='word_1_98' title='bbox 1501 942 1603 979; x_wconf 86' lang='lat' dir='ltr'><em>suta</em></span> <span class='ocrx_word' id='word_1_99' title='bbox 1622 937 1727 985; x_wconf 90' lang='lat' dir='ltr'>lino,</span> 
     </span>
     <span class='ocr_line' id='line_1_15' title="bbox 336 1006 1729 1063; baseline -0.004 -13"><span class='ocrx_word' id='word_1_100' title='bbox 336 1014 382 1050; x_wconf 85' lang='lat' dir='ltr'>et</span> <span class='ocrx_word' id='word_1_101' title='bbox 404 1008 593 1062; x_wconf 83' lang='lat' dir='ltr'>sparteis</span> <span class='ocrx_word' id='word_1_102' title='bbox 621 1008 858 1059; x_wconf 78' lang='lat' dir='ltr'>serillibuS,</span> <span class='ocrx_word' id='word_1_103' title='bbox 895 1022 996 1050; x_wconf 89' lang='lat' dir='ltr'>cum</span> <span class='ocrx_word' id='word_1_104' title='bbox 1027 1012 1363 1063; x_wconf 73' lang='grc' dir='ltr'><strong><em>περιφραστικῶς,4</em></strong></span> <span class='ocrx_word' id='word_1_105' title='bbox 1395 1011 1436 1047; x_wconf 89' lang='lat' dir='ltr'>et</span> <span class='ocrx_word' id='word_1_106' title='bbox 1466 1006 1571 1047; x_wconf 86' lang='lat' dir='ltr'>ficto</span> <span class='ocrx_word' id='word_1_107' title='bbox 1592 1017 1729 1045; x_wconf 61' lang='lat' dir='ltr'>voca«</span> 
     </span>
     <span class='ocr_line' id='line_1_16' title="bbox 333 1075 1595 1130; baseline -0.001 -15"><span class='ocrx_word' id='word_1_108' title='bbox 333 1076 438 1116; x_wconf 91' lang='lat' dir='ltr'>bulo</span> <span class='ocrx_word' id='word_1_109' title='bbox 461 1087 569 1115; x_wconf 88' lang='lat' dir='ltr'><em>usus</em></span> <span class='ocrx_word' id='word_1_110' title='bbox 591 1075 651 1115; x_wconf 83' lang='lat' dir='ltr'>sit</span> <span class='ocrx_word' id='word_1_111' title='bbox 671 1088 751 1128; x_wconf 90' lang='lat' dir='ltr'>pro</span> <span class='ocrx_word' id='word_1_112' title='bbox 773 1075 995 1126; x_wconf 85' lang='lat' dir='ltr'>funiculis,</span> <span class='ocrx_word' id='word_1_113' title='bbox 1018 1076 1096 1129; x_wconf 93' lang='lat' dir='ltr'>qui</span> <span class='ocrx_word' id='word_1_114' title='bbox 1118 1081 1270 1130; x_wconf 81' lang='lat' dir='ltr'>sparto</span> <span class='ocrx_word' id='word_1_115' title='bbox 1291 1078 1595 1117; x_wconf 86' lang='lat' dir='ltr'>conseruntur.</span> 
     </span>
    </p>

    <p class='ocr_par' dir='ltr' id='par_1_8' title="bbox 281 1140 1729 1253">
     <span class='ocr_line' id='line_1_17' title="bbox 281 1140 1729 1198; baseline -0.003 -13"><span class='ocrx_word' id='word_1_116' title='bbox 281 1143 458 1185; x_wconf 80' lang='lat' dir='ltr'>Serilla⁵</span> <span class='ocrx_word' id='word_1_117' title='bbox 480 1143 656 1196; x_wconf 81' lang='lat' dir='ltr'>navigia</span> <span class='ocrx_word' id='word_1_118' title='bbox 674 1143 846 1192; x_wconf 85' lang='lat' dir='ltr'>Istrica,</span> <span class='ocrx_word' id='word_1_119' title='bbox 871 1157 972 1198; x_wconf 88' lang='lat' dir='ltr'>quae</span> <span class='ocrx_word' id='word_1_120' title='bbox 988 1144 1077 1184; x_wconf 91' lang='lat' dir='ltr'>lino</span> <span class='ocrx_word' id='word_1_121' title='bbox 1094 1156 1146 1185; x_wconf 82' lang='lat' dir='ltr'>ac</span> <span class='ocrx_word' id='word_1_122' title='bbox 1164 1148 1312 1197; x_wconf 82' lang='lat' dir='ltr'>sparto</span> <span class='ocrx_word' id='word_1_123' title='bbox 1330 1141 1518 1183; x_wconf 80' lang='lat' dir='ltr'>conden-</span> <span class='ocrx_word' id='word_1_124' title='bbox 1549 1140 1729 1191; x_wconf 79' lang='lat' dir='ltr'>[PAUL.</span> 
     </span>
     <span class='ocr_line' id='line_1_18' title="bbox 339 1210 1385 1253; baseline -0.001 -3"><span class='ocrx_word' id='word_1_125' title='bbox 339 1215 515 1252; x_wconf 85' lang='lat' dir='ltr'><em>santur:</em></span> <span class='ocrx_word' id='word_1_126' title='bbox 547 1224 574 1252; x_wconf 83' lang='lat' dir='ltr'>a</span> <span class='ocrx_word' id='word_1_127' title='bbox 595 1212 861 1253; x_wconf 82' lang='lat' dir='ltr'>conserendo</span> <span class='ocrx_word' id='word_1_128' title='bbox 885 1217 930 1253; x_wconf 86' lang='lat' dir='ltr'>et</span> <span class='ocrx_word' id='word_1_129' title='bbox 950 1211 1230 1253; x_wconf 89' lang='lat' dir='ltr'>contexendo</span> <span class='ocrx_word' id='word_1_130' title='bbox 1252 1210 1385 1252; x_wconf 83' lang='lat' dir='ltr'>dicta.</span> 
     </span>
    </p>

    <p class='ocr_par' dir='ltr' id='par_1_9' title="bbox 283 1276 1731 1399">
     <span class='ocr_line' id='line_1_19' title="bbox 283 1276 1731 1334; baseline -0.001 -17"><span class='ocrx_word' id='word_1_131' title='bbox 283 1276 433 1318; x_wconf 88' lang='lat' dir='ltr'>Serius</span> <span class='ocrx_word' id='word_1_132' title='bbox 468 1277 618 1319; x_wconf 85' lang='lat' dir='ltr'>Attius</span> <span class='ocrx_word' id='word_1_133' title='bbox 655 1293 683 1320; x_wconf 84' lang='lat' dir='ltr'>a</span> <span class='ocrx_word' id='word_1_134' title='bbox 714 1293 810 1321; x_wconf 87' lang='lat' dir='ltr'>sero</span> <span class='ocrx_word' id='word_1_135' title='bbox 844 1280 1148 1334; x_wconf 83' lang='lat' dir='ltr'>comparavit:</span> <span class='ocrx_word' id='word_1_136' title='bbox 1182 1280 1245 1321; x_wconf 82' lang='lat' dir='ltr'>ait</span> <span class='ocrx_word' id='word_1_137' title='bbox 1278 1278 1416 1319; x_wconf 89' lang='lat' dir='ltr'>enim:</span> <span class='ocrx_word' id='word_1_138' title='bbox 1449 1276 1540 1328; x_wconf 85' lang='lat' dir='ltr'>Ne,</span> <span class='ocrx_word' id='word_1_139' title='bbox 1560 1276 1600 1317; x_wconf 92' lang='lat' dir='ltr'>si</span> <span class='ocrx_word' id='word_1_140' title='bbox 1619 1276 1731 1317; x_wconf 83' lang='lat' dir='ltr'>sorte</span> 
     </span>
     <span class='ocr_line' id='line_1_20' title="bbox 340 1345 1092 1399; baseline 0.004 -14"><span class='ocrx_word' id='word_1_141' title='bbox 340 1345 476 1398; x_wconf 84' lang='lat' dir='ltr'>paulo</span> <span class='ocrx_word' id='word_1_142' title='bbox 498 1359 632 1399; x_wconf 83' lang='lat' dir='ltr'>quam</span> <span class='ocrx_word' id='word_1_143' title='bbox 655 1351 717 1396; x_wconf 88' lang='lat' dir='ltr'>tu,</span> <span class='ocrx_word' id='word_1_144' title='bbox 742 1349 915 1388; x_wconf 84' lang='lat' dir='ltr'>veniam</span> <span class='ocrx_word' id='word_1_145' title='bbox 938 1347 1092 1399; x_wconf 73' lang='lat' dir='ltr'>serius.</span> 
     </span>
    </p>

    <p class='ocr_par' dir='ltr' id='par_1_10' title="bbox 284 1409 1733 1537">
     <span class='ocr_line' id='line_1_21' title="bbox 284 1409 1733 1466; baseline -0.002 -14"><span class='ocrx_word' id='word_1_146' title='bbox 284 1412 435 1453; x_wconf 88' lang='lat' dir='ltr'>Serius</span> <span class='ocrx_word' id='word_1_147' title='bbox 449 1413 460 1434; x_wconf 54' lang='lat' dir='ltr'>t</span> <span class='ocrx_word' id='word_1_148' title='bbox 481 1426 509 1454; x_wconf 85' lang='lat' dir='ltr'>a</span> <span class='ocrx_word' id='word_1_149' title='bbox 530 1427 630 1454; x_wconf 86' lang='lat' dir='ltr'>sero</span> <span class='ocrx_word' id='word_1_150' title='bbox 650 1414 819 1455; x_wconf 84' lang='lat' dir='ltr'>videtur</span> <span class='ocrx_word' id='word_1_151' title='bbox 840 1415 1039 1456; x_wconf 80' lang='lat' dir='ltr'>dictum.⁵</span> <span class='ocrx_word' id='word_1_152' title='bbox 1100 1413 1251 1456; x_wconf 84' lang='lat' dir='ltr'>Attius</span> <span class='ocrx_word' id='word_1_153' title='bbox 1274 1415 1315 1454; x_wconf 92' lang='lat' dir='ltr'>in</span> <span class='ocrx_word' id='word_1_154' title='bbox 1338 1412 1535 1466; x_wconf 86' lang='lat' dir='ltr'>Amphy-</span> <span class='ocrx_word' id='word_1_155' title='bbox 1569 1409 1733 1463; x_wconf 73' lang='lat' dir='ltr'>[FEST.</span> 
     </span>
     <span class='ocr_line' id='line_1_22' title="bbox 341 1478 1605 1537; baseline -0.002 -17"><span class='ocrx_word' id='word_1_156' title='bbox 341 1480 507 1522; x_wconf 87' lang='lat' dir='ltr'>trione:</span> <span class='ocrx_word' id='word_1_157' title='bbox 540 1481 628 1532; x_wconf 90' lang='lat' dir='ltr'>Ne,</span> <span class='ocrx_word' id='word_1_158' title='bbox 652 1483 690 1523; x_wconf 89' lang='lat' dir='ltr'>si</span> <span class='ocrx_word' id='word_1_159' title='bbox 710 1483 822 1524; x_wconf 86' lang='lat' dir='ltr'>forte</span> <span class='ocrx_word' id='word_1_160' title='bbox 842 1483 996 1537; x_wconf 80' lang='lat' dir='ltr'>paulo,</span> <span class='ocrx_word' id='word_1_161' title='bbox 1019 1496 1153 1537; x_wconf 82' lang='lat' dir='ltr'>quam</span> <span class='ocrx_word' id='word_1_162' title='bbox 1174 1487 1237 1531; x_wconf 91' lang='lat' dir='ltr'>tu,</span> <span class='ocrx_word' id='word_1_163' title='bbox 1260 1481 1430 1523; x_wconf 80' lang='lat' dir='ltr'>veniam</span> <span class='ocrx_word' id='word_1_164' title='bbox 1451 1478 1605 1520; x_wconf 88' lang='lat' dir='ltr'>serius.</span> 
     </span>
    </p>
   </div>
   <div class='ocr_carea' id='block_1_7' title="bbox 896 1602 1013 1614">
    <p class='ocr_par' dir='ltr' id='par_1_11' title="bbox 896 1602 1013 1614">
     <span class='ocr_line' id='line_1_23' title="bbox 896 1602 1013 1614; baseline 0.009 -1"><span class='ocrx_word' id='word_1_165' title='bbox 896 1602 1013 1614; x_wconf 64' lang='lat' dir='ltr'>ooooo</span> 
     </span>
    </p>
   </div>
   <div class='ocr_carea' id='block_1_8' title="bbox 1015 1602 1132 1614">
    <p class='ocr_par' dir='ltr' id='par_1_12' title="bbox 1015 1602 1132 1614">
     <span class='ocr_line' id='line_1_24' title="bbox 1015 1602 1132 1614; baseline 0 0"><span class='ocrx_word' id='word_1_166' title='bbox 1015 1602 1132 1614; x_wconf 54' lang='lat' dir='ltr'>eeeee</span> 
     </span>
    </p>
   </div>
   <div class='ocr_carea' id='block_1_9' title="bbox 330 1662 1737 1706">
    <p class='ocr_par' dir='ltr' id='par_1_13' title="bbox 330 1662 1737 1706">
     <span class='ocr_line' id='line_1_25' title="bbox 330 1662 1737 1706; baseline -0.001 -11"><span class='ocrx_word' id='word_1_167' title='bbox 330 1668 350 1695; x_wconf 89' lang='lat'>2</span> <span class='ocrx_word' id='word_1_168' title='bbox 374 1666 454 1696; x_wconf 90' lang='lat' dir='ltr'>Vet.</span> <span class='ocrx_word' id='word_1_169' title='bbox 470 1666 546 1698; x_wconf 84' lang='lat' dir='ltr'>cod.</span> <span class='ocrx_word' id='word_1_170' title='bbox 563 1667 796 1699; x_wconf 69' lang='lat' dir='ltr'>Histric-ia.—3</span> <span class='ocrx_word' id='word_1_171' title='bbox 821 1666 877 1700; x_wconf 81' lang='lat' dir='ltr'>Al.</span> <span class='ocrx_word' id='word_1_172' title='bbox 900 1668 1101 1701; x_wconf 48' lang='grc' dir='ltr'>πωπω-4</span> <span class='ocrx_word' id='word_1_173' title='bbox 1127 1667 1208 1699; x_wconf 85' lang='lat' dir='ltr'>Vet.</span> <span class='ocrx_word' id='word_1_174' title='bbox 1225 1667 1299 1699; x_wconf 87' lang='lat' dir='ltr'>cod.</span> <span class='ocrx_word' id='word_1_175' title='bbox 1319 1663 1634 1706; x_wconf 76' lang='grc' dir='ltr'>περιφραστικάς.-5</span> <span class='ocrx_word' id='word_1_176' title='bbox 1658 1662 1737 1694; x_wconf 86' lang='lat' dir='ltr'>Vet.</span> 
     </span>
    </p>
   </div>
   <div class='ocr_carea' id='block_1_10' title="bbox 289 1708 487 1740">
    <p class='ocr_par' dir='ltr' id='par_1_14' title="bbox 289 1708 487 1740">
     <span class='ocr_line' id='line_1_26' title="bbox 289 1708 487 1740; baseline 0.005 -1"><span class='ocrx_word' id='word_1_177' title='bbox 289 1708 365 1739; x_wconf 88' lang='lat' dir='ltr'>cod.</span> <span class='ocrx_word' id='word_1_178' title='bbox 379 1709 487 1740; x_wconf 79' lang='lat' dir='ltr'>setius.</span> 
     </span>
    </p>
   </div>
   <div class='ocr_carea' id='block_1_11' title="bbox 948 1808 1089 1841">
    <p class='ocr_par' dir='ltr' id='par_1_15' title="bbox 948 1808 1089 1841">
     <span class='ocr_line' id='line_1_27' title="bbox 948 1808 1089 1841; baseline -0.007 0"><span class='ocrx_word' id='word_1_179' title='bbox 948 1808 1089 1841; x_wconf 82' lang='lat' dir='ltr'>NOTAE</span> 
     </span>
    </p>
   </div>
   <div class='ocr_carea' id='block_1_12' title="bbox 292 1871 1001 2773">
    <p class='ocr_par' dir='ltr' id='par_1_16' title="bbox 292 1871 990 2063">
     <span class='ocr_line' id='line_1_28' title="bbox 334 1871 990 1915; baseline 0.003 -13"><span class='ocrx_word' id='word_1_180' title='bbox 334 1877 349 1897; x_wconf 75' lang='grc' dir='ltr'><strong>Ρ</strong></span> <span class='ocrx_word' id='word_1_181' title='bbox 373 1871 414 1903; x_wconf 82' lang='lat' dir='ltr'>Se</span> <span class='ocrx_word' id='word_1_182' title='bbox 428 1873 593 1914; x_wconf 74' lang='lat' dir='ltr'>qttomque]</span> <span class='ocrx_word' id='word_1_183' title='bbox 620 1874 710 1914; x_wconf 86' lang='lat' dir='ltr'>Ergo</span> <span class='ocrx_word' id='word_1_184' title='bbox 733 1874 899 1915; x_wconf 86' lang='lat' dir='ltr'>suspicari</span> <span class='ocrx_word' id='word_1_185' title='bbox 925 1874 990 1904; x_wconf 83' lang='lat' dir='ltr'><em>sal-</em></span> 
     </span>
     <span class='ocr_line' id='line_1_29' title="bbox 292 1924 990 1965; baseline 0.001 -12"><span class='ocrx_word' id='word_1_186' title='bbox 292 1926 361 1953; x_wconf 82' lang='lat' dir='ltr'>tem</span> <span class='ocrx_word' id='word_1_187' title='bbox 380 1924 484 1954; x_wconf 76' lang='lat' dir='ltr'>liceat</span> <span class='ocrx_word' id='word_1_188' title='bbox 500 1925 532 1955; x_wconf 88' lang='lat' dir='ltr'>in</span> <span class='ocrx_word' id='word_1_189' title='bbox 544 1934 691 1965; x_wconf 77' lang='lat' dir='ltr'>seorsum,</span> <span class='ocrx_word' id='word_1_190' title='bbox 703 1926 754 1955; x_wconf 80' lang='lat' dir='ltr'>vei</span> <span class='ocrx_word' id='word_1_191' title='bbox 766 1927 897 1964; x_wconf 67' lang='lat' dir='ltr'><em>seorsus,</em></span> <span class='ocrx_word' id='word_1_192' title='bbox 906 1924 990 1955; x_wconf 86' lang='lat' dir='ltr'>duas</span> 
     </span>
     <span class='ocr_line' id='line_1_30' title="bbox 292 1973 990 2016; baseline 0.006 -14"><span class='ocrx_word' id='word_1_193' title='bbox 292 1973 431 2004; x_wconf 79' lang='lat' dir='ltr'>ultimas</span> <span class='ocrx_word' id='word_1_194' title='bbox 449 1975 597 2014; x_wconf 75' lang='lat' dir='ltr'>syllabas</span> <span class='ocrx_word' id='word_1_195' title='bbox 614 1976 660 2005; x_wconf 89' lang='lat' dir='ltr'>nil</span> <span class='ocrx_word' id='word_1_196' title='bbox 677 1975 769 2005; x_wconf 83' lang='lat' dir='ltr'>aliud</span> <span class='ocrx_word' id='word_1_197' title='bbox 793 1985 866 2006; x_wconf 82' lang='lat' dir='ltr'>esse</span> <span class='ocrx_word' id='word_1_198' title='bbox 891 1985 990 2016; x_wconf 86' lang='lat' dir='ltr'>quam</span> 
     </span>
     <span class='ocr_line' id='line_1_31' title="bbox 293 2023 778 2063; baseline 0.006 -11"><span class='ocrx_word' id='word_1_199' title='bbox 293 2023 386 2054; x_wconf 82' lang='lat' dir='ltr'>vocis</span> <span class='ocrx_word' id='word_1_200' title='bbox 403 2024 673 2063; x_wconf 85' lang='lat' dir='ltr'>productionem.</span> <span class='ocrx_word' id='word_1_201' title='bbox 698 2026 778 2055; x_wconf 75' lang='lat' dir='ltr'><em>Dac-</em></span> 
     </span>
    </p>

    <p class='ocr_par' dir='ltr' id='par_1_17' title="bbox 295 2073 1001 2619">
     <span class='ocr_line' id='line_1_32' title="bbox 337 2073 993 2116; baseline 0.005 -12"><span class='ocrx_word' id='word_1_202' title='bbox 337 2078 352 2098; x_wconf 73' lang='grc'>(1</span> <span class='ocrx_word' id='word_1_203' title='bbox 375 2073 553 2115; x_wconf 82' lang='lat' dir='ltr'>Sequester]</span> <span class='ocrx_word' id='word_1_204' title='bbox 567 2074 732 2115; x_wconf 83' lang='lat' dir='ltr'>Sequester</span> <span class='ocrx_word' id='word_1_205' title='bbox 747 2077 773 2106; x_wconf 78' lang='lat' dir='ltr'><em>is</em></span> <span class='ocrx_word' id='word_1_206' title='bbox 787 2076 918 2115; x_wconf 77' lang='lat' dir='ltr'>dicitur,</span> <span class='ocrx_word' id='word_1_207' title='bbox 939 2076 993 2116; x_wconf 79' lang='lat' dir='ltr'>qui</span> 
     </span>
     <span class='ocr_line' id='line_1_33' title="bbox 295 2123 994 2167; baseline 0.006 -13"><span class='ocrx_word' id='word_1_208' title='bbox 295 2123 378 2154; x_wconf 81' lang='lat' dir='ltr'>inter</span> <span class='ocrx_word' id='word_1_209' title='bbox 393 2125 510 2165; x_wconf 81' lang='lat' dir='ltr'>aliquos</span> <span class='ocrx_word' id='word_1_210' title='bbox 533 2127 661 2166; x_wconf 81' lang='lat' dir='ltr'>placuit,</span> <span class='ocrx_word' id='word_1_211' title='bbox 683 2130 716 2157; x_wconf 86' lang='lat' dir='ltr'><em>ut</em></span> <span class='ocrx_word' id='word_1_212' title='bbox 737 2129 817 2167; x_wconf 80' lang='lat' dir='ltr'>quod</span> <span class='ocrx_word' id='word_1_213' title='bbox 839 2128 921 2159; x_wconf 81' lang='lat' dir='ltr'>inter</span> <span class='ocrx_word' id='word_1_214' title='bbox 943 2138 994 2158; x_wconf 82' lang='lat' dir='ltr'>eos</span> 
     </span>
     <span class='ocr_line' id='line_1_34' title="bbox 295 2175 994 2218; baseline 0.006 -13"><span class='ocrx_word' id='word_1_215' title='bbox 295 2175 485 2213; x_wconf 79' lang='lat' dir='ltr'>convenerit,</span> <span class='ocrx_word' id='word_1_216' title='bbox 510 2179 626 2216; x_wconf 81' lang='lat' dir='ltr'>teneat,</span> <span class='ocrx_word' id='word_1_217' title='bbox 649 2178 742 2217; x_wconf 80' lang='lat' dir='ltr'>idque</span> <span class='ocrx_word' id='word_1_218' title='bbox 763 2181 798 2208; x_wconf 85' lang='lat' dir='ltr'><em>ut</em></span> <span class='ocrx_word' id='word_1_219' title='bbox 820 2179 848 2208; x_wconf 78' lang='lat' dir='ltr'>ei</span> <span class='ocrx_word' id='word_1_220' title='bbox 870 2179 994 2218; x_wconf 78' lang='lat' dir='ltr'>reddat,</span> 
     </span>
     <span class='ocr_line' id='line_1_35' title="bbox 297 2225 994 2259; baseline 0.004 -3"><span class='ocrx_word' id='word_1_221' title='bbox 297 2235 364 2256; x_wconf 81' lang='lat' dir='ltr'>cum</span> <span class='ocrx_word' id='word_1_222' title='bbox 380 2225 414 2256; x_wconf 85' lang='lat' dir='ltr'>id</span> <span class='ocrx_word' id='word_1_223' title='bbox 434 2225 494 2256; x_wconf 80' lang='lat' dir='ltr'>sibi</span> <span class='ocrx_word' id='word_1_224' title='bbox 508 2226 614 2257; x_wconf 79' lang='lat' dir='ltr'>deberi</span> <span class='ocrx_word' id='word_1_225' title='bbox 628 2228 816 2259; x_wconf 79' lang='lat' dir='ltr'>constiterit.</span> <span class='ocrx_word' id='word_1_226' title='bbox 865 2229 944 2259; x_wconf 83' lang='lat' dir='ltr'>Cato</span> <span class='ocrx_word' id='word_1_227' title='bbox 960 2229 994 2258; x_wconf 80' lang='lat' dir='ltr'>in</span> 
     </span>
     <span class='ocr_line' id='line_1_36' title="bbox 298 2277 994 2319; baseline 0.004 -12"><span class='ocrx_word' id='word_1_228' title='bbox 298 2287 334 2308; x_wconf 81' lang='lat' dir='ltr'>ea</span> <span class='ocrx_word' id='word_1_229' title='bbox 348 2277 499 2316; x_wconf 76' lang='lat' dir='ltr'>oratione,</span> <span class='ocrx_word' id='word_1_230' title='bbox 512 2288 581 2317; x_wconf 77' lang='lat' dir='ltr'><em>‹111oe</em></span> <span class='ocrx_word' id='word_1_231' title='bbox 597 2278 780 2309; x_wconf 73' lang='lat' dir='ltr'>inscribitur</span> <span class='ocrx_word' id='word_1_232' title='bbox 796 2280 834 2310; x_wconf 74' lang='lat' dir='ltr'>(Ie</span> <span class='ocrx_word' id='word_1_233' title='bbox 849 2280 994 2319; x_wconf 77' lang='lat' dir='ltr'><em>indigiti-</em></span> 
     </span>
     <span class='ocr_line' id='line_1_37' title="bbox 300 2327 999 2371; baseline 0.006 -14"><span class='ocrx_word' id='word_1_234' title='bbox 300 2327 374 2358; x_wconf 79' lang='lat' dir='ltr'><em>bus:</em></span> <span class='ocrx_word' id='word_1_235' title='bbox 399 2328 409 2344; x_wconf 87' lang='lat'>‘</span> <span class='ocrx_word' id='word_1_236' title='bbox 423 2327 539 2358; x_wconf 83' lang='lat' dir='ltr'>Sinunt</span> <span class='ocrx_word' id='word_1_237' title='bbox 567 2330 681 2368; x_wconf 85' lang='lat' dir='ltr'>perire,</span> <span class='ocrx_word' id='word_1_238' title='bbox 703 2333 737 2360; x_wconf 82' lang='lat' dir='ltr'><em>ut</em></span> <span class='ocrx_word' id='word_1_239' title='bbox 762 2330 839 2361; x_wconf 80' lang='lat' dir='ltr'>bona</span> <span class='ocrx_word' id='word_1_240' title='bbox 861 2331 999 2371; x_wconf 79' lang='lat' dir='ltr'>rapiant,</span> 
     </span>
     <span class='ocr_line' id='line_1_38' title="bbox 299 2378 997 2420; baseline 0.001 -11"><span class='ocrx_word' id='word_1_241' title='bbox 299 2382 352 2409; x_wconf 80' lang='lat' dir='ltr'><em>aut</em></span> <span class='ocrx_word' id='word_1_242' title='bbox 369 2378 397 2408; x_wconf 83' lang='lat' dir='ltr'>si</span> <span class='ocrx_word' id='word_1_243' title='bbox 412 2381 569 2417; x_wconf 83' lang='lat' dir='ltr'>petantur,</span> <span class='ocrx_word' id='word_1_244' title='bbox 593 2382 628 2409; x_wconf 85' lang='lat' dir='ltr'><em>ut</em></span> <span class='ocrx_word' id='word_1_245' title='bbox 652 2379 820 2420; x_wconf 73' lang='lat' dir='ltr'><em>sequestro</em></span> <span class='ocrx_word' id='word_1_246' title='bbox 838 2379 943 2412; x_wconf 75' lang='lat' dir='ltr'>dents&#39;</span> <span class='ocrx_word' id='word_1_247' title='bbox 966 2384 997 2411; x_wconf 84' lang='lat' dir='ltr'>et</span> 
     </span>
     <span class='ocr_line' id='line_1_39' title="bbox 300 2428 997 2462; baseline 0.004 -3"><span class='ocrx_word' id='word_1_248' title='bbox 300 2429 436 2459; x_wconf 79' lang='lat' dir='ltr'><em>Plautus</em></span> <span class='ocrx_word' id='word_1_249' title='bbox 451 2428 485 2458; x_wconf 87' lang='lat' dir='ltr'>in</span> <span class='ocrx_word' id='word_1_250' title='bbox 512 2429 707 2460; x_wconf 80' lang='lat' dir='ltr'><em>Mercatore:</em></span> <span class='ocrx_word' id='word_1_251' title='bbox 730 2431 739 2447; x_wconf 93' lang='lat'>‘</span> <span class='ocrx_word' id='word_1_252' title='bbox 756 2431 853 2461; x_wconf 87' lang='lat' dir='ltr'>Immo</span> <span class='ocrx_word' id='word_1_253' title='bbox 879 2431 926 2462; x_wconf 82' lang='lat' dir='ltr'>sic</span> <span class='ocrx_word' id='word_1_254' title='bbox 950 2440 997 2461; x_wconf 88' lang='lat' dir='ltr'><em>se-</em></span> 
     </span>
     <span class='ocr_line' id='line_1_40' title="bbox 301 2478 1000 2519; baseline 0.003 -9"><span class='ocrx_word' id='word_1_255' title='bbox 301 2483 426 2519; x_wconf 78' lang='lat' dir='ltr'>questro</span> <span class='ocrx_word' id='word_1_256' title='bbox 450 2478 526 2509; x_wconf 67' lang='lat' dir='ltr'>milti</span> <span class='ocrx_word' id='word_1_257' title='bbox 551 2481 626 2510; x_wconf 83' lang='lat' dir='ltr'>data</span> <span class='ocrx_word' id='word_1_258' title='bbox 649 2480 721 2511; x_wconf 85' lang='lat' dir='ltr'>est.’</span> <span class='ocrx_word' id='word_1_259' title='bbox 767 2481 854 2512; x_wconf 78' lang='lat' dir='ltr'>Haec</span> <span class='ocrx_word' id='word_1_260' title='bbox 872 2482 925 2512; x_wconf 89' lang='lat' dir='ltr'>vel</span> <span class='ocrx_word' id='word_1_261' title='bbox 941 2482 1000 2511; x_wconf 81' lang='lat' dir='ltr'>hu·</span> 
     </span>
     <span class='ocr_line' id='line_1_41' title="bbox 298 2530 1001 2570; baseline 0.001 -10"><span class='ocrx_word' id='word_1_262' title='bbox 298 2530 487 2570; x_wconf 80' lang='lat' dir='ltr'>juscemodi</span> <span class='ocrx_word' id='word_1_263' title='bbox 506 2530 638 2561; x_wconf 83' lang='lat' dir='ltr'>Festus.</span> <span class='ocrx_word' id='word_1_264' title='bbox 660 2531 748 2562; x_wconf 82' lang='lat' dir='ltr'>Vide</span> <span class='ocrx_word' id='word_1_265' title='bbox 761 2532 848 2563; x_wconf 75' lang='lat' dir='ltr'>Geli.</span> <span class='ocrx_word' id='word_1_266' title='bbox 866 2532 923 2563; x_wconf 89' lang='lat' dir='ltr'>lib.</span> <span class='ocrx_word' id='word_1_267' title='bbox 938 2541 1001 2562; x_wconf 80' lang='lat' dir='ltr'>xx.</span> 
     </span>
     <span class='ocr_line' id='line_1_42' title="bbox 304 2579 662 2619; baseline 0 -9"><span class='ocrx_word' id='word_1_268' title='bbox 304 2589 382 2619; x_wconf 84' lang='lat' dir='ltr'>cap.</span> <span class='ocrx_word' id='word_1_269' title='bbox 395 2579 456 2610; x_wconf 88' lang='lat' dir='ltr'>ult.</span> <span class='ocrx_word' id='word_1_270' title='bbox 479 2579 558 2610; x_wconf 78' lang='lat' dir='ltr'>Ant.</span> <span class='ocrx_word' id='word_1_271' title='bbox 576 2581 662 2619; x_wconf 76' lang='lat' dir='ltr'>Aug.</span> 
     </span>
    </p>

    <p class='ocr_par' dir='ltr' id='par_1_18' title="bbox 306 2630 1000 2720">
     <span class='ocr_line' id='line_1_43' title="bbox 349 2630 1000 2671; baseline 0 -10"><span class='ocrx_word' id='word_1_272' title='bbox 349 2630 531 2670; x_wconf 74' lang='lat' dir='ltr'>sequester]</span> <span class='ocrx_word' id='word_1_273' title='bbox 557 2630 668 2661; x_wconf 77' lang='lat' dir='ltr'><em>Gloss.</em></span> <span class='ocrx_word' id='word_1_274' title='bbox 685 2632 693 2648; x_wconf 92' lang='lat'>‘</span> <span class='ocrx_word' id='word_1_275' title='bbox 705 2631 900 2671; x_wconf 78' lang='lat' dir='ltr'>Sequester,</span> <span class='ocrx_word' id='word_1_276' title='bbox 915 2631 1000 2670; x_wconf 86' lang='grc' dir='ltr'>μεσί-</span> 
     </span>
     <span class='ocr_line' id='line_1_44' title="bbox 306 2679 907 2720; baseline 0.005 -11"><span class='ocrx_word' id='word_1_277' title='bbox 306 2691 374 2717; x_wconf 84' lang='grc' dir='ltr'><strong><em>της,</em></strong></span> <span class='ocrx_word' id='word_1_278' title='bbox 390 2679 537 2719; x_wconf 79' lang='grc' dir='ltr'>ἔντριτος,</span> <span class='ocrx_word' id='word_1_279' title='bbox 555 2679 813 2720; x_wconf 81' lang='grc' dir='ltr'>συνθηκοφύλαξ.’</span> <span class='ocrx_word' id='word_1_280' title='bbox 828 2682 907 2713; x_wconf 76' lang='lat' dir='ltr'>Duc.</span> 
     </span>
    </p>

    <p class='ocr_par' dir='ltr' id='par_1_19' title="bbox 351 2730 1000 2773">
     <span class='ocr_line' id='line_1_45' title="bbox 351 2730 1000 2773; baseline 0.005 -12"><span class='ocrx_word' id='word_1_281' title='bbox 351 2734 361 2750; x_wconf 86' lang='lat' dir='ltr'>r</span> <span class='ocrx_word' id='word_1_282' title='bbox 377 2730 507 2772; x_wconf 63' lang='lat' dir='ltr'>Serum]</span> <span class='ocrx_word' id='word_1_283' title='bbox 525 2732 665 2773; x_wconf 80' lang='lat' dir='ltr'>Optime</span> <span class='ocrx_word' id='word_1_284' title='bbox 684 2733 775 2764; x_wconf 82' lang='lat' dir='ltr'>Fest.</span> <span class='ocrx_word' id='word_1_285' title='bbox 790 2733 1000 2765; x_wconf 82' lang='lat' dir='ltr'>contraVer-</span> 
     </span>
    </p>
   </div>
   <div class='ocr_carea' id='block_1_13' title="bbox 1042 1866 1750 2775">
    <p class='ocr_par' dir='ltr' id='par_1_20' title="bbox 1042 1866 1745 2259">
     <span class='ocr_line' id='line_1_46' title="bbox 1045 1866 1741 1904; baseline -0.01 0"><span class='ocrx_word' id='word_1_286' title='bbox 1045 1874 1129 1904; x_wconf 85' lang='lat' dir='ltr'>rium</span> <span class='ocrx_word' id='word_1_287' title='bbox 1156 1872 1335 1904; x_wconf 85' lang='lat' dir='ltr'>contendit</span> <span class='ocrx_word' id='word_1_288' title='bbox 1358 1871 1461 1902; x_wconf 77' lang='lat' dir='ltr'>serilla</span> <span class='ocrx_word' id='word_1_289' title='bbox 1484 1869 1552 1900; x_wconf 86' lang='lat' dir='ltr'>dici</span> <span class='ocrx_word' id='word_1_290' title='bbox 1577 1866 1741 1900; x_wconf 86' lang='lat' dir='ltr'>funiculos</span> 
     </span>
     <span class='ocr_line' id='line_1_47' title="bbox 1044 1918 1742 1964; baseline -0.009 -11"><span class='ocrx_word' id='word_1_291' title='bbox 1044 1929 1160 1964; x_wconf 82' lang='lat' dir='ltr'>sparto</span> <span class='ocrx_word' id='word_1_292' title='bbox 1177 1928 1363 1955; x_wconf 55' lang='lat' dir='ltr'>consertos</span> <span class='ocrx_word' id='word_1_293' title='bbox 1409 1921 1522 1951; x_wconf 84' lang='lat' dir='ltr'>Verba</span> <span class='ocrx_word' id='word_1_294' title='bbox 1538 1918 1678 1950; x_wconf 83' lang='lat' dir='ltr'>Pacuvii</span> <span class='ocrx_word' id='word_1_295' title='bbox 1694 1918 1742 1948; x_wconf 86' lang='lat' dir='ltr'>sie</span> 
     </span>
     <span class='ocr_line' id='line_1_48' title="bbox 1045 1969 1743 2005; baseline -0.01 0"><span class='ocrx_word' id='word_1_296' title='bbox 1045 1974 1262 2005; x_wconf 84' lang='lat' dir='ltr'>ordinanda:</span> <span class='ocrx_word' id='word_1_297' title='bbox 1291 1974 1359 2003; x_wconf 85' lang='lat' dir='ltr'>Nec</span> <span class='ocrx_word' id='word_1_298' title='bbox 1384 1973 1447 2003; x_wconf 72' lang='lat' dir='ltr'><em>ulla</em></span> <span class='ocrx_word' id='word_1_299' title='bbox 1472 1971 1600 2001; x_wconf 76' lang='lat' dir='ltr'><em>subscus</em></span> <span class='ocrx_word' id='word_1_300' title='bbox 1625 1969 1743 1999; x_wconf 74' lang='lat' dir='ltr'>cohibet</span> 
     </span>
     <span class='ocr_line' id='line_1_49' title="bbox 1042 2021 1741 2065; baseline -0.011 -10"><span class='ocrx_word' id='word_1_301' title='bbox 1042 2034 1220 2065; x_wconf 82' lang='lat' dir='ltr'>oompngem</span> <span class='ocrx_word' id='word_1_302' title='bbox 1236 2025 1329 2059; x_wconf 78' lang='lat' dir='ltr'>alvei,</span> <span class='ocrx_word' id='word_1_303' title='bbox 1358 2023 1420 2053; x_wconf 84' lang='lat' dir='ltr'>Sed</span> <span class='ocrx_word' id='word_1_304' title='bbox 1443 2025 1512 2052; x_wconf 77' lang='lat' dir='ltr'><em>suta</em></span> <span class='ocrx_word' id='word_1_305' title='bbox 1535 2021 1597 2051; x_wconf 82' lang='lat' dir='ltr'>lino</span> <span class='ocrx_word' id='word_1_306' title='bbox 1612 2023 1642 2051; x_wconf 81' lang='lat' dir='ltr'>et</span> <span class='ocrx_word' id='word_1_307' title='bbox 1656 2029 1741 2059; x_wconf 72' lang='lat' dir='ltr'>spor·</span> 
     </span>
     <span class='ocr_line' id='line_1_50' title="bbox 1043 2069 1745 2112; baseline -0.007 -6"><span class='ocrx_word' id='word_1_308' title='bbox 1043 2076 1103 2107; x_wconf 79' lang='lat' dir='ltr'>teis</span> <span class='ocrx_word' id='word_1_309' title='bbox 1124 2075 1290 2106; x_wconf 75' lang='lat' dir='ltr'>serillibus.</span> <span class='ocrx_word' id='word_1_310' title='bbox 1334 2073 1440 2112; x_wconf 79' lang='lat' dir='ltr'>Alvez&#39;,</span> <span class='ocrx_word' id='word_1_311' title='bbox 1467 2072 1500 2102; x_wconf 91' lang='lat' dir='ltr'>id</span> <span class='ocrx_word' id='word_1_312' title='bbox 1524 2076 1589 2110; x_wconf 86' lang='lat' dir='ltr'>est,</span> <span class='ocrx_word' id='word_1_313' title='bbox 1611 2069 1745 2108; x_wconf 69' lang='lat' dir='ltr'>navigii.</span> 
     </span>
     <span class='ocr_line' id='line_1_51' title="bbox 1045 2120 1744 2156; baseline -0.01 0"><span class='ocrx_word' id='word_1_314' title='bbox 1045 2126 1097 2156; x_wconf 89' lang='lat' dir='ltr'>De</span> <span class='ocrx_word' id='word_1_315' title='bbox 1114 2124 1281 2155; x_wconf 85' lang='lat' dir='ltr'>subscude</span> <span class='ocrx_word' id='word_1_316' title='bbox 1306 2123 1384 2154; x_wconf 84' lang='lat' dir='ltr'>vide</span> <span class='ocrx_word' id='word_1_317' title='bbox 1411 2121 1501 2153; x_wconf 84' lang='lat' dir='ltr'>infra</span> <span class='ocrx_word' id='word_1_318' title='bbox 1525 2121 1558 2151; x_wconf 90' lang='lat' dir='ltr'>in</span> <span class='ocrx_word' id='word_1_319' title='bbox 1580 2122 1590 2137; x_wconf 81' lang='lat'><strong>⁴</strong></span> <span class='ocrx_word' id='word_1_320' title='bbox 1605 2120 1744 2151; x_wconf 72' lang='lat' dir='ltr'><em>subscu-</em></span> 
     </span>
     <span class='ocr_line' id='line_1_52' title="bbox 1049 2171 1745 2213; baseline -0.011 -4"><span class='ocrx_word' id='word_1_321' title='bbox 1049 2177 1135 2213; x_wconf 88' lang='lat' dir='ltr'>des,’</span> <span class='ocrx_word' id='word_1_322' title='bbox 1160 2177 1216 2208; x_wconf 91' lang='lat' dir='ltr'>ubi</span> <span class='ocrx_word' id='word_1_323' title='bbox 1242 2176 1360 2208; x_wconf 87' lang='lat' dir='ltr'>eadem</span> <span class='ocrx_word' id='word_1_324' title='bbox 1388 2174 1529 2207; x_wconf 81' lang='lat' dir='ltr'>Pacuvii</span> <span class='ocrx_word' id='word_1_325' title='bbox 1555 2172 1659 2204; x_wconf 83' lang='lat' dir='ltr'>verba</span> <span class='ocrx_word' id='word_1_326' title='bbox 1686 2171 1745 2202; x_wconf 83' lang='lat' dir='ltr'>ad-</span> 
     </span>
     <span class='ocr_line' id='line_1_53' title="bbox 1049 2228 1377 2259; baseline -0.006 0"><span class='ocrx_word' id='word_1_327' title='bbox 1049 2229 1152 2259; x_wconf 88' lang='lat' dir='ltr'>ducta</span> <span class='ocrx_word' id='word_1_328' title='bbox 1169 2233 1256 2259; x_wconf 84' lang='lat' dir='ltr'><em>sunt.</em></span> <span class='ocrx_word' id='word_1_329' title='bbox 1280 2228 1377 2258; x_wconf 83' lang='lat' dir='ltr'>Idem.</span> 
     </span>
    </p>

    <p class='ocr_par' dir='ltr' id='par_1_21' title="bbox 1050 2273 1748 2418">
     <span class='ocr_line' id='line_1_54' title="bbox 1091 2273 1748 2318; baseline -0.014 -7"><span class='ocrx_word' id='word_1_330' title='bbox 1091 2284 1102 2299; x_wconf 76' lang='lat'>¹⁵</span> <span class='ocrx_word' id='word_1_331' title='bbox 1125 2277 1258 2318; x_wconf 82' lang='lat' dir='ltr'>Serilla]</span> <span class='ocrx_word' id='word_1_332' title='bbox 1280 2278 1406 2309; x_wconf 78' lang='lat' dir='ltr'><em>Paulus</em></span> <span class='ocrx_word' id='word_1_333' title='bbox 1423 2276 1455 2306; x_wconf 88' lang='lat' dir='ltr'>in</span> <span class='ocrx_word' id='word_1_334' title='bbox 1472 2274 1620 2315; x_wconf 80' lang='lat' dir='ltr'>epitome</span> <span class='ocrx_word' id='word_1_335' title='bbox 1637 2273 1671 2303; x_wconf 90' lang='lat' dir='ltr'>id</span> <span class='ocrx_word' id='word_1_336' title='bbox 1688 2282 1748 2313; x_wconf 86' lang='lat' dir='ltr'>po-</span> 
     </span>
     <span class='ocr_line' id='line_1_55' title="bbox 1050 2325 1747 2370; baseline -0.009 -10"><span class='ocrx_word' id='word_1_337' title='bbox 1050 2329 1130 2365; x_wconf 84' lang='lat' dir='ltr'>suit,</span> <span class='ocrx_word' id='word_1_338' title='bbox 1164 2330 1253 2370; x_wconf 84' lang='lat' dir='ltr'>quod</span> <span class='ocrx_word' id='word_1_339' title='bbox 1287 2340 1306 2360; x_wconf 90' lang='lat' dir='ltr'>a</span> <span class='ocrx_word' id='word_1_340' title='bbox 1339 2329 1443 2359; x_wconf 84' lang='lat' dir='ltr'>Festo</span> <span class='ocrx_word' id='word_1_341' title='bbox 1474 2325 1747 2366; x_wconf 83' lang='lat' dir='ltr'>reprehenditur.</span> 
     </span>
     <span class='ocr_line' id='line_1_56' title="bbox 1051 2379 1236 2418; baseline -0.005 -7"><span class='ocrx_word' id='word_1_342' title='bbox 1051 2380 1130 2411; x_wconf 83' lang='lat' dir='ltr'><em>Ant.</em></span> <span class='ocrx_word' id='word_1_343' title='bbox 1149 2379 1236 2418; x_wconf 78' lang='lat' dir='ltr'>Aug.</span> 
     </span>
    </p>

    <p class='ocr_par' dir='ltr' id='par_1_22' title="bbox 1053 2424 1748 2571">
     <span class='ocr_line' id='line_1_57' title="bbox 1104 2424 1748 2470; baseline -0.012 -9"><span class='ocrx_word' id='word_1_344' title='bbox 1104 2430 1235 2470; x_wconf 80' lang='lat' dir='ltr'>Serilla]</span> <span class='ocrx_word' id='word_1_345' title='bbox 1267 2429 1358 2460; x_wconf 83' lang='lat' dir='ltr'>Mira</span> <span class='ocrx_word' id='word_1_346' title='bbox 1381 2427 1433 2458; x_wconf 81' lang='lat' dir='ltr'>hic</span> <span class='ocrx_word' id='word_1_347' title='bbox 1460 2425 1558 2457; x_wconf 79' lang='lat' dir='ltr'>Pauli</span> <span class='ocrx_word' id='word_1_348' title='bbox 1584 2424 1748 2465; x_wconf 79' lang='lat' dir='ltr'>supinitas</span> 
     </span>
     <span class='ocr_line' id='line_1_58' title="bbox 1053 2476 1748 2522; baseline -0.009 -11"><span class='ocrx_word' id='word_1_349' title='bbox 1053 2481 1109 2522; x_wconf 88' lang='lat' dir='ltr'>qni</span> <span class='ocrx_word' id='word_1_350' title='bbox 1129 2482 1160 2511; x_wconf 88' lang='lat' dir='ltr'>in</span> <span class='ocrx_word' id='word_1_351' title='bbox 1179 2491 1239 2511; x_wconf 82' lang='lat' dir='ltr'>sua</span> <span class='ocrx_word' id='word_1_352' title='bbox 1255 2481 1405 2520; x_wconf 78' lang='lat' dir='ltr'>epitoma</span> <span class='ocrx_word' id='word_1_353' title='bbox 1421 2478 1534 2519; x_wconf 82' lang='lat' dir='ltr'>posuit</span> <span class='ocrx_word' id='word_1_354' title='bbox 1547 2476 1634 2518; x_wconf 85' lang='lat' dir='ltr'>qnod</span> <span class='ocrx_word' id='word_1_355' title='bbox 1648 2484 1748 2515; x_wconf 81' lang='lat' dir='ltr'>supra</span> 
     </span>
     <span class='ocr_line' id='line_1_59' title="bbox 1054 2528 1529 2571; baseline -0.011 -9"><span class='ocrx_word' id='word_1_356' title='bbox 1054 2532 1176 2562; x_wconf 83' lang='lat' dir='ltr'><em>Festus</em></span> <span class='ocrx_word' id='word_1_357' title='bbox 1193 2529 1423 2571; x_wconf 81' lang='lat' dir='ltr'>reprehendit.</span> <span class='ocrx_word' id='word_1_358' title='bbox 1447 2528 1529 2558; x_wconf 76' lang='lat' dir='ltr'>Duc.</span> 
     </span>
    </p>

    <p class='ocr_par' dir='ltr' id='par_1_23' title="bbox 1054 2575 1750 2775">
     <span class='ocr_line' id='line_1_60' title="bbox 1097 2575 1750 2620; baseline -0.008 -11"><span class='ocrx_word' id='word_1_359' title='bbox 1097 2583 1107 2602; x_wconf 76' lang='lat' dir='ltr'>t</span> <span class='ocrx_word' id='word_1_360' title='bbox 1122 2581 1243 2620; x_wconf 77' lang='lat' dir='ltr'>Serius]</span> <span class='ocrx_word' id='word_1_361' title='bbox 1259 2579 1377 2611; x_wconf 81' lang='lat' dir='ltr'>Scribe</span> <span class='ocrx_word' id='word_1_362' title='bbox 1395 2579 1515 2617; x_wconf 77' lang='lat' dir='ltr'>Secius,</span> <span class='ocrx_word' id='word_1_363' title='bbox 1531 2577 1583 2608; x_wconf 84' lang='lat' dir='ltr'>vel</span> <span class='ocrx_word' id='word_1_364' title='bbox 1600 2575 1750 2616; x_wconf 82' lang='lat' dir='ltr'>Sequius:</span> 
     </span>
     <span class='ocr_line' id='line_1_61' title="bbox 1054 2627 1749 2671; baseline -0.01 -9"><span class='ocrx_word' id='word_1_365' title='bbox 1054 2632 1179 2671; x_wconf 80' lang='lat' dir='ltr'>alioqui</span> <span class='ocrx_word' id='word_1_366' title='bbox 1210 2631 1363 2671; x_wconf 81' lang='lat' dir='ltr'>ineptum</span> <span class='ocrx_word' id='word_1_367' title='bbox 1385 2634 1434 2660; x_wconf 81' lang='lat' dir='ltr'>est</span> <span class='ocrx_word' id='word_1_368' title='bbox 1459 2627 1668 2669; x_wconf 85' lang='lat' dir='ltr'>proscribere</span> <span class='ocrx_word' id='word_1_369' title='bbox 1693 2634 1749 2656; x_wconf 93' lang='lat' dir='ltr'>no-</span> 
     </span>
     <span class='ocr_line' id='line_1_62' title="bbox 1056 2676 1750 2721; baseline -0.013 -8"><span class='ocrx_word' id='word_1_370' title='bbox 1056 2682 1106 2713; x_wconf 82' lang='lat' dir='ltr'>bis</span> <span class='ocrx_word' id='word_1_371' title='bbox 1120 2682 1240 2720; x_wconf 73' lang='lat' dir='ltr'>Serius,</span> <span class='ocrx_word' id='word_1_372' title='bbox 1254 2686 1412 2721; x_wconf 79' lang='lat' dir='ltr'>tanquam</span> <span class='ocrx_word' id='word_1_373' title='bbox 1432 2680 1582 2719; x_wconf 77' lang='lat' dir='ltr'>ignotum</span> <span class='ocrx_word' id='word_1_374' title='bbox 1600 2676 1750 2713; x_wconf 78' lang='lat' dir='ltr'>verbnm,</span> 
     </span>
     <span class='ocr_line' id='line_1_63' title="bbox 1057 2725 1750 2775; baseline -0.014 -10"><span class='ocrx_word' id='word_1_375' title='bbox 1057 2732 1145 2775; x_wconf 85' lang='lat' dir='ltr'>quod</span> <span class='ocrx_word' id='word_1_376' title='bbox 1161 2732 1423 2772; x_wconf 74' lang='lat' dir='ltr'>vulgatissimum</span> <span class='ocrx_word' id='word_1_377' title='bbox 1440 2735 1504 2762; x_wconf 82' lang='lat' dir='ltr'><em>cst.</em></span> <span class='ocrx_word' id='word_1_378' title='bbox 1549 2727 1647 2759; x_wconf 79' lang='lat' dir='ltr'>Adde</span> <span class='ocrx_word' id='word_1_379' title='bbox 1661 2725 1750 2768; x_wconf 89' lang='lat' dir='ltr'>quod</span> 
     </span>
    </p>
   </div>
  </div>
 </body>
</html>
