1876 3025
347 162 409 191 bh*
447 156 712 190 vERssoRUM
750 152 1154 185 SlGNlFlCATIONlL
1191 153 1284 181 Lus.
1319 151 1403 181 XV.

1512 143 1596 181 701)

207 269 300 298 rum
325 258 573 297 senatorum
596 256 767 294 contum
789 255 831 292 et
852 248 1079 301 sexaginta
1097 249 1142 288 ct
1157 252 1358 300 quatuor,
1374 250 1425 285 ut
1448 244 1595 297 exple-

205 328 270 366 ret
289 335 513 365 numerum
535 322 787 362 senatorum
809 320 1116 360 trecentorum:
1154 317 1199 355 et
1220 313 1308 354 duo
1338 323 1497 364 genera
1519 323 1596 364 ap-

207 391 375 446 pellata
396 394 527 431 sunt.¹

151 460 359 513 Quippey
392 456 639 510 significare
663 455 770 508 quid
808 454 867 503 ni,

374 525 555 578 Quippe
597 523 737 564 solent
776 532 900 573 reges
939 530 1091 559 omnes
1128 517 1173 557 in
1211 515 1339 556 rebus
1381 512 1600 556 secundis.

213 531 303 566 1v.²

902 451 1159 493 testimonio
1193 451 1262 489 est
1291 447 1459 488 Ennius
1488 445 1599 486 libro

207 593 331 635 Idem
367 592 443 633 lib.
477 601 585 632 XVI.
645 588 824 642 Quippe
865 590 1040 628 vetusta
1077 585 1222 626 virum
1260 595 1350 623 non
1388 585 1457 622 est
1493 579 1602 620 satis

210 662 333 702 bella
352 659 548 701 moveri.³

155 728 335 782 Quippe
357 726 578 780 significat
598 724 701 779 quid
720 723 779 764 ni.

611 657 685 698 lta
706 656 781 697 alii
802 654 1073 707 complures.

1424 715 1551 770 [PAU
1567 725 1608 753 L.

160 795 350 846 Quirina
369 795 537 836 tribusz
568 805 594 834 a
615 791 885 833 Curensibus
917 789 1098 832 Sabinis
1129 785 1395 841 appellatio·
1446 782 1609 837 [Fsss'r.

212 875 315 903 nem
339 861 511 902 videtur
531 859 739 901 traxisse.

155 929 434 980 Quirinalia‘*
464 939 613 970 mense
647 925 889 968 Februario
920 924 1034 974 dies,
1066 935 1152 976 quo
1185 918 1360 972 Quirini
1394 918 1506 959 fiunt
1537 928 1608 957 sa—

761 1033 881 1045 eeeeee

883 1031 984 1043 eeeee

196 1106 211 1133 l
239 1102 322 1134 Ead.
337 1103 391 1133 ed.
405 1102 573 1142 appellaret
589 1102 731 1133 essm—2
744 1099 828 1131 Ead.
847 1098 901 1130 ed.
923 1096 999 1129 XL.
1033 1096 1096 1128 Vir
1119 1095 1212 1127 doct.
1229 1094 1262 1126 in
1279 1101 1383 1133 marg.
1395 1090 1535 1132 conjicit
1549 1090 1613 1122 XI.

160 1148 222 1177 -3
245 1146 382 1178 Merula
397 1145 482 1186 legit
499 1153 628 1175 movere.

812 1227 953 1260 NOTAE

197 1312 210 1332 y
236 1305 372 1347 Quippe]
395 1306 522 1337 Tamen
553 1306 586 1337 in
616 1304 728 1336 verbis
753 1303 856 1335 Ennii

155 1367 230 1399 quae
263 1357 382 1388 Festus
407 1356 449 1387 ad
479 1356 672 1397 exemplum
703 1354 855 1394 adducit,

154 1410 264 1450 quippe
287 1419 352 1440 non
377 1408 452 1449 quid
481 1408 527 1448 ni,
553 1407 612 1439 sed
637 1406 793 1448 quoniam,
818 1408 857 1437 ut

155 1469 260 1500 saepe.
306 1460 427 1500 Neque
465 1468 611 1500 unquam
649 1458 758 1498 quippe
795 1465 857 1497 pro

157 1510 272 1550 quidni
287 1510 455 1550 scriptum
473 1509 643 1550 reperias:
669 1507 728 1539 sed
744 1507 857 1548 quippe

156 1560 200 1590 ui.
224 1559 332 1590 Idem.

196 1617 207 1630 Ζ
233 1611 369 1646 Quirina
381 1609 496 1650 tribus]
511 1610 617 1650 Cujus
633 1608 787 1641 meminit
805 1608 859 1640 Ci-

156 1670 234 1692 cero
251 1671 312 1701 pro
330 1661 504 1693 Quinctio.
522 1661 624 1692 Idem.

199 1716 211 1729 ἃ
237 1710 430 1750 Quirinalia]
455 1709 687 1741 Semicirculis
719 1708 860 1748 inclusa,

158 1765 237 1790 sunt
266 1761 298 1791 in
327 1760 436 1791 veteri
465 1760 551 1791 libro
580 1759 731 1800 repetita
753 1768 796 1789 ex
818 1767 860 1789 eo

158 1811 284 1851 capite,
300 1811 396 1851 cujus
413 1810 548 1841 initium
571 1814 623 1840 est
646 1812 654 1826 ‘
671 1809 859 1842 Quirinalis

157 1861 286 1892 collis:'
310 1871 385 1901 quae
406 1870 487 1891 vero
505 1860 548 1891 de
565 1859 793 1891 fornacalibus
810 1858 859 1889 di-

158 1917 294 1951 cuntur,
312 1911 469 1942 videntur
482 1920 557 1942 esse
574 1910 750 1941 mendosa.
775 1909 859 1940 Ovi·

156 1964 230 1997 dius
247 1964 295 1995 ait
311 1962 496 1994 fornacalia
511 1971 578 1993 non
595 1970 668 1992 esse
695 1964 784 1991 stata
808 1969 860 1990 sa·

156 2026 227 2054 cra,
244 2013 302 2046 sed
320 2018 434 2044 tamen
459 2021 501 2043 eo
525 2011 580 2043 die
608 2011 777 2042 curiarum
802 2019 860 2041 no-

157 2066 247 2097 mina
272 2065 305 2095 in
332 2062 407 2093 foro
434 2062 537 2094 certis
562 2061 646 2092 locis
674 2060 803 2099 notari,
826 2060 859 2090 in

158 2115 291 2156 quibus,
307 2123 382 2145 curn
399 2122 491 2153 saepe
517 2111 624 2143 stulte
649 2110 784 2152 quidam
802 2119 861 2141 no-

158 2166 248 2196 mina
263 2173 398 2195 suarum
414 2162 581 2193 curiarum
602 2161 810 2200 ignorantes,
827 2160 860 2191 in

158 2217 277 2248 alienis
307 2215 406 2247 curiis
445 2223 543 2245 sacra
579 2211 749 2251 facerent,
784 2211 861 2243 ideo

160 2268 339 2298 stultorum
362 2264 464 2295 ferias
489 2263 602 2295 dictas
623 2272 708 2293 esse.
752 2262 861 2292 Varro

160 2319 218 2350 lib.
241 2328 273 2349 v.
298 2319 307 2335 ‘
325 2315 515 2349 Quirinalia
541 2324 561 2345 a
586 2313 745 2351 Quirino,
770 2312 861 2353 quod

162 2369 192 2398 ci
209 2368 283 2399 Deo
300 2366 410 2405 feriae,
422 2370 457 2397 et
474 2374 591 2396 eorum
607 2363 792 2401 hominurn,
806 2362 862 2403 qni

162 2417 392 2448 fornacalibus
409 2416 476 2447 suis
492 2424 559 2446 non
576 2412 864 2445 fueruntferiati.’

164 2468 264 2499 Adde
291 2468 425 2500 Plutar.
456 2467 490 2497 in
521 2466 684 2507 problern.
738 2465 862 2495 Emen-

164 2519 310 2549 dandnm
337 2519 440 2558 igitur
465 2518 530 2548 erit
553 2517 622 2548 sic:
646 2517 725 2557 quod
740 2516 865 2556 quidam

162 2579 286 2600 suorum
299 2568 508 2606 fornacalium
521 2577 680 2599 sacrorum
695 2567 815 2606 ignari,
831 2576 865 2597 eo

163 2620 357 2660 potissimum
383 2618 433 2649 die
461 2628 526 2649 rem
560 2618 699 2649 divinam
724 2616 863 2655 faciunt.

166 2671 253 2702 Vide
277 2672 286 2687 ‘
303 2668 514 2701 Stultorum!
539 2669 617 2700 Ant.
634 2668 722 2708 Aug.

212 2719 408 2760 Quirinalia]
432 2718 600 2751 Confusus
625 2727 664 2748 ac
684 2721 865 2756 corruptus

908 1303 1001 1334 locus
1028 1301 1075 1332 ita
1103 1308 1163 1331 suo
1188 1297 1298 1330 ordini
1329 1304 1368 1327 ac
1384 1291 1489 1326 nitori
1515 1290 1614 1322 resti-

908 1356 1045 1384 tuetur:
1088 1348 1270 1386 Quirinalia
1307 1355 1408 1377 mense
1444 1342 1614 1375 Februario

909 1403 986 1441 dies,
1016 1411 1075 1444 quo
1106 1398 1240 1436 Quirino
1267 1397 1357 1438 fiunt
1391 1403 1498 1426 sacra.-
1532 1393 1614 1424 idem

909 1453 1074 1483 stultorum
1082 1450 1178 1489 feriae
1192 1448 1377 1489 appellatur,
1386 1445 1466 1486 quod
1476 1442 1613 1484 quidam,

908 1503 962 1543 qui
987 1511 1112 1533 suorum
1142 1498 1356 1538 fornacalz'um
1384 1504 1475 1527 sacra
1505 1493 1612 1524 Roma:

911 1554 1146 1593 ignoraverant,
1170 1560 1204 1581 eo
1223 1547 1418 1590 potissimum
1443 1554 1509 1576 rem
1529 1542 1611 1574 divi-

911 1613 983 1634 num
996 1602 1137 1641 faciunt.
1182 1599 1290 1631 Addit
1309 1598 1428 1637 Romae,
1448 1594 1527 1636 quia
1544 1593 1610 1626 Cu-

912 1654 1038 1685 riarum
1049 1652 1137 1684 festa
1145 1655 1253 1684 eraut,
1264 1652 1300 1681 et
1316 1658 1335 1680 a
1346 1647 1494 1679 Curione
1509 1644 1609 1676 Max-

910 1706 977 1736 imo
994 1702 1246 1734 indicebantur.
1269 1700 1337 1730 Jos.
1355 1697 1438 1729 Scal-

957 1752 1151 1794 Quirinalia]
1188 1751 1274 1784 Quae
1305 1744 1529 1780 semicirculis
1559 1744 1608 1775 in-

911 1805 1020 1843 clusa,
1037 1812 1077 1834 ea
1095 1801 1241 1842 repetita
1257 1803 1336 1830 sunt
1353 1807 1372 1828 e
1397 1796 1512 1836 capite
1530 1794 1611 1830 Qui-

909 1854 1024 1886 rinalis
1044 1852 1131 1884 infra
1150 1862 1159 1883 ε
1193 1855 1270 1892 post
1295 1847 1385 1889 quod
1412 1845 1505 1878 istud
1528 1853 1610 1877 con-

911 1906 1006 1936 tinuo
1026 1904 1057 1935 in
1074 1902 1207 1934 schedis
1224 1899 1450 1941 sequebatur:
1476 1895 1612 1935 reliqua

910 1955 1037 1987 foedata
1064 1957 1153 1984 sunt.
1209 1951 1318 1982 Locus
1344 1948 1448 1989 igitur
1475 1945 1612 1985 integer

911 2006 959 2037 ita
974 2002 1207 2036 restituendus
1230 2011 1272 2032 ex
1287 1999 1415 2039 Scalig.
1463 1995 1612 2032 Quirina-

910 2057 955 2087 lia
970 2065 1071 2087 mense
1090 2051 1261 2086 Februario
1286 2049 1364 2084 dies,
1392 2056 1451 2088 quo
1478 2045 1613 2081 Quirino

903 2108 991 2149 fiunt
1006 2116 1105 2137 sacra.
1150 2104 1239 2134 Idem
1257 2101 1426 2132 stultorum
1438 2096 1536 2135 feriae
1559 2105 1613 2135 ap·

909 2158 1078 2198 pellantur,
1097 2155 1176 2195 quod
1191 2152 1242 2194 qui
1257 2152 1339 2182 diem
1361 2157 1485 2180 suorum
1499 2145 1613 2184 sorna-

912 2207 1023 2239 calium
1038 2214 1196 2237 sacrorum
1210 2202 1446 2242 ignoraverant,
1462 2206 1495 2228 eo
1515 2195 1614 2235 potis-

912 2260 1021 2290 simum
1036 2266 1103 2288 rem
1116 2254 1256 2286 divinam
1269 2251 1408 2290 faciunt.
1455 2246 1614 2279 Quirina-

914 2308 958 2340 lia
974 2312 1073 2339 erant
1089 2308 1140 2338 13.
1163 2301 1338 2335 Kalendas
1365 2297 1530 2330 Martias:
1558 2304 1615 2325 eau

914 2359 990 2390 dem
1009 2357 1191 2389 stultorum
1208 2352 1309 2384 festa.
1348 2347 1449 2380 Ovid.
1464 2356 1505 2379 11.
1521 2345 1615 2377 Fast.

915 2411 924 2428 ‘
944 2409 1019 2440 Lux
1043 2415 1175 2448 quoque
1203 2413 1263 2435 cur
1285 2400 1405 2433 eadem
1433 2397 1616 2430 stultorum

915 2460 1003 2493 festa
1020 2464 1164 2490 vocetur
1182 2455 1313 2495 Accipe
1328 2464 1338 2493 ;
1360 2460 1461 2493 parva
1477 2448 1614 2491 quidem

916 2522 1032 2553 causa,
1065 2509 1126 2542 sed
1158 2512 1239 2549 apta
1276 2502 1417 2537 subest!
1478 2498 1614 2532 Deinde

916 2572 1051 2595 causam
1069 2560 1222 2602 exponit,
1239 2562 1275 2589 et
1292 2558 1326 2588 in
1341 2555 1428 2587 fine:
1457 2553 1466 2569 ‘
1484 2550 1615 2583 Stulta-

918 2623 982 2655 que
1011 2622 1089 2654 pars
1120 2609 1237 2652 populi
1263 2616 1337 2648 quae
1361 2605 1406 2635 sit
1433 2611 1494 2633 sua
1524 2597 1619 2630 curia

918 2663 1040 2700 nescit,
1053 2660 1120 2693 Sed
1133 2659 1216 2691 facit
1229 2663 1383 2689 extrema
1396 2660 1493 2684 sacra
1508 2650 1617 2681 relata

919 2711 998 2745 die!
1032 2711 1098 2742 Sed
1113 2707 1245 2750 juvabit
1262 2707 1373 2737 locum
1390 2704 1498 2744 ipsum
1513 2698 1619 2730 adire.
