1876 3025
273 169 358 210 914

726 177 875 210 SEXTI
912 177 1112 207 POMPEII
1148 177 1285 208 FESTI

276 276 370 316 Sub
386 275 540 330 jugum
561 276 673 317 mitti
691 275 895 316 dicuntur
914 274 1081 324 hostes,
1104 288 1203 315 cum
1225 273 1397 314 duabus
1417 272 1517 313 has-
1549 272 1726 327 [PAUL.

335 345 390 384 tis
422 344 466 384 in
503 348 613 385 terra
649 343 825 392 defixis,
861 344 1077 397 tertiaque
1105 342 1392 396 superligata,
1422 340 1611 381 inermes
1645 341 1728 381 sub

330 426 405 454 eas
427 417 644 465 coguntur
666 411 868 452 transire.

274 481 368 522 Sub
389 481 560 521 vineam
574 479 722 533 jacere
737 483 750 500 f
769 478 972 518 dicuntur
993 477 1168 523 milites,
1204 490 1305 518 cum
1341 476 1590 518 astantibus
1623 488 1729 516 cen-

330 548 574 589 turionibus
583 547 732 601 jacere
754 550 969 598 coguntur
991 545 1139 585 sudes.

276 616 363 656 Sub
393 617 553 656 vineam
576 615 722 670 jacere
757 613 947 655 dicuntur
977 614 1154 663 milites,
1176 626 1263 652 cnm
1303 611 1531 653 astantibus
1561 611 1725 661 [FEST.

328 685 641 725 centurionibus
655 682 793 737 jacere
814 688 1010 737 cogantur
1033 680 1163 721 sudes.

274 754 367 795 Sub
389 755 522 793 vitem
539 757 551 773 ³
569 752 719 792 hastas
734 750 882 804 jacere
904 749 1067 790 dicitur
1083 749 1221 797 veles,
1235 761 1336 789 cum
1354 761 1432 790 eas
1445 749 1528 789 sub
1549 747 1726 797 [PAUL-

330 834 460 862 mauu
483 833 653 861 sursum
677 819 825 859 mittit.
857 818 1082 859 Lucilius:
1104 822 1152 858 ut
1166 817 1286 858 veles
1303 818 1445 857 bonus
1468 817 1551 856 sub
1574 815 1724 864 vitem,

331 889 407 942 qui
430 888 651 928 summisit
668 891 696 910 ¹¹
720 886 889 927 hastas.

950 885 1086 927 veles
1107 889 1252 926 autem
1274 884 1423 925 velitis
1448 884 1567 925 facit.

274 957 365 997 Sub
388 957 516 997 vitem
539 956 831 1010 hastas-jacere
850 953 1001 994 (licitur
1020 952 1139 1003 veles,
1159 967 1249 993 cum
1269 967 1334 992 eas
1355 951 1427 992 snb
1448 965 1539 993 ma-
1561 950 1727 1001 [FEST.

329 1039 387 1066 nu
408 1039 566 1065 sarsum
588 1023 727 1065 mittit.

330 1093 446 1134 subit
464 1097 498 1116 ¹²
526 1093 679 1132 hastas.

788 1023 1013 1064 Lucilius:
1045 1027 1094 1064 ut
1130 1021 1232 1062 veles
1261 1020 1382 1061 bonus
1406 1020 1478 1060 sub
1505 1019 1627 1060 vitem
1651 1018 1726 1072 qui

274 1163 366 1203 Sub
390 1162 524 1203 vitem
548 1159 738 1213 praeliari
761 1158 966 1200 dicuntur
987 1158 1161 1206 milites,
1178 1170 1277 1199 cum
1300 1157 1382 1197 sub
1404 1156 1530 1196 vinea
1550 1154 1730 1204 [PAUL.

329 1229 506 1270 militari
541 1230 751 1281 pugnant.

329 1298 522 1351 praeliari
544 1295 700 1350 procul
724 1296 805 1335 sub
827 1296 932 1335 vite.

811 1227 1040 1269 Lucilius:
1087 1225 1244 1279 Neque
1284 1224 1458 1280 prodire
1494 1224 1538 1264 in
1576 1222 1729 1271 altum,

278 1364 364 1405 Sub
395 1364 518 1405 vitem
543 1362 980 1418 p7·aelia1·i²dicuntur
1008 1360 1168 1410 milites,
1197 1374 1284 1400 cnm
1315 1356 1523 1399 subvinea
1555 1357 1728 1411 [FEST.

330 1434 510 1474 militari
546 1437 752 1486 pugnant.

324 1500 513 1555 proeliari
526 1500 667 1554 procul
687 1499 768 1539 sub
789 1499 893 1539 vite.

814 1428 1029 1470 Lucilius.-
1059 1434 1247 1482 neque¹³
1285 1427 1464 1481 prodire
1500 1425 1540 1465 in
1582 1424 1728 1474 altum,

277 1570 370 1609 Sub
393 1581 472 1609 vos
495 1568 663 1621 placo,¹¹
687 1567 730 1606 in
763 1565 968 1619 precibus
990 1564 1079 1604 fere
1103 1578 1201 1605 cum
1224 1563 1397 1612 dicitur,
1420 1560 1640 1614 significat
1670 1558 1729 1607 id,

882 1683 997 1694 aeaeaeaeaeae

1003 1682 1117 1693 cccccc

319 1767 354 1794 ll
384 1763 448 1794 ΑΙίἰ
475 1764 591 1800 legunt
616 1761 752 1799 subjicit.
796 1760 883 1790 Viuo
901 1759 1087 1790 inum—12
1112 1760 1172 1790 Vir
1187 1759 1278 1789 doct.
1297 1759 1329 1789 in
1348 1767 1452 1798 marg.
1468 1756 1522 1788 ed.
1536 1756 1625 1786 Scal.
1642 1755 1732 1795 conj.

273 1808 496 1845 ⁵*11121'icil--13
515 1807 577 1837 Ed.
592 1806 683 1835 Scal.
699 1807 706 1822 ‘
720 1807 864 1845 pugnant
884 1804 1024 1834 Lucilius
1040 1805 1113 1843 AEq.
1133 1802 1292 1844 prodire)

934 1918 1081 1949 NOTAE

316 1992 329 2007 r
351 1986 416 2017 Sub
430 1986 552 2016 vineam
565 1984 688 2023 jacere]
725 1984 912 2015 Militarem
931 1984 977 2013 vi-

274 2046 372 2067 neam
398 2037 467 2066 sive
490 2035 591 2065 vitem
617 2034 665 2064 sic
683 2033 847 2064 describit
865 2034 976 2071 Vege-

274 2087 363 2117 tius:
398 2086 448 2115 ‘E
479 2084 580 2123 lignis
610 2083 794 2113 levioribus
822 2083 977 2113 machina

274 2138 469 2177 colligatur,
485 2136 550 2165 alta
568 2134 714 2175 pedibus
732 2138 762 2164 8.
779 2134 846 2164 lata
863 2136 893 2164 7.
907 2133 977 2163 lon-

275 2198 317 2229 ga
343 2191 393 2220 17.
422 2187 522 2226 hujus
553 2190 681 2216 tectum
711 2184 838 2224 duplici
871 2183 977 2213 muni-

276 2240 382 2277 tione,
411 2236 573 2268 tabulatis
597 2235 814 2275 cratibusque
838 2239 978 2265 contex-

275 2289 354 2319 itur.
401 2288 523 2318 Latera
548 2294 680 2326 quoque
704 2285 828 2314 vimine
844 2284 978 2324 sepiun-

276 2344 343 2374 tur,
371 2347 412 2368 ne
439 2346 595 2367 saxorum
619 2335 830 2375 pilorumque
850 2334 978 2374 impetu

277 2393 513 2429 penetrentur.
560 2387 781 2417 Extrinsecus
807 2392 918 2415 autem
936 2394 978 2415 ue

275 2441 424 2471 immisso
440 2443 701 2469 concrementur
718 2435 887 2469 incendio,
906 2445 978 2466 crn-

276 2491 326 2522 dis
345 2501 383 2521 ac
402 2489 596 2520 recentibus
618 2487 730 2525 coriis,
758 2488 809 2516 vel
828 2487 979 2517 centoni—

277 2543 339 2573 bus
357 2541 520 2582 operitur.
555 2539 639 2569 Cum
660 2538 772 2578 plures
788 2536 892 2568 factoe
906 2537 978 2567 fue·

278 2594 358 2627 rint,
383 2592 573 2632 junguntur
589 2589 620 2618 in
648 2588 812 2626 ordinem,
836 2588 896 2618 sub
912 2588 981 2628 qui-

279 2645 340 2675 bus
372 2642 588 2674 subsidentes
621 2640 685 2670 tuti
717 2639 758 2670 ad
788 2639 980 2670 subruenda

278 2705 448 2726 murorum
467 2696 649 2734 penetrant
665 2690 912 2721 fundamenta:
928 2691 977 2721 Μ.

322 2752 333 2766 ⁵
355 2746 420 2777 Sub
445 2743 556 2784 vitem]
593 2743 712 2774 Lucilii
734 2751 849 2773 versus
872 2741 977 2772 curri-

1031 1983 1182 2023 gendus:
1210 1983 1254 2013 Ut
1277 1983 1356 2013 veles
1379 1981 1469 2012 bonu‘
1491 1980 1546 2011 sub
1569 1979 1665 2010 vitem
1680 1977 1733 2018 qui

1030 2033 1152 2063 smnicit
1173 2033 1290 2063 hastas.
1350 2032 1486 2063 Sumicit
1510 2041 1570 2071 pro
1596 2029 1735 2067 subjicit,

1030 2088 1069 2113 ut
1099 2083 1278 2113 ‘Comuro'
1307 2092 1367 2121 pro
1394 2083 1403 2098 ‘
1423 2080 1558 2118 Cunro,‘
1587 2080 1595 2096 ‘
1622 2079 1730 2110 Comi-

1033 2133 1115 2163 tium
1129 2132 1137 2146 '
1154 2143 1215 2173 pro
1231 2131 1424 2163 ‘'Coitium.'
1445 2132 1514 2161 Jos.
1532 2131 1616 2161 Scul.

1075 2183 1142 2214 Sub
1169 2183 1279 2223 vitem]
1318 2182 1459 2213 Schedae
1488 2181 1617 2211 habent
1638 2179 1733 2219 subit,

1033 2233 1123 2274 quod
1142 2233 1221 2263 mihi
1235 2239 1433 2273 corruptum
1447 2232 1582 2262 videtur
1593 2240 1635 2260 ex
1651 2230 1735 2260 sula·-

1032 2285 1088 2324 cit,
1102 2290 1137 2315 ut
1154 2285 1340 2326 antiquitus
1364 2283 1559 2315 scribebant
1585 2291 1646 2322 pro
1661 2281 1733 2312 sub·

1022 2336 1111 2373 jicit.
1138 2337 1222 2366 Dae.

1073 2388 1083 2406 ⁸
1108 2386 1172 2417 Sub
1204 2386 1297 2416 vitem
1332 2384 1489 2425 praeliari]
1526 2382 1733 2413 Trochaicus

1034 2437 1159 2467 Lucilii
1189 2437 1237 2466 ita
1272 2435 1454 2473 legendus:
1482 2434 1588 2474 Neque
1608 2432 1734 2473 prodire

1032 2487 1066 2518 in
1094 2487 1203 2525 altum,
1235 2486 1378 2526 praeliari
1408 2484 1462 2515 sub
1497 2485 1591 2514 vitem
1618 2483 1733 2523 procul.

1031 2537 1107 2568 Jos.
1122 2537 1211 2567 Scal.

1077 2591 1090 2606 ¹¹
1114 2587 1177 2617 Sub
1193 2596 1244 2617 vos
1256 2586 1358 2627 placo]
1381 2585 1469 2616 Vide
1485 2585 1494 2602 ‘
1511 2583 1732 2615 Endoitium.'

1033 2637 1113 2669 Ant.
1128 2637 1213 2676 Aug.

1077 2688 1142 2719 Sub
1164 2699 1216 2719 vos
1237 2689 1338 2729 placo]
1372 2688 1441 2718 Pro
1458 2697 1510 2717 ros
1523 2687 1677 2726 supplico.-
1694 2690 1731 2715 ut

1031 2740 1040 2757 ‘
1055 2748 1117 2781 per
1133 2749 1195 2780 ego
1214 2746 1246 2771 te
1265 2741 1357 2771 Deos
1374 2738 1455 2776 oro,’
1480 2743 1515 2769 et
1531 2747 1605 2778 quae
1632 2745 1730 2767 voca-
