1876 3025
732 173 955 207 scHEDAE.
1458 158 1568 201 1197

118 291 214 320 cem
236 281 419 327 vocant;
443 280 487 316 et
509 275 746 329 piamenta,
768 273 928 326 quibus
950 271 1080 311 utitur
1102 265 1348 320 expiando:
1372 265 1446 305 alii
1470 277 1570 318 pura

117 350 339 399 gamenta.
391 344 635 384 Piacularis
652 345 780 396 porta
797 340 1044 393 appellatur
1058 340 1239 389 propter
1255 334 1401 386 aliqua
1419 333 1570 385 piacu-

117 414 174 461 la,
190 426 289 466 quae
302 412 462 453 ibidem
476 411 660 452 fiebant:
684 409 769 460 vel,
784 413 833 449 ut
848 408 909 448 ait
923 406 1135 453 Cloatius,
1149 415 1246 443 cum
1261 414 1318 441 ex
1333 405 1480 441 saero⁵
1496 412 1571 452 per

118 481 308 534 aliquem
327 480 503 533 piaculo
522 479 726 527 solvitur,
739 480 788 517 ut
801 476 951 528 aliqua
968 472 1117 527 piandi
1139 469 1449 524 propitiandiq.
1465 480 1570 508 cau-

118 562 170 589 sa
196 549 457 589 immolatur,
518 547 672 599 Pigere
700 544 914 585 interdum
936 554 1015 595 pro
1036 538 1214 587 tardari,
1249 535 1465 577 interdum
1492 547 1571 588 pro

118 615 331 668 poenitere
349 616 454 668 poni
474 614 598 654 solet.
649 613 775 663 Pang
750 624 859 660 ere,
878 612 1027 662 figere:
1048 607 1157 648 unde
1176 606 1335 659 plantae
1358 602 1487 657 pangi
1509 603 1572 642 di-

119 685 290 729 cuntur,
322 694 422 721 cum
456 681 500 720 in
535 684 692 720 terram
716 678 997 718 demittuntur

120 748 396 788 Permutatur
411 747 454 787 id
470 747 647 800 proprie
665 746 754 786 dici
769 743 910 784 videtu
916 756 934 783 r
938 742 1075 796 ,quod
1091 755 1147 782 ex
1163 740 1250 781 alio
1263 702 1365 780 loco
1387 737 1541 791 [187]
1530 750 1571 777 in

120 817 255 857 alium
273 815 549 857 transfertur:
585 818 630 854 at
653 815 957 858 commutatur,
978 809 1098 863 quod
1121 807 1239 849 aliud
1262 819 1340 860 pro
1363 806 1449 846 alio
1470 805 1573 845 sub-

121 885 332 925 stituitur.
383 883 472 924 Sed
494 895 548 923 ea
563 881 656 935 jam
681 880 865 922 confuse
882 880 925 918 iu
944 891 1024 917 usu
1043 880 1157 917 sunt.
1205 874 1403 915 Pierides
1429 872 1572 912 Musae

120 958 301 1005 propter
333 951 632 992 amoenitatem
665 961 717 988 ac
763 946 1049 987 solitudinem
1083 943 1217 984 Pierii
1248 940 1407 981 montis
1438 939 1572 980 dictae

120 1020 340 1068 videntur,
361 1031 447 1072 quo
462 1017 479 1042 ⁶
509 1030 606 1057 esse
621 1022 636 1047 ⁷
668 1015 854 1056 secretis
876 1013 985 1053 locis
1009 1016 1187 1065 propter
1208 1008 1356 1049 studia
1377 1008 1575 1048 liberalia

121 1087 402 1128 delectentur,
464 1084 770 1125 Perconctatio
792 1095 872 1135 pro
894 1079 1235 1131 interrogatione
1258 1076 1380 1116 dicta
1402 1075 1574 1116 videtur

123 1168 180 1195 ex
210 1154 392 1195 nautico
424 1166 523 1201 usu,
552 1153 657 1205 quia
682 1154 810 1192 conto
840 1152 1100 1203 pertentant,
1122 1148 1432 1198 cognoscuntq.
1453 1143 1576 1184 navi-

122 1227 277 1274 gantes
314 1234 440 1274 aquae
476 1218 777 1261 altitudinem:
825 1217 881 1257 ob
918 1227 1054 1268 quam
1086 1225 1266 1254 causam
1303 1211 1365 1251 ait
1396 1209 1575 1251 Verrius

122 1289 252 1329 etiam
275 1287 511 1328 secundam
534 1286 749 1339 syllabam
770 1297 849 1337 per
869 1296 894 1323 o
921 1283 1059 1322 solere
1092 1279 1252 1319 scribi:
1284 1278 1388 1317 mihi
1418 1277 1462 1317 id
1499 1277 1578 1317 sal·

124 1370 222 1398 sum
243 1356 438 1396 videtur:
469 1367 569 1394 nam
590 1358 658 1393 est
678 1351 753 1392 illa
773 1349 1091 1404 percunctatio,
1106 1345 1221 1400 quod
1238 1346 1292 1395 is,
1310 1346 1386 1399 qui
1406 1345 1576 1385 curiose

123 1423 229 1476 quid
249 1423 500 1473 interrogat,
518 1418 795 1474 percunctari
818 1416 903 1457 sit8
927 1422 976 1456 ut
996 1420 1112 1456 recte
1136 1427 1213 1466 per
1232 1426 1259 1453 u
1281 1413 1454 1453 literam
1478 1413 1580 1453 scri-

123 1492 265 1532 batur.
327 1489 559 1541 Perfugam
591 1486 748 1528 Gallus
771 1484 915 1524 AElius
946 1480 1019 1531 ait,
1041 1482 1116 1535 qui
1149 1481 1271 1529 liber,
1302 1484 1380 1520 aut
1410 1493 1578 1528 servus,

125 1562 200 1600 aut
218 1558 358 1598 hostis
380 1557 451 1596 sui
468 1561 485 1587 9
515 1555 741 1596 voluntate
771 1552 826 1593 ad
847 1551 996 1591 hostes
1027 1548 1257 1598 transierit,
1281 1547 1355 1600 qui
1377 1547 1490 1587 idem
1513 1547 1578 1587 di-

125 1627 236 1667 citur
256 1623 497 1674 transfuga,
516 1634 768 1676 quanquam
792 1623 906 1667 sunt,
924 1617 998 1671 qui
1021 1616 1201 1657 credant
1217 1615 1439 1668 perfugam
1462 1627 1578 1664 esse,

124 1705 210 1734 non
232 1696 319 1733 tam
343 1692 419 1745 qui
441 1690 552 1730 alios
572 1689 727 1741 fugiat,
749 1699 879 1741 quam
901 1686 976 1739 qui
1008 1685 1064 1725 ob
1096 1697 1219 1736 spem
1249 1681 1576 1723 commodorum

126 1760 181 1801 ad
203 1760 452 1813 quempiam
475 1757 706 1811 perfugiat.
767 1753 975 1795 Perfacul
996 1751 1177 1804 antiqui,
1209 1756 1249 1790 et
1277 1763 1354 1803 per
1385 1762 1432 1789 se
1460 1748 1579 1790 facul

126 1827 343 1875 dicebant,
364 1826 484 1879 quod
506 1837 618 1864 nunc
639 1823 768 1864 facile
790 1821 994 1870 dicimus,
1016 1819 1119 1860 inde
1148 1818 1390 1871 permansit
1410 1818 1456 1857 in
1479 1830 1579 1857 con-

128 1894 359 1935 suetudine
380 1892 582 1933 facultas.
643 1888 938 1942 Peremptalia
958 1887 1131 1939 fulgura
1151 1885 1350 1927 Graccus
1364 1890 1397 1908 ¹0
1419 1886 1480 1925 ait
1503 1898 1580 1924 vo-

128 1963 234 2011 cari,
256 1973 355 2014 quae
377 1961 605 2013 superiora
624 1959 810 2010 fulgura,
832 1960 878 1996 ut
892 1961 920 1978 ¹¹
959 1957 1162 2009 portenta
1183 1954 1227 1993 vi
1255 1966 1336 1993 sua
1356 1955 1581 2006 peremant

129 2030 304 2070 duobus
325 2028 481 2076 modis,
504 2026 719 2080 prioribus
740 2022 967 2065 tollendis:
1001 2026 1078 2062 aut
1099 2021 1262 2075 majore
1284 2020 1509 2069 manubia,
1523 2022 1581 2059 ‘ut

128 2097 257 2139 tertia
278 2095 500 2145 secundae,
522 2093 715 2135 secunda
735 2092 888 2145 primae
910 2089 1062 2131 cedat:
1094 2101 1195 2129 nam
1217 2091 1264 2128 ut
1285 2087 1429 2128 omnia
1443 2092 1474 2109 ¹²
1508 2100 1582 2127 suu

129 2169 336 2218 petentur
364 2162 549 2215 fulgure,
581 2162 646 2202 sic
676 2162 809 2201 ictum
839 2158 983 2211 fulgur
1013 2156 1230 2197 manubiis
1264 2155 1394 2195 vinci.
1453 2153 1581 2194 Pere=

130 2232 249 2272 diam
283 2234 326 2271 et
355 2230 569 2271 bibesiam
606 2228 794 2268 Plautus
830 2225 960 2266 finxit
995 2237 1078 2264 sua
1113 2222 1444 2270 consuetudine,
1482 2234 1579 2261 cum

129 2299 314 2351 intelligi
348 2297 483 2337 voluit
513 2295 804 2349 cupiditatem
835 2292 992 2334 edendi
1025 2296 1070 2331 et
1097 2289 1291 2330 bibendi.
1351 2289 1580 2329 Peremere

132 2367 313 2407 Cincius
341 2365 386 2404 in
412 2365 488 2404 lib.
510 2363 564 2404 de
586 2363 731 2403 verbis
763 2360 923 2414 priscis
954 2360 1014 2400 ait
1043 2357 1286 2411 significare
1308 2356 1439 2404 idem,
1461 2355 1580 2408 quod

133 2434 381 2488 prohibere:
413 2435 456 2472 at
476 2431 586 2472 Cato
607 2430 651 2470 in
680 2429 726 2469 li.
758 2429 833 2482 qui
864 2436 932 2468 est
964 2426 1016 2467 de
1046 2440 1090 2466 re
1122 2424 1299 2466 militari
1320 2437 1396 2478 pro
1419 2423 1580 2464 viciare

744 2568 981 2581 eeeeeeeeeeee

181 2689 198 2715 5
225 2684 246 2714 f·
264 2695 331 2715 cum
345 2684 510 2722 factm—6
533 2682 555 2712 f.
572 2683 726 2723 quom—7
753 2682 794 2711 al.
811 2683 931 2713 eoe.—8
958 2679 981 2711 f.
996 2688 1050 2719 per
1067 2682 1190 2709 cunctus
1206 2686 1253 2706 res
1270 2677 1369 2706 ιι.-9
1394 2673 1415 2703 t'.
1429 2676 1582 2703 suin—10

138 2730 161 2759 f.
184 2729 418 2759 Granium—ll
442 2725 465 2757 f.
482 2728 634 2757 aut.—-l2
656 2723 680 2756 f.
697 2725 808 2756 omina,
