1876 3025
627 146 988 179 FRAGMENTUM.
1420 132 1532 174 1115

88 245 330 302 praecipuae
354 245 537 286 habetur
569 244 662 297 [94]
688 241 899 284 Censor-ia
919 241 1122 296 majestas,
1151 243 1263 293 cujus
1283 237 1326 278 in
1353 237 1466 277 libris
1487 237 1535 278 de

88 316 175 356 vita
200 312 253 353 P.
275 312 329 354 R.
359 312 502 353 Varro
524 310 716 366 exempla
735 310 814 350 lma
830 308 1018 365 prtffert:
1053 305 1119 347 M.
1137 304 1307 347 Fulvius
1325 303 1534 352 Nobilior,

90 396 190 424 cum
213 382 276 422 M.
300 380 468 421 AEmilio
494 378 650 434 Lepido
683 378 831 420 Censor
849 377 1011 433 factus,
1033 390 1120 416 cum
1142 374 1178 415 ei
1205 373 1439 415 admodum
1457 371 1536 412 ἰπὶ·

90 451 214 491 micus
252 455 371 489 antea
403 448 610 498 extitisset,
642 446 1004 502 saepequejzcdicia
1025 458 1123 486 cum
1156 456 1205 484 eo
1237 440 1314 482 sibi
1336 439 1535 497 fuissent,

87 517 258 574 publica:
282 517 341 557 rei
372 531 509 566 causa,
545 529 645 569 quae
680 515 724 555 in
754 513 895 568 primis
916 518 1136 568 spectatur,
1167 509 1305 552 statim
1333 522 1376 549 eo
1403 505 1537 547 delato

92 599 255 627 munere
278 585 438 626 homini
463 583 693 624 inimicicias
715 582 894 622 remisit.-
926 579 1033 636 quod
1057 581 1140 635 ejus
1171 577 1298 619 animi
1320 576 1539 632 judicium

92 654 175 694 suit
215 652 363 694 omnib.
396 659 562 707 gratum
594 658 631 691 et
659 650 898 704 probatum.
961 649 1016 689 A.
1045 647 1307 695 Postumius,
1342 645 1400 696 Q.
1434 643 1540 685 Ful-

93 721 182 762 vius
228 720 418 761 Censores
453 718 583 775 fami,
623 717 719 773 quia
753 715 921 757 Fulvius
971 716 1068 756 duos
1092 714 1209 769 filios
1249 714 1458 755 amiserat
1497 711 1540 750 in

96 788 266 844 Illyrico
314 787 547 836 militantes,
594 793 632 827 et
676 792 843 839 propter
876 799 1045 840 gravem
1091 784 1284 824 morbum
1315 780 1541 822 oculorum

93 871 299 898 censuram
339 869 477 911 gerere
510 869 589 895 uon
628 860 809 908 poterat,
846 860 890 893 ut
930 853 1030 893 libri
1069 849 1274 905 Sibyllini
1309 847 1540 896 adirentur,

95 931 236 965 auctor
277 923 403 979 fuit:
453 929 490 963 ec
540 929 587 962 ut
637 921 815 975 publice
860 919 1169 974 supplicaretur
1194 932 1273 972 pro
1311 913 1541 957 valetudine

95 992 264 1047 collegce.
324 991 394 1032 Ti.
425 989 723 1043 Sempronius,
763 1002 851 1028 cum
889 1004 912 1027 α.
948 986 1111 1028 Rutilio
1153 984 1222 1026 Tr.
1249 984 1312 1039 pl.
1348 980 1542 1024 Censorio

750 1149 893 1181 NOTAE

93 1243 244 1269 ‘moerore
280 1242 472 1269 consumtus
522 1238 595 1269 est.'
653 1238 710 1268 De
744 1237 796 1267 Ti.
848 1234 1089 1267 vetustissimis
1106 1230 1356 1273 exemplaribus
1374 1229 1418 1260 sit
1439 1229 1546 1259 inam

100 1289 257 1320 Graccho
269 1294 303 1319 et
321 1289 358 1320 C.
374 1288 516 1320 Claudio
531 1288 578 1319 ita
589 1287 794 1318 scribitVal.

99 1339 268 1369 Maximus
286 1339 343 1370 lib.
370 1348 419 1370 vr.
435 1349 510 1379 cap.
526 1343 557 1369 5.
600 1342 608 1356 ‘
624 1339 726 1369 Diem
744 1338 793 1368 his

100 1389 141 1420 P.
158 1389 306 1420 Rutilius
322 1389 413 1420 Trib.
427 1390 471 1430 pl.
495 1389 737 1430 perduellionis
752 1389 795 1419 ad

102 1440 262 1480 populum
280 1439 390 1471 dixit!
416 1445 510 1481 post:
539 1445 626 1481 ‘quo
654 1440 686 1470 in
710 1439 799 1480 judi-

100 1492 152 1523 cio
177 1492 294 1532 primae
311 1493 428 1523 classis
444 1493 620 1532 permultae
637 1493 800 1523 centuriae

102 1548 220 1582 aperte
233 1542 411 1575 Claudium
425 1541 654 1574 damnabant!
678 1543 801 1573 Cicero

100 1593 159 1624 lib.
185 1602 234 1623 vt.
264 1593 306 1624 de
330 1594 415 1633 Rep.
448 1595 456 1609 ‘
475 1592 609 1624 Claudii
641 1591 799 1623 invidiam

103 1643 248 1675 Gracchi
274 1644 398 1674 caritas
423 1641 695 1684 deprecabatur)
740 1643 800 1673 Vi-

103 1694 234 1725 dendus
254 1693 406 1734 Agellius
423 1694 478 1724 lib.
496 1703 547 1724 vr.
588 1694 639 1724 De
656 1694 694 1724 L.
712 1693 799 1723 Pau-

102 1746 135 1775 lo
152 1749 187 1775 et
201 1745 242 1777 Q.
259 1745 419 1784 Philippo
456 1745 568 1775 Livius
593 1744 626 1774 in
651 1743 801 1784 epitoma

103 1795 162 1827 lib.
187 1804 285 1827 XLVI.
313 1800 347 1826 et
384 1795 587 1826 Plutarchus
621 1795 653 1824 iu
694 1794 801 1825 Paulo

104 1848 345 1885 meminerunt,
363 1847 538 1886 traduntq.
564 1846 622 1876 hos
644 1854 802 1876 censores

104 1898 139 1929 in
180 1897 397 1929 recensendis
442 1896 610 1937 equitibus
642 1895 802 1927 Romanis

106 1953 177 1979 tres
195 1958 213 1979 e
245 1948 370 1979 Senatu
386 1947 526 1979 movisse
542 1958 550 1985 ;
575 1946 800 1988 Paulumque,

107 2009 250 2030 censura
277 2009 399 2039 magna
423 2008 465 2029 ex
497 2003 594 2038 parte
621 2002 729 2038 gesta,
767 1997 800 2027 in

109 2049 263 2081 morbum
290 2049 461 2080 incidisse.
507 2049 562 2079 De
588 2049 637 2079 M.
653 2047 801 2088 Popillio

111 2106 146 2133 et
172 2101 214 2132 P.
242 2100 400 2141 Scipione
438 2098 591 2130 meminit
615 2098 705 2129 Plin.
743 2097 801 2129 lib.

109 2160 235 2183 xxxxv.
259 2151 392 2192 Idemq.
407 2151 466 2182 lib.
483 2159 574 2181 xvn.
589 2159 664 2190 cap.
680 2152 733 2181 26.
754 2149 803 2180 in-

110 2203 203 2244 quit:
241 2202 380 2233 ‘Romae
412 2202 444 2231 in
484 2201 654 2242 Capitolio
684 2201 718 2231 in
749 2210 806 2231 ara

109 2253 204 2286 Jovis
231 2253 319 2284 bello
338 2252 458 2283 Persei
476 2256 577 2282 enata
601 2251 711 2291 palma
739 2251 806 2282 vic-

111 2303 232 2335 toriam
270 2303 488 2343 triumpliosq.
514 2301 708 2342 portendit:
745 2301 808 2332 hac

111 2358 318 2394 tempestate
349 2357 534 2393 prostrata,
573 2352 693 2383 eodem
731 2352 806 2382 loco

112 2404 196 2435 ficus
214 2409 314 2434 enata
325 2409 375 2434 est
393 2403 441 2433 M.
464 2402 636 2441 Messalae,
657 2401 696 2432 C.
710 2401 806 2432 Cassi

114 2464 289 2486 censorum
308 2455 430 2485 lustro:
460 2463 555 2494 aquo
572 2457 725 2493 tempore
748 2462 808 2492 pu-

114 2507 265 2538 dicitiam
283 2506 476 2537 subversam
498 2505 578 2536 Piso
603 2505 714 2545 gravis
733 2514 808 2535 auc·

115 2562 169 2587 tor
187 2556 358 2597 prodidit,‘
374 2558 437 2587 &c-
461 2565 535 2586 cum
548 2561 660 2586 autem
683 2556 716 2585 in
740 2555 809 2585 vul-

116 2609 202 2649 gatis
220 2607 423 2638 editionibus
451 2607 613 2647 scriptum
631 2607 687 2645 sit,
709 2606 742 2637 in
758 2615 807 2636 ca-

114 2658 239 2700 pitebz’s,
251 2668 310 2689 uos
321 2657 586 2697 emendavimus,
596 2657 629 2687 in
641 2667 695 2687 ara
708 2656 811 2695 Jovis,

118 2710 206 2751 quod
235 2710 267 2741 in
294 2710 379 2741 libro
405 2708 494 2750 apud
511 2718 570 2751 ,me
593 2707 716 2739 collato
733 2716 809 2738 cum

849 1286 950 1324 Jobi3‚
979 1289 1016 1316 et
1044 1285 1136 1315 Festi
1180 1282 1406 1322 fragmentum
1444 1277 1548 1309 habet

850 1339 949 1378 plane
964 1337 997 1367 z'n
1013 1346 1070 1367 ara
1082 1359 1089 1366 .
1107 1358 1115 1367 .
1127 1358 1135 1366 .
1152 1357 1159 1365 .
1177 1344 1242 1375 quo
1254 1342 1336 1364 sane
1353 1329 1547 1363 testimonio

851 1388 990 1420 mirifice
1006 1387 1251 1428 comprobatur
1267 1382 1459 1416 emendatio
1473 1390 1548 1411 nos-

854 1445 919 1472 tra.
965 1441 1019 1471 De
1050 1439 1088 1469 L.
1116 1437 1261 1468 Lentulo
1286 1439 1322 1466 et
1347 1435 1385 1465 L.
1416 1430 1549 1464 Marcio

855 1489 1024 1522 censorib.
1054 1489 1102 1519 ita
1127 1488 1202 1518 Val.
1234 1485 1404 1517 Maximus
1433 1481 1550 1513 scribit

857 1541 918 1572 lib.
935 1549 970 1571 v.
994 1544 1001 1557 ‘
1016 1540 1054 1570 L.
1082 1537 1246 1568 Lentulus
1263 1533 1464 1571 consularis,
1476 1532 1551 1571 lege

858 1590 995 1623 Caecilia
1023 1587 1289 1629 repetundarum
1324 1583 1465 1616 crimine
1492 1591 1552 1622 op-

855 1651 1003 1683 pressus,
1035 1641 1166 1671 Censor
1192 1647 1268 1669 cum
1296 1637 1335 1668 L.
1364 1632 1550 1666 Censorino

855 1696 991 1723 creatus
1008 1689 1085 1722 est.¹
1131 1689 1187 1719 De
1201 1688 1240 1719 L.
1269 1685 1443 1723 Africano,
1459 1687 1493 1714 et
1509 1683 1550 1715 L.

856 1741 1021 1775 Mummio
1046 1739 1200 1772 meminit
1213 1737 1333 1770 Cicero
1353 1735 1411 1767 lib.
1441 1743 1481 1766 ιι.
1510 1733 1552 1764 de

857 1800 1008 1833 oratore,
1046 1792 1077 1823 in
1107 1800 1171 1832 quo
1206 1788 1340 1826 scribit,
1385 1787 1394 1803 ‘
1410 1783 1552 1817 Claudio

857 1845 974 1876 Asello
1002 1852 1125 1885 equum
1149 1852 1168 1871 a
1194 1840 1236 1871 P.
1261 1837 1419 1878 Scipione
1448 1834 1552 1866 fuisse

859 1895 1044 1931 ademtum,
1065 1901 1178 1932 eumq.
1195 1890 1228 1921 iu
1243 1887 1378 1920 aerarios
1395 1887 1554 1921 relatum,

856 1946 915 1977 sed
934 1956 952 1976 a
969 1946 1007 1976 L.
1023 1942 1188 1975 Mummio
1219 1939 1335 1971 statim
1360 1947 1403 1968 ex
1424 1935 1554 1968 aerariis

856 2001 1026 2028 exemtum
1041 1993 1063 2026 :’
1101 1993 1195 2033 cujus
1207 1990 1342 2032 quidem
1360 1986 1504 2020 Mummi
1521 1986 1554 2017 in

856 2046 986 2088 agendo
1000 2044 1178 2085 segnitiem
1196 2044 1292 2072 notat
1307 2038 1511 2071 Plutarchus
1524 2036 1557 2067 in

858 2096 1032 2138 Apoplith.
1050 2096 1092 2127 Q.
1120 2092 1319 2131 Nobilior-is,
1349 2096 1383 2121 et
1399 2090 1439 2120 T.
1457 2086 1557 2118 Lusci

859 2157 1009 2180 censurae
1023 2146 1116 2176 nulla
1133 2148 1226 2174 extat
1240 2141 1401 2173 memoria
1413 2140 1444 2170 in
1462 2143 1556 2170 vete·

861 2198 926 2230 rib.
944 2194 1195 2228 monumentis:
1221 2202 1263 2223 ex
1288 2190 1478 2231 fragmento
1508 2192 1558 2219 ta-

862 2258 936 2279 men
956 2246 1161 2288 Capitolino‚
1177 2249 1212 2274 et
1227 2244 1289 2274 hoc
1306 2241 1558 2276 Festi‚coustat

863 2306 1037 2330 censorem
1063 2295 1167 2326 fuisse
1185 2294 1226 2326 Q.
1246 2292 1454 2324 Nobiliorem
1471 2300 1479 2327 3
1504 2289 1557 2320 cui

861 2350 990 2389 collega
1008 2345 1209 2388 quaereudus
1226 2353 1301 2374 cum
1327 2342 1381 2377 sit,
1407 2345 1560 2371 extrema

862 2401 919 2431 illa
935 2397 1143 2438 cognominis
1166 2394 1294 2435 syllaba
1305 2413 1402 2423 .....
1418 2391 1459 2429 ci,
1475 2389 1559 2420 indi-

863 2455 917 2482 cat
927 2450 967 2480 T.
983 2448 1129 2479 Aunium
1141 2446 1297 2482 Luscum,
1312 2443 1368 2483 qui
1383 2451 1452 2472 cos.
1466 2449 1559 2471 crea-

864 2506 919 2531 tur
945 2508 1032 2530 auno
1058 2504 1193 2527 Dcxxv.
1218 2503 1292 2525 cum
1311 2493 1353 2524 Q.
1379 2491 1556 2522 Nobiliore

865 2559 1040 2582 censuram
1082 2546 1231 2587 gessisse.
1275 2544 1330 2573 De
1354 2543 1397 2574 Q.
1421 2540 1556 2572 Metelli

864 2598 1078 2633 Macedonici
1108 2605 1142 2628 et
1173 2596 1216 2628 Q.
1244 2592 1388 2632 Pompei
1417 2600 1558 2622 censura

864 2650 1027 2684 videndus
1044 2648 1176 2680 Plinius
1189 2644 1301 2677 librov
1321 2652 1360 2674 11.
1375 2650 1452 2682 cap.
1465 2643 1516 2672 43.
