1876 3025
325 434 586 512 SEX.
658 430 1225 508 POMPEII
1298 426 1645 505 FESTI

953 632 1016 662 DE

260 791 818 852 VERBORUM
894 785 1718 852 SIGNIFICATIONE

796 982 863 1031 LI
871 982 1015 1032 BER
1071 982 1194 1031 XV.

259 1312 640 1372 QUADRANTAL
662 1336 676 1351 Β
719 1330 942 1370 vocabant
990 1329 1174 1382 antiqui,
1225 1340 1357 1381 quam
1407 1340 1465 1368 ex
1534 1325 1713 1381 [PAUL.

318 1396 480 1438 Graeco
505 1399 679 1451 ἁμφορὰν
714 1396 880 1447 dicunt,
910 1396 1031 1450 quod
1054 1409 1132 1437 vas
1169 1395 1294 1450 pedis
1317 1395 1518 1449 quadrati
1549 1397 1647 1436 octo
1670 1398 1716 1434 et

316 1463 604 1519 quadraginta
645 1464 768 1518 capit
810 1464 1048 1505 sextarios.

1111 1463 1294 1504 Plautus
1334 1463 1379 1503 in
1422 1462 1717 1504 Curculione:

316 1533 444 1574 Anus
485 1533 581 1574 haec
624 1533 742 1574 sitit:
775 1532 1036 1586 quantillum
1080 1531 1218 1573 sitit?
1264 1531 1442 1573 modica
1477 1536 1558 1580 est,
1595 1529 1718 1582 capit

315 1599 605 1650 Quadrantal.

669 1600 725 1641 Et
764 1599 878 1640 Cato
919 1604 1072 1640 contra
1114 1599 1341 1653 Oppium:
1392 1599 1558 1640 Vinum
1593 1597 1716 1639 rede·

313 1668 450 1718 misti,
471 1667 640 1721 praedia
670 1680 750 1721 pro
775 1667 863 1708 vini
884 1667 1198 1721 quadrantibus
1217 1673 1227 1691 ¹
1251 1668 1484 1722 sexaginta
1507 1667 1549 1708 in
1570 1665 1717 1720 publi·

319 1748 420 1776 cum
440 1739 456 1758 2
479 1735 657 1785 dedisti,
680 1736 829 1776 vinum
851 1747 937 1775 non
958 1734 1133 1776 dedisti.

260 1802 495 1853 Quadrata
511 1802 526 1825 ¹³
547 1803 692 1844 Roma
706 1803 750 1844 in
767 1802 944 1843 Palatio
962 1806 1061 1843 ante
1077 1802 1295 1857 templum
1308 1801 1532 1856 Apollinis
1554 1800 1716 1851 [FEST.

870 1900 1105 1912 ‘eumn

305 1958 319 1985 l
345 1955 408 1986 Ed.
425 1955 510 1988 Scal.
528 1955 852 1995 quadrantilibus.—2
878 1955 960 1986 Vet.
974 1955 1050 1987 cod.
1069 1956 1101 1986 in
1114 1956 1202 1996 pulli.

924 2029 1065 2061 NOTAE

301 2100 313 2114 ³
341 2095 553 2136 Quadrantal]
588 2095 671 2127 Vide
688 2095 697 2111 ¹
718 2095 864 2126 Publica
882 2104 962 2136 pon-

264 2144 368 2176 dera.'
392 2146 470 2177 Ant.
484 2145 570 2186 Aug.

307 2196 521 2236 Quadrantal]
567 2197 638 2227 Vas
676 2196 766 2237 quod
804 2195 964 2236 capiebat

263 2256 362 2277 urnas
381 2247 479 2285 duas,
495 2247 722 2288 quadraginta
737 2252 772 2277 et
785 2252 862 2277 octo
888 2256 963 2277 sex-

263 2298 388 2328 tarios:
412 2298 475 2328 hoc.
503 2302 569 2337 est,
590 2297 726 2337 congios
751 2299 782 2327 8.
814 2297 964 2327 heminas

264 2351 338 2379 116.
373 2348 460 2378 Vide
478 2348 686 2379 Maecianum
706 2346 747 2378 de
766 2356 850 2378 asse.
876 2347 966 2379 Qua-

264 2399 399 2429 drantal
415 2399 592 2438 octoginta
610 2397 735 2438 pondo,
764 2406 885 2437 nempe
909 2406 965 2427 oc-

266 2449 400 2489 togiuta
416 2448 588 2489 pendebat
615 2459 710 2488 aquae
738 2447 863 2478 libras:
890 2457 966 2478 cou-

267 2501 340 2540 gius
357 2500 488 2531 decem.
533 2499 620 2530 Vide
645 2499 654 2515 ‘
673 2498 810 2539 publica
839 2497 967 2538 ponde·

266 2552 326 2582 x·a.'
372 2551 584 2583 Quadrantal
603 2550 763 2590 ampliora
779 2549 879 2579 etiam
896 2547 967 2578 dic-

267 2608 350 2641 tum,
365 2601 422 2632 sed
440 2601 598 2641 amphora
612 2601 759 2631 Romana
776 2600 965 2638 intelligen-

266 2653 309 2682 da
321 2656 384 2687 ost,
394 2653 459 2683 alia
473 2652 560 2682 euim
575 2656 647 2681 erat
659 2651 832 2691 ampliora,
846 2659 966 2689 nempe

268 2703 400 2741 Attica,
417 2712 492 2743 quae
508 2712 606 2732 urnas
628 2708 710 2741 treS,
727 2701 865 2741 congios
888 2701 965 2731 duo-

1016 2095 1140 2133 decim,
1184 2095 1350 2125 sextarios
1380 2092 1599 2134 septuaginta
1634 2091 1717 2123 duos

1016 2146 1188 2186 capiebat.
1234 2145 1412 2176 Sextarius
1430 2148 1542 2175 autem
1565 2142 1719 2173 continet

1017 2196 1135 2227 libram
1154 2205 1228 2226 cum
1247 2195 1398 2234 dimidia,
1425 2195 1486 2224 hoc
1514 2198 1575 2227 est,
1601 2193 1717 2223 uncias

1018 2246 1223 2278 octodecim.
1266 2245 1479 2281 Quadrantale
1509 2249 1635 2281 autem,
1667 2244 1717 2274 vel

1018 2298 1213 2338 quadrantal,
1245 2307 1263 2327 a
1292 2295 1458 2337 quadrata
1473 2294 1582 2335 figura
1596 2303 1716 2324 nomen

1020 2349 1136 2380 traxit.
1179 2348 1247 2379 Sed
1277 2347 1380 2378 verba
1398 2346 1490 2377 Festi
1508 2346 1556 2376 sic
1574 2346 1717 2385 legenda

1019 2408 1060 2429 ex
1092 2404 1160 2430 vet.
1187 2398 1246 2429 lib.
1270 2398 1402 2429 notavit
1427 2396 1566 2427 doctiss.
1589 2395 1718 2425 Salma-

1018 2449 1110 2479 sius:
1137 2448 1333 2483 Quadrantal
1344 2446 1490 2477 vocabant
1513 2444 1633 2484 antiqui
1655 2455 1719 2474 ιιηι·

1018 2499 1157 2538 phoram.
1205 2497 1294 2532 Quod
1317 2507 1371 2528 vas
1389 2497 1477 2536 pedis
1492 2496 1635 2535 quadrati
1652 2498 1718 2525 octo

1020 2553 1049 2579 et
1066 2548 1272 2588 quadraginta
1288 2549 1389 2587 capiat
1405 2546 1570 2577 sextarios.
1597 2546 1679 2576 Dac.

1062 2597 1075 2617 ὓ
1107 2597 1287 2637 Quadrata]
1322 2597 1459 2636 Dionys.
1492 2596 1547 2626 lib.
1584 2605 1605 2626 ¹.
1638 2595 1717 2624 Plu-

1021 2648 1178 2679 ta1·cli.in
1198 2647 1344 2684 Romuli,
1358 2647 1462 2677 Soliu.
1484 2655 1560 2685 cap.
1579 2648 1608 2676 2.
1650 2644 1716 2674 Ro-

1022 2707 1107 2728 mam
1126 2707 1143 2727 a
1161 2696 1304 2728 Romulo
1321 2695 1519 2737 quadratam
1546 2693 1715 2726 conditam
