1876 3025
251 174 362 218 1218

250 286 365 313 vetere
384 277 503 320 poeta:
529 276 701 310 sciendum
715 279 827 307 autem
841 275 947 307 Vete-

251 342 305 363 res
323 330 386 361 illis
412 331 444 361 iu
468 329 551 360 locis
577 327 692 359 solitos
716 336 791 358 esse
818 325 948 366 potissi-

251 392 341 414 mum
378 379 612 412 necromantia
648 378 710 416 uti,
743 376 833 417 quod
871 376 949 406 inde

251 432 394 464 excitari
425 431 551 461 animas
592 428 790 459 Acherunte
822 431 858 458 et
885 426 950 456 hue

252 483 363 514 redire
377 481 581 513 crederent:
607 478 665 510 sed
683 482 718 509 et
734 478 766 508 in
780 477 860 508 locis
875 486 950 517 pes-

251 531 426 564 tilentibus
448 531 569 561 ostium
587 537 661 559 esse
677 527 762 559 Orci
778 526 949 557 dicebant.

251 584 394 614 Plautus
410 593 417 612 :
441 584 450 598 ‘
464 579 669 612 Acherontis
686 579 807 610 ostium
823 577 855 608 in
874 586 949 607 nos·

250 639 304 663 tro
321 638 372 663 est
389 630 490 671 agro!
517 629 695 660 Lucretius
711 638 719 658 t
734 629 743 645 ‘
757 627 868 660 Jamia
886 635 949 657 nec

252 684 361 724 puteis
379 682 449 713 orci
465 680 657 722 regionibus
674 679 739 710 illis
760 676 949 709 Credatur.'

251 733 430 764 dicebatur
453 736 488 762 et
514 730 658 761 manium
685 728 800 770 postis.
833 728 949 758 Turne-

251 784 305 814 bus
321 783 375 813 lib.
393 790 473 812 xix.
490 791 556 820 cup.
574 782 626 811 24.

294 834 385 864 PAG.
402 835 478 863 395.
502 829 660 871 Mupalia]
696 830 794 859 Casas
811 827 950 858 Punicas

251 884 400 923 explicat
416 883 549 920 Festus,
572 881 604 911 iu
627 880 757 921 quibus,
774 878 853 919 quia
868 878 949 908 nihil

251 940 303 965 est
334 933 472 971 secreti,
499 932 584 962 solet
618 930 726 960 solute
756 928 948 959 viventibus

251 983 351 1024 objici
384 983 446 1013 hoc
477 980 700 1012 vocabulum:
746 979 818 1009 haec
847 977 950 1008 verba

252 1034 343 1065 Festi
362 1042 483 1073 niagno
502 1036 643 1073 possunt
669 1039 743 1060 esse
766 1028 890 1059 auxilio
908 1027 947 1058 ad

249 1086 495 1125 explanandum
525 1083 666 1113 Senecae
694 1082 817 1120 locum,
841 1079 950 1110 adhuc

252 1136 380 1167 Latinis
398 1134 586 1166 homiuibus
602 1132 803 1164 obscurum:
826 1131 835 1147 ‘
852 1129 949 1171 Ego,'

251 1188 372 1228 inquit,
397 1187 405 1203 ‘
423 1186 459 1217 P.
475 1185 513 1216 C.
531 1185 742 1223 interrogare
763 1181 857 1212 vobis
875 1191 949 1221 per-

250 1239 420 1276 miseram,
438 1248 494 1268 vos
511 1246 603 1267 mera
620 1235 764 1275 mapalia
781 1233 913 1265 fecistis
929 1238 948 1264 :’

251 1289 341 1328 quod
366 1293 440 1318 est:
476 1296 530 1317 ros
556 1285 708 1316 dissoluti
734 1284 845 1315 fuistis
871 1289 906 1315 et
931 1293 950 1314 a

251 1338 409 1369 doctrina
436 1337 637 1371 recessistis,
662 1334 899 1374 inconditoque
915 1338 950 1364 et

250 1390 452 1429 perturbate
466 1388 577 1418 omnia
590 1385 730 1417 fecistis.
744 1385 880 1423 magalia
894 1394 949 1415 au-

251 1446 319 1471 tem
348 1444 382 1470 et
410 1439 544 1478 vmpulia
569 1436 709 1476 antiqua
734 1434 950 1466 vocabularia

251 1489 391 1525 καλύβας
404 1490 684 1528 interpretantur.
703 1485 833 1517 1d.ibid.
844 1487 950 1525 cap-4.

300 1541 389 1570 l'Ac..
407 1542 481 1570 407.
507 1535 727 1576 Mefancilum]
751 1536 807 1566 Sic
824 1535 856 1565 in
869 1534 951 1566 Gel-

252 1591 298 1621 lio
317 1590 493 1630 legendum
518 1597 655 1626 censeo,
671 1586 871 1627 Mesancyla:
905 1586 952 1616 ita

253 1642 339 1672 enim
360 1651 377 1670 a
395 1638 646 1679 Graecisjacula
665 1642 839 1676 vocantur,
853 1646 894 1667 ex
910 1645 951 1666 eo

250 1694 434 1733 appellata,
447 1691 534 1732 quod
548 1692 580 1721 in
593 1690 704 1721 medio
716 1689 826 1720 hastili
839 1698 952 1720 amen-

252 1750 321 1776 tum
340 1744 499 1780 habeant,
522 1741 611 1782 quod
639 1740 777 1771 verbum
799 1741 899 1772 etiam
917 1740 949 1770 iu

252 1795 415 1833 Pompeio
429 1793 652 1832 depravatum
666 1796 737 1821 est:
763 1791 795 1821 in
809 1799 849 1821 eo
862 1790 953 1821 enim

251 1845 445 1882 mejhncilum
470 1843 604 1882 legitur,
640 1842 953 1881 interpretaturque

252 1904 356 1934 genus
372 1894 429 1924 teli
447 1892 591 1923 missilis.
617 1891 704 1921 Idem
729 1891 783 1922 lib.
798 1900 873 1922 xnt.
888 1901 954 1930 cap.

252 1947 304 1975 31.

296 1994 387 2025 PAG.
405 1997 477 2024 423.
499 1993 630 2033 Moenz'a]
660 1991 868 2022 Ner-volaria.-
891 2000 950 2020 ex—

253 2048 345 2074 stant
368 2044 438 2074 haec
458 2044 488 2073 iu
511 2043 627 2073 Sticho
655 2042 835 2072 Plautina:
868 2041 955 2071 Idem

252 2094 304 2124 lib.
318 2102 477 2132 xix.c‹1p.
498 2096 548 2123 14.

296 2144 387 2174 PAG.
420 2146 494 2172 424.
543 2139 740 2179 llIolleslras]
782 2141 954 2171 Mollestrae

253 2197 340 2223 erant
370 2194 479 2232 pelles:
525 2193 571 2221 sic
603 2192 714 2222 Latini
754 2190 952 2221 vocabulum

254 2244 411 2274 Graecnm
439 2243 680 2282 depravarunt,
711 2247 745 2271 et
776 2251 793 2271 e
823 2241 953 2278 μηλωτὴ

252 2296 438 2325 molles-tram
480 2294 740 2333 interpolaruut.
786 2291 873 2322 Idem
899 2292 953 2322 lib.

254 2355 310 2376 ln.
328 2356 391 2385 cup.
413 2347 461 2375 11.
476 2350 507 2374 et
526 2344 578 2374 lib.
599 2352 678 2374 xix.
695 2353 760 2382 cap.
777 2344 831 2373 24.

297 2396 387 2425 PAG.
400 2397 472 2425 430.
492 2391 639 2431 malleos]
660 2392 804 2422 Mulleos
820 2391 953 2422 calceos

254 2454 369 2484 regum
389 2444 611 2480 Albanorum,
639 2442 762 2485 deiude
794 2442 952 2481 patricio-

255 2506 339 2536 rum,
357 2495 460 2526 fuisse
477 2494 570 2529 dicit,
590 2503 671 2534 quos
688 2504 704 2524 a
720 2493 903 2531 mullando,
919 2493 952 2523 id

255 2550 318 2582 est,
342 2544 481 2579 suendo,
498 2544 688 2584 appellatos
714 2542 844 2574 refert:
873 2541 952 2582 quid

256 2600 367 2626 tamen
395 2596 420 2625 si
447 2594 557 2625 vocati
585 2600 662 2623 sunt
690 2604 709 2624 a
735 2593 825 2623 mulli
853 2593 954 2622 rubro

256 2646 379 2682 colore,
394 2654 468 2675 cum
480 2643 639 2684 purpurei
653 2644 789 2674 esseut?
813 2643 844 2673 id
862 2642 954 2682 equi-

257 2695 333 2724 dem
365 2695 476 2724 verius
509 2698 636 2733 putem,
667 2698 701 2724 et
742 2693 783 2723 ab
821 2692 953 2722 Isidoro

256 2744 420 2786 scriptum
438 2747 502 2784 est,
520 2744 574 2774 cui
596 2741 689 2774 favet
716 2744 796 2782 Dio,
818 2743 873 2783 qui
897 2751 951 2772 ru-

705 181 846 213 NOTAE
880 178 1143 210 VARIORUM
1180 175 1232 207 IN

998 273 1077 304 bros
1093 272 1226 304 calceos
1245 273 1363 301 vocat:
1387 279 1463 301 narn
1481 268 1523 300 de
1543 269 1580 299 iis
1597 268 1643 299 sic
1661 267 1693 298 in

997 324 1090 356 Julio
1108 322 1243 353 scribit:
1261 322 1346 361 τῇτε
1357 320 1418 360 γὰρ
1431 320 1533 357 ἐσθῆτι
1543 317 1693 357 χαυνοτέ-

996 387 1034 416 pqr
1046 377 1081 406 ἐν
1093 376 1189 405 πᾶσιν
1203 372 1399 413 ἐνηβρύνετο,
1414 371 1463 402 καὶ
1479 373 1520 412 τῇ
1536 369 1690 401 ὑποδέσει·

998 426 1047 457 καὶ
1063 426 1141 465 μετὰ
1154 426 1254 456 ταῦτα.
1269 424 1366 455 ἐνίοτε
1379 423 1428 454 καὶ
1441 424 1546 464 ὑψηλῇ
1560 421 1609 453 καὶ
1622 423 1691 461 ἐρυ-

999 476 1147 518 θροχρόῳ,
1173 476 1253 508 κατὰ
1265 475 1337 507 τοὺς
1353 474 1502 511 βασιλέας
1517 474 1588 505 τοὺς
1603 474 1637 504 ἐν
1653 472 1694 513 τῇ

997 528 1099 569 Ἀλβῇ
1113 526 1190 558 ποτὲ
1203 527 1400 566 γενομένους,
1416 525 1454 556 ὡς
1467 524 1515 556 καὶ
1531 522 1695 564 προσήκων

999 578 1089 616 σφίσι
1105 578 1153 609 διὰ
1167 578 1223 608 τὸν
1235 576 1367 608 Ἰούλιον
1382 577 1509 616 ἐχρῆτο.
1545 575 1611 605 Hic
1629 574 1698 605 Dio

1000 641 1115 672 regum
1130 631 1335 662 Albanorum
1348 629 1480 660 calceos
1489 626 1590 658 fuisse
1603 625 1700 666 dicit,

1000 686 1219 721 gestatosque
1237 690 1255 710 a
1272 680 1418 717 Caesare,
1433 677 1521 719 quod
1540 677 1581 707 ad
1597 675 1699 706 Alba-

1000 740 1116 761 uornm
1142 740 1254 770 regum
1278 738 1383 769 genus
1405 733 1547 758 stemma
1562 725 1700 756 familiae

999 792 1060 824 per
1077 783 1186 813 Iulum
1204 779 1364 812 referret.
1410 779 1419 795 ‘
1434 779 1500 811 Qui
1524 778 1701 817 magistra-

1000 838 1069 865 tum
1095 832 1245 863 curulem
1271 829 1447 871 cepisset‚'
1466 829 1575 869 inquit
1599 827 1700 864 Cato,

1000 890 1009 902 ‘
1022 884 1156 914 calceos
1175 881 1314 913 mulleos
1334 879 1556 911 alutacinatos
1579 878 1700 917 gessis-

1000 943 1047 970 se,
1087 938 1222 964 ceteros
1268 928 1436 971 perones.¹
1483 928 1701 959 Alutacinatos

999 988 1112 1015 autem
1142 981 1357 1023 participium
1389 979 1506 1010 fictum
1537 988 1554 1007 a
1585 977 1699 1017 verbo,

999 1033 1087 1075 qnod
1115 1032 1148 1063 in
1178 1041 1235 1063 usu
1258 1041 1323 1062 non
1347 1030 1402 1070 sit,
1422 1029 1567 1060 formato
1584 1027 1625 1058 ab
1642 1028 1699 1057 ad-

994 1084 1124 1124 jectivo
1141 1083 1333 1113 alntacz'num
1349 1080 1525 1111 existimo:
1552 1083 1586 1108 nt
1610 1076 1699 1107 enim

1000 1134 1125 1165 dicitur
1154 1133 1194 1163 ah
1216 1142 1323 1167 uncus,
1350 1130 1491 1168 uncinus,
1517 1128 1702 1159 uncinatus:

1000 1184 1116 1225 quidni
1134 1184 1175 1214 ab
1199 1185 1296 1220 alum,
1319 1181 1503 1219 alutae-inus,
1523 1178 1696 1210 alntacina-

999 1237 1060 1270 tus,
1086 1233 1238 1264 dicetur?
1273 1232 1417 1272 denique
1439 1235 1476 1260 ut
1492 1229 1501 1245 ‘
1515 1227 1613 1266 a1b0‚’
1629 1228 1637 1244 ‘
1654 1228 1700 1258 al-

1000 1283 1123 1323 batus,’
1141 1288 1148 1300 ‘
1162 1281 1340 1320 sordido‚'‘
1356 1279 1571 1317 sordidatus,’
1582 1280 1591 1296 ‘
1605 1281 1702 1313 ater,’

998 1337 1007 1351 ‘
1019 1339 1148 1366 atratus
1165 1333 1185 1362 :’
1208 1334 1343 1364 ulutatus
1360 1332 1416 1362 alii
1433 1334 1574 1362 censent
1588 1338 1701 1360 emen-

1000 1385 1158 1415 dandum.
1177 1384 1262 1414 Idem
1279 1383 1332 1413 lib.
1351 1390 1429 1413 mx.
1444 1391 1510 1421 cup.
1526 1383 1578 1410 24.

1044 1434 1193 1474 Mulleos]
1220 1433 1308 1465 Quia
1325 1433 1456 1463 luunlos
1479 1432 1552 1461 illos
1570 1429 1625 1470 qui
1642 1438 1700 1460 no-

1001 1483 1134 1514 bilitate
1158 1484 1246 1522 apud
1278 1484 1443 1514 Romanos
1470 1486 1634 1522 praestare
1653 1479 1700 1510 vi-

1001 1535 1169 1565 debantur
1187 1535 1218 1564 in
1244 1533 1365 1564 calceis
1393 1533 1510 1563 tulisse
1534 1530 1639 1561 refert
1668 1530 1702 1560 in

1002 1584 1272 1625 problematibus
1322 1582 1536 1619 Plutarchus,
1574 1580 1701 1611 ideirco

1002 1636 1139 1666 dubium
1159 1644 1223 1665 nou
1244 1633 1388 1673 videtur,
1413 1633 1491 1674 qnin
1518 1631 1700 1662 Tertullia—

1003 1696 1062 1716 nus
1081 1695 1141 1726 per
1159 1685 1345 1720 malleolos,
1361 1684 1493 1714 calceos
1517 1681 1700 1720 lunulatos,

1002 1741 1034 1767 et
1054 1746 1114 1776 per
1137 1745 1250 1776 puros,
1273 1744 1329 1766 eos
1347 1734 1403 1774 qui
1429 1743 1469 1764 ex
1497 1742 1582 1772 puro
1608 1731 1703 1761 corio

1003 1787 1073 1817 sine
1092 1785 1214 1817 lunulis
1236 1785 1317 1815 facti
1342 1789 1453 1818 erant,
1476 1783 1532 1823 qui
1556 1789 1701 1821 perones

1003 1837 1231 1877 appellantur,
1271 1833 1501 1865 intellexerit:
1542 1831 1593 1862 vel
1623 1830 1702 1860 hinc

1005 1887 1224 1927 potissimum,
1249 1884 1337 1926 quod
1362 1883 1493 1914 mulleis
1518 1890 1615 1921 reges
1644 1879 1703 1910 ΑΙ-

1004 1940 1163 1970 banornm
1202 1937 1339 1978 primOS,
1376 1935 1499 1966 deinde
1539 1932 1702 1973 patricios

1003 1998 1080 2020 usos
1111 1982 1185 2018 esse
1217 1986 1395 2026 scripserit
1418 1984 1561 2021 chtus3
1592 1992 1700 2022 eoque

1003 2048 1101 2070 sensu
1120 2038 1251 2068 calceos
1270 2036 1431 2076 patricios
1446 2044 1519 2064 esse
1532 2033 1701 2073 accipien-

1003 2089 1064 2120 dos
1083 2093 1164 2128 puto
1188 2088 1220 2117 in
1239 2088 1298 2116 hac
1320 2084 1561 2124 inscriptione:
1586 2090 1700 2113 AEmm

1004 2146 1160 2169 110N0Ri.
1187 2145 1242 2167 ΕΤ.
1271 2143 1432 2165 vtRTle.
1455 2142 1567 2166 FECt'r.
1588 2139 1700 2163 VESTE

1002 2194 1252 2218 TmVMPHALt.
1290 2192 1443 2215 CALCEtS.
1477 2190 1702 2214 PATfflcinvs.

1003 2247 1065 2268 nec
1081 2246 1160 2268 sane
1179 2236 1296 2266 iisdem
1321 2235 1370 2264 usi
1387 2239 1464 2264 sunt
1482 2234 1700 2273 magistratus

1004 2287 1146 2319 Romani
1164 2286 1310 2317 calceis:
1346 2294 1385 2315 ex
1405 2285 1444 2314 iis
1462 2284 1548 2315 enim
1567 2283 1702 2323 quidam

1004 2339 1148 2375 mulleis,
1164 2337 1299 2378 quidam
1317 2334 1499 2375 peronibus
1516 2333 1701 2364 indueban-

1005 2394 1077 2420 tur:
1103 2389 1238 2418 curules
1256 2385 1474 2425 magistratus
1496 2383 1636 2414 mulleos
1654 2384 1702 2413 lu-

1003 2438 1150 2474 nulatos,
1184 2436 1290 2466 ceteri
1333 2443 1473 2475 perones
1508 2433 1703 2474 gestabant,

1004 2489 1106 2529 idque
1135 2488 1183 2518 M.
1214 2488 1375 2518 Catonem
1407 2485 1502 2516 testis
1532 2489 1583 2515 est
1612 2483 1703 2514 idem

1004 2541 1124 2571 Festus
1163 2540 1195 2569 in
1234 2538 1397 2578 originum
1435 2537 1521 2567 libro
1556 2535 1701 2576 septimo

1004 2589 1194 2629 scripsisse,
1220 2599 1285 2629 quo
1312 2587 1447 2628 quidem
1475 2587 1505 2616 in
1531 2587 1604 2616 loco
1634 2595 1698 2625 pro

1003 2640 1196 2678 allucinatos,
1221 2644 1277 2670 aut
1297 2640 1444 2675 ulutatus,
1462 2642 1518 2667 aut
1543 2637 1697 2667 lunulatos

1004 2700 1078 2722 esse
1095 2690 1274 2730 legendum
1292 2694 1383 2721 recte
1407 2689 1454 2718 vir
1470 2688 1603 2728 quidam
1620 2696 1697 2717 eru-

1007 2740 1094 2771 ditus
1121 2740 1315 2771 admonuit:
1354 2747 1413 2778 per
1435 2747 1560 2778 perones
1586 2742 1698 2768 antem
