1876 3025
370 431 632 509 SEX.
703 430 979 505 POM
994 427 1268 503 PEII
1340 424 1683 501 FESTI

999 630 1062 660 DE

303 786 638 846 VERBO
652 787 782 846 RU
795 787 869 843 M
944 778 1756 844 SIGNIFICATIONE

709 962 1352 1015 FRAGMENTUM.

306 1299 476 1334 mutum
500 1294 717 1334 dicimus:
751 1297 824 1334 aut
841 1294 959 1348 quod
988 1293 1146 1334 nullius
1178 1293 1284 1334 fiant
1315 1293 1453 1342 vocis,
1477 1305 1575 1333 cum
1606 1292 1651 1331 in
1683 1303 1759 1331 cas

304 1363 455 1402 literas
489 1362 702 1404 incidant.
764 1361 1091 1415 Metaphoram,
1131 1375 1262 1415 quam
1294 1361 1442 1401 Graeci
1472 1365 1648 1408 vocant,
1680 1372 1759 1399 nos

306 1431 599 1479 tralationem,
629 1429 673 1469 id
707 1433 790 1479 est,
813 1430 943 1470 domo
965 1434 1214 1470 mutuatum
1238 1429 1416 1468 verbum
1435 1442 1444 1468 ε
1477 1441 1563 1480 quo
1586 1427 1761 1475 utimur,

306 1497 444 1550 inquit
458 1498 656 1546 Verrius,
676 1497 714 1536 in
739 1496 938 1546 oratione,
953 1498 1117 1550 saepius
1138 1495 1315 1549 quidem
1337 1495 1511 1535 honesti
1534 1507 1586 1535 ac
1606 1492 1712 1547 signi
1736 1491 1776 1523 ’-“

306 1565 433 1604 cantis
453 1565 567 1605 verbi
587 1564 758 1620 dcfectn,
783 1569 830 1604 ut
851 1564 1154 1617 speciosiora,1
1179 1568 1313 1616 atque
1336 1561 1467 1602 eodem
1488 1562 1609 1602 etiam
1629 1562 1762 1613 signi-

306 1631 538 1682 ficantior-e,
563 1646 694 1686 quam
719 1633 896 1685 proprio
919 1629 1137 1680 vocabalo,
1158 1644 1249 1671 rem
1272 1630 1517 1671 indicemus

305 1700 422 1740 redit
438 1700 492 1740 ad
515 1714 596 1741 sua
728 1730 735 1739 .
855 1731 864 1739 .
985 1730 995 1740 .
1114 1699 1317 1738 tralatum
1340 1698 1530 1737 manebit
1551 1709 1639 1749 quo
1668 1709 1763 1749 per-

306 1768 426 1808 venit
547 1799 555 1807 .
674 1796 684 1806 .
807 1798 816 1807 .
934 1779 982 1806 as
1001 1766 1144 1805 alieno
1165 1765 1344 1818 perinde
1366 1778 1417 1805 ac
1440 1778 1520 1805 suo
1543 1765 1598 1804 ab
1652 1795 1661 1803 .

570 1835 912 1889 Metaplasticos
953 1833 1113 1873 dicitur
1153 1833 1271 1885 apud
1312 1838 1450 1885 poetas
1482 1831 1674 1885 usurpari
1709 1830 1763 1879 id,

309 1903 425 1955 quod
450 1908 630 1956 propter
651 1903 958 1943 necessitatem
979 1900 1105 1940 metri
1126 1906 1285 1939 mutare
1307 1906 1608 1947 ‹·ons1teveremt‚
1642 1897 1763 1951 quod

308 1970 411 2011 item
442 1971 747 2012 barbarisinms
783 1968 934 2008 dicitur
971 1968 1011 2007 in
1043 1966 1180 2007 solata
1213 1967 1410 2007 oratione
1453 1963 1760 2007 conscribenda

1115 2035 1238 2074 Meta

310 2116 364 2144 ca
378 2117 404 2143 a
426 2103 592 2144 cariore
713 2132 722 2142 .
843 2133 851 2141 .
971 2132 980 2141 .
1113 2105 1380 2154 perventura
1627 2129 1636 2138 .
1754 2129 1764 2139 .

310 2171 428 2224 quod
548 2201 556 2209 .
677 2199 687 2210 .
804 2200 813 2209 .
880 2169 1030 2210 dicare
1052 2170 1115 2209 ait
1146 2169 1313 2209 Ennius
1374 2198 1383 2207 .
1505 2196 1514 2205 .
1632 2166 1675 2206 id
1698 2170 1764 2206 cst

1084 2235 1212 2275 Meta
1331 2266 1339 2274 .
1459 2265 1468 2274 .
1587 2264 1596 2272 .
1654 2234 1762 2274 abus

311 2309 359 2345 ut
421 2333 431 2343 .
494 2334 503 2344 .
562 2303 690 2356 accip
812 2332 820 2340 .
939 2330 948 2340 .
1067 2331 1075 2341 .
1195 2302 1334 2353 gratia
1367 2331 1375 2339 .

1148 2368 1427 2408 necessitate.
1490 2366 1765 2419 Mctonymia

312 2442 382 2478 est
404 2441 573 2491 tropos,
589 2451 688 2478 cum
710 2438 764 2478 ab
787 2451 854 2486 eo,
886 2436 1004 2489 quod
1028 2436 1236 2485 continet,
1262 2435 1530 2487 significatur
1553 2435 1612 2482 id,
1643 2433 1762 2486 quod

314 2506 570 2553 continetur,
624 2508 699 2544 aut
738 2503 938 2557 superior
977 2502 1192 2551 inferiore,
1233 2508 1276 2543 et
1312 2502 1487 2543 inferior
1525 2502 1761 2554 superiore.

930 2631 1167 2644 eeeeeeeeeeee

361 2712 369 2737 Ι
402 2710 422 2740 t'.
442 2710 630 2748 speeiosz‘ore.
