1876 3025
282 157 345 186 DE
381 152 650 184 VERBORUM
686 147 1104 181 SIGNIFIGA'I'IONE
1140 147 1234 176 mix.
1270 146 1398 176 xvii.

1486 134 1567 176 eil

181 265 277 292 nem
295 250 470 303 largitur
477 247 711 302 juvenibus
731 243 1039 298 petulantibus
1062 241 1414 282 antecedentium
1430 246 1444 270 ⁷
1467 253 1572 293 pue-

182 333 343 369 rorum,
363 317 697 372 puellarumque
727 311 1046 360 violandarum,
1069 310 1175 363 quia
1205 322 1291 349 non
1321 311 1444 361 patet
1465 308 1574 347 refu-

184 389 318 442 gium.

183 454 377 497 sudore.8

382 385 575 426 Ennius:
606 381 803 423 Salmaci
843 380 901 421 da
937 379 1107 434 spoliaq
1148 378 1241 418 sine
1281 376 1489 429 sanguine
1531 379 1574 415 et

131 525 329 566 Saltumr
359 521 517 563 Gallus
541 518 686 560 AElius
722 517 834 558 libro
857 514 1047 556 secundo
1071 512 1454 567 significationum,
1478 523 1577 564 quae

736 657 853 670 tttttt

856 657 973 670 ‘‘‘‘‘‘

177 757 194 785 7
222 753 282 784 Vir
306 752 397 784 doct.
414 751 446 782 in
463 760 571 791 marg.
588 748 741 790 ejusdem
758 747 812 780 ed.
829 747 968 788 conjicit
984 744 1270 777 accedentium—S
1293 741 1382 773 Vide
1399 741 1520 774 Notas.

791 905 932 939 NOTAE

140 1011 262 1033 scoenae
277 999 438 1031 Salmacis
457 999 555 1030 undae
568 997 589 1030 ?’
612 996 699 1029 Vide
711 999 837 1036 tamen,

139 1054 166 1084 si
180 1053 284 1091 lubet,
300 1051 402 1082 Ovid.
432 1051 573 1081 Metam.
591 1058 642 1080 1v.
657 1057 745 1079 vers.
761 1050 836 1078 285.

137 1103 336 1134 Strabonem
353 1102 411 1132 lib.
428 1111 502 1133 xrv.
518 1106 554 1133 et
570 1099 764 1131 Vitruvium
780 1097 838 1128 lib.

141 1163 183 1185 11.
199 1163 274 1193 cap.
294 1156 325 1184 S.
341 1153 422 1184 Dae.

184 1209 199 1229 ‘l
223 1203 357 1234 Samaei
368 1205 408 1233 da
419 1201 531 1243 spolia]
557 1200 704 1231 Videtur
717 1200 840 1230 Festus

144 1255 197 1285 vel
208 1254 433 1289 Verrius,&c,
448 1252 552 1292 [Vide
565 1255 632 1282 not.
646 1250 732 1281 Scal.
751 1247 842 1289 sup.]

144 1304 365 1344 HaecScalig.
383 1303 452 1335 Sed
470 1311 553 1343 pace
568 1302 652 1332 tanti
669 1299 730 1331 viri
749 1299 843 1329 dixe-

142 1357 219 1394 rim,
235 1355 366 1386 divisim
384 1354 496 1395 potius
512 1352 660 1388 Sulnmcz',
678 1352 718 1382 da
733 1351 844 1390 spolia,

145 1410 198 1447 &a
210 1407 389 1448 legendum
398 1409 461 1443 est,
470 1404 557 1445 quod
569 1408 602 1434 et
612 1402 843 1433 doctissimum

145 1458 301 1489 Vossium
319 1457 415 1488 video
434 1455 602 1486 voluisse:
631 1451 844 1494 immo‚quod

146 1520 243 1541 nemo
266 1509 410 1547 monuit,
435 1511 471 1538 et
496 1506 545 1537 sic
572 1505 773 1536 Ciceronem
799 1504 844 1534 le-

148 1562 235 1603 gisse
251 1570 294 1592 ex
321 1560 387 1591 loci
414 1559 518 1600 ipsius
546 1557 694 1588 lectione
717 1560 847 1586 certum

149 1617 213 1644 est.
259 1612 310 1642 En
328 1610 389 1641 tibi
405 1610 515 1640 locum
540 1609 664 1648 ipsum,
680 1616 754 1637 nam
772 1615 846 1646 pre-

150 1663 233 1694 tium
251 1666 304 1693 est
319 1669 485 1700 morae‚ex
499 1659 557 1691 lib.
575 1667 599 1690 1.
615 1658 658 1689 de
673 1655 742 1689 Off.
764 1657 772 1673 ‘
792 1657 850 1688 ln-

151 1712 366 1753 telligendum
383 1715 435 1741 est
451 1715 575 1748 autem,
588 1718 662 1740 curn
678 1706 852 1748 proposita

153 1765 219 1795 sint
237 1771 362 1803 genera
388 1765 542 1802 quatuor,
559 1769 577 1790 e
596 1758 716 1800 quibus
732 1758 852 1788 hones-

154 1821 206 1846 tas
225 1812 441 1853 officiumque
466 1815 634 1849 manaret,
652 1808 854 1849 splendidis-

154 1865 273 1895 simum
290 1862 410 1897 videri,
426 1860 513 1902 quod
529 1860 639 1891 animo
657 1867 774 1899 magno
788 1858 854 1889 ela-

156 1923 274 1958 toque,
297 1915 526 1954 humanasque
560 1923 612 1943 res
640 1912 854 1951 despiciente

154 1968 283 1999 factum
307 1968 362 1998 sit.
407 1965 529 2005 Itaque
548 1965 580 1994 in
608 1963 742 2004 probris
763 1972 856 1992 max-

155 2021 222 2050 ime
246 2019 279 2049 iu
304 2020 438 2058 promtu
460 2020 524 2050 est,
541 2016 568 2045 si
592 2014 672 2055 quid
699 2014 767 2044 tale
791 2012 857 2043 dici

157 2074 293 2108 potest:
318 2068 388 2099 Vos
404 2066 527 2098 etenim
539 2066 695 2107 juvenes,
711 2064 857 2094 animum

159 2119 277 2158 geritis
315 2117 513 2149 muliebrem
547 2117 610 2147 llla
638 2116 752 2155 virago
783 2113 859 2145 viri.

159 2171 204 2201 Et
220 2169 340 2211 siquid
355 2167 537 2209 ejusmodi:
555 2166 714 2202 Sa1maci,
728 2164 771 2195 da
783 2173 861 2204 spo-

159 2222 216 2256 lia,
233 2220 303 2251 sine
321 2219 442 2250 sudore
463 2223 498 2249 et
515 2215 703 2258 sanguine!
750 2215 819 2247 Ubi
835 2215 863 2246 si

161 2271 368 2312 conjunctim
407 2269 583 2301 salmacida
612 2269 697 2309 legit
728 2267 862 2307 Cicero,

162 2323 261 2354 aliter
277 2332 312 2353 se
329 2331 381 2352 res
396 2320 535 2352 habebit
554 2330 653 2361 quam
672 2320 788 2358 voluit,
806 2328 864 2350 ne-

165 2383 231 2414 que
260 2373 348 2404 enim
380 2373 413 2403 in
440 2371 569 2412 probris
601 2370 707 2401 videri
736 2375 864 2412 queant

166 2424 274 2465 spolia
294 2423 497 2463 Salmacida,
514 2423 575 2453 boc
597 2426 658 2458 est,
675 2422 864 2453 incruenta.

168 2476 216 2506 At
232 2474 361 2505 divisim
384 2475 530 2508 Salmaci,
545 2475 584 2504 du
605 2474 702 2514 spolia
724 2473 790 2503 sine
813 2483 864 2503 sn-

167 2529 238 2557 dore
255 2529 284 2557 et
300 2525 462 2564 sanguine,
479 2525 558 2555 illud
579 2535 657 2555 vero
682 2525 714 2554 in
732 2524 865 2564 probris

169 2579 328 2616 maxime,
346 2586 419 2607 cum
431 2576 614 2607 Salmacidis
628 2574 761 2606 nomine
771 2575 867 2604 bomo

171 2628 280 2658 mollis
297 2626 711 2666 compelletur,spoliaque
729 2624 801 2655 sine
813 2634 867 2654 su·

171 2679 253 2708 dore
271 2676 477 2715 etsanguine
490 2675 757 2716 darejubeatur.
788 2674 869 2705 Huc

173 2728 318 2761 accedat
340 2726 428 2768 quod
447 2724 672 2767 Glossarium,
684 2726 778 2766 cnjus
794 2734 871 2756 auc-

890 993 1028 1024 toritate
1046 992 1192 1030 maxime
1221 991 1341 1023 nititur
1365 990 1530 1031 Scaliger,
1555 989 1589 1020 in

889 1045 950 1076 bac
965 1053 1047 1076 voce
1064 1048 1261 1083 corruptum
1275 1048 1338 1074 est.
1366 1043 1487 1083 Neque
1502 1041 1590 1072 enim

890 1096 1100 1127 Salmacidum
1124 1100 1177 1125 est
1199 1093 1348 1134 ἁλμυρὸν,
1370 1094 1427 1124 sed
1449 1093 1592 1124 salinari-

890 1148 973 1186 dum,
989 1151 1025 1177 ut
1043 1146 1173 1187 optime
1195 1144 1434 1176 animadvertit
1452 1152 1592 1184 magnus

891 1197 1089 1228 Salmasius.
1135 1197 1186 1227 En
1204 1196 1265 1226 tibi
1283 1196 1354 1236 ejus
1372 1195 1494 1225 verba:
1521 1198 1528 1210 ¹
1546 1193 1594 1222 ni-

893 1248 1010 1279 mirum
1039 1247 1218 1279 salinacz'doe
1244 1252 1321 1277 sunt
1349 1245 1503 1277 dicendae
1529 1254 1595 1275 non

892 1299 1082 1337 salmacidce,
1099 1305 1134 1329 ut
1152 1308 1330 1339 perperam
1352 1297 1454 1327 hodie
1472 1297 1597 1336 passim

893 1350 956 1381 hoc
975 1360 1095 1381 nomen
1106 1349 1280 1380 scribitur.
1326 1348 1517 1378 Sulinucidae
1531 1355 1597 1377 non

896 1407 973 1433 suut
990 1401 1193 1440 simpliciter
1216 1398 1393 1439 ἁλμυρίδες,
1416 1403 1473 1428 aut
1490 1395 1598 1428 ἁλυκί-

896 1454 956 1493 δες,
982 1457 1020 1483 ut
1048 1452 1162 1483 Graeci
1190 1456 1315 1482 vocant
1343 1449 1455 1480 fontes
1482 1448 1600 1488 salsos,

898 1505 956 1535 sed
974 1503 1080 1534 acidae
1099 1503 1195 1533 simul
1210 1506 1245 1533 et
1261 1502 1372 1532 salsae.
1417 1499 1535 1530 Acidae
1553 1499 1601 1529 ni-

898 1555 1018 1585 mirum
1044 1554 1173 1592 sabine,
1190 1552 1275 1583 etin
1301 1551 1474 1584 Glossario
1499 1550 1602 1580 corri-

900 1605 1046 1646 gendum
1069 1604 1291 1635 Salinacidum.
1337 1602 1458 1642 Neque
1489 1606 1603 1632 tamen

901 1662 953 1687 est
970 1654 1118 1695 ἁλμυρὸν,
1136 1654 1195 1685 sed
1215 1651 1405 1692 ὀξάλμυρον,’
1421 1654 1485 1682 ἃς.
1531 1651 1604 1681 De-

901 1706 980 1737 inde
1009 1711 1044 1737 et
1076 1714 1181 1746 pravo
1206 1704 1339 1744 judicio
1371 1708 1515 1733 utuntur
1542 1701 1604 1732 viri

904 1757 997 1788 docti
1022 1757 1077 1796 qui
1102 1756 1248 1786 inversu
1273 1753 1372 1784 Ennii
1396 1752 1606 1792 conjunctim

903 1809 1022 1849 legunt
1046 1805 1222 1837 Salmacida
1247 1804 1357 1844 spolia,
1380 1813 1454 1833 cum
1474 1802 1516 1833 de
1534 1802 1607 1833 viro

906 1859 997 1890 molli
1014 1863 1049 1889 et
1072 1855 1264 1889 Salmacide
1289 1856 1444 1896 loquatur
1468 1853 1526 1894 qui
1549 1852 1608 1884 da-

907 1916 959 1942 ret
975 1909 1084 1950 spolia
1099 1908 1142 1939 de
1158 1917 1193 1938 se
1209 1905 1363 1938 hostibus
1387 1905 1457 1936 sine
1475 1903 1609 1943 sangui-

887 1976 891 1978 -
908 1971 948 1992 ne
965 1966 1002 1992 et
1019 1959 1155 1990 sudore.
1170 1958 1270 1989 Idem.

950 2017 962 2033 ¹·
984 2011 1122 2051 Saltum]
1148 2010 1253 2050 Lege,
1268 2017 1328 2039 non
1349 2006 1479 2047 peremit
1502 2015 1611 2036 nomen

909 2065 1032 2095 saliuis.
1064 2061 1232 2103 ἀρχαϊκῶς.
1277 2059 1364 2090 Sunt
1391 2058 1480 2089 enim
1509 2056 1613 2088 verba

914 2116 992 2147 AElii
1008 2115 1109 2146 Galli.
1132 2114 1203 2144 dos.
1219 2111 1303 2142 Scal.

956 2164 1093 2204 Saltum]
1117 2164 1126 2181 ‘
1144 2163 1238 2196 Quos
1256 2170 1355 2201 agros
1373 2169 1437 2191 non
1455 2158 1615 2190 colebant

915 2223 1059 2258 propter
1075 2215 1204 2257 sylvas,
1226 2212 1334 2244 antid
1352 2221 1458 2252 genus
1474 2210 1532 2241 ubi
1558 2219 1616 2250 pe-

915 2278 973 2300 cus
998 2267 1105 2309 possit
1135 2264 1240 2305 pasci,
1262 2268 1296 2294 et
1321 2262 1553 2303 possidebant,
1574 2260 1616 2291 ab

916 2329 978 2350 usu
1015 2327 1073 2348 suo
1110 2317 1217 2347 saltus
1255 2314 1483 2345 nominarunt.
1532 2311 1618 2342 Haec

916 2370 1017 2402 etiam
1034 2368 1150 2400 Graeci
1165 2367 1206 2397 τὰ
1226 2365 1328 2396 ἄλσεα
1351 2363 1400 2395 καὶ
1424 2363 1527 2401 νομὰς,
1545 2372 1619 2393 nos-

918 2420 960 2452 tri
982 2417 1141 2450 nemora.’
1188 2418 1287 2447 Varr.
1314 2415 1369 2446 lib.
1388 2423 1438 2445 lv.
1459 2414 1500 2444 de
1528 2414 1565 2443 L.
1584 2413 1620 2443 L.

919 2472 1038 2505 Saltus,
1054 2470 1147 2500 locus
1175 2476 1318 2507 pascuus
1343 2471 1377 2496 et
1402 2466 1554 2505 sylvosus
1570 2462 1621 2493 καὶ

920 2520 1079 2561 ἀνήροτος.
1124 2519 1249 2549 Tamen
1268 2517 1291 2546 si
1315 2525 1380 2556 qua
1397 2514 1566 2554 particula
1587 2513 1620 2542 in

920 2583 961 2603 eo
978 2577 1105 2609 aretur,
1118 2579 1182 2600 non
1198 2569 1273 2598 ideo
1289 2568 1404 2601 saltus,
1418 2570 1454 2596 ut
1470 2574 1533 2594 nec
1547 2563 1621 2594 fun-

922 2623 997 2662 dus,
1013 2622 1069 2662 qui
1087 2629 1168 2659 ager
1180 2620 1290 2649 cultus
1308 2622 1371 2655 est,
1389 2614 1482 2646 fundi
1500 2623 1621 2644 nomen

922 2672 1061 2707 amittit,
1079 2671 1104 2701 si
1122 2670 1155 2700 in
1173 2668 1314 2710 quadam
1333 2666 1382 2697 sui
1399 2670 1496 2706 parte
1513 2665 1623 2704 sylvas

926 2723 1058 2758 babeat.
1084 2721 1163 2752 Dae,
