1876 3025
268 148 351 190 7⁷30
709 157 858 190 sssxrl
891 157 1092 188 POMPEI!
1127 158 1265 189 Fsss‘rr

327 267 418 309 qua
446 253 532 307 egit
564 253 616 294 de
649 253 802 306 signis,
823 257 868 294 et
897 252 1076 302 tabulis,
1097 252 1301 294 honorem
1334 257 1602 308 temptavere
1633 252 1708 305 ait,

325 321 560 363 malefacta
574 320 605 346 ¹⁶
635 321 874 361 benefactis
895 332 979 360 non
1000 319 1372 374 redemptitavere.

270 389 668 442 Redemptitavere‚
690 392 738 429 ut
758 387 1045 429 domitavere.
1535 389 1712 444 [PAUL.

270 456 625 511 Redemptores⁰
669 457 846 509 proprie
890 461 1021 508 atque
1057 455 1236 508 antiqua
1276 459 1507 497 eonsuetu-
1546 457 1710 511 [FEST.

326 524 430 565 dine
462 523 730 573 dicebantur,
763 523 838 576 qui
869 535 968 563 cum
1001 523 1107 576 quid
1139 522 1313 575 publice
1348 523 1613 572 faciendum,
1636 529 1712 566 aut

325 591 612 645 praebendum
651 590 1003 640 conduxerant‚¹⁷
1042 590 1374 644 effecerantque,
1417 595 1506 632 tum
1541 591 1712 632 demum

326 659 539 712 pecunias
570 659 870 712 accipiebant:
900 671 1002 699 nam
1039 658 1283 712 antiquitus
1313 671 1452 699 emere
1484 672 1564 713 pro
1595 661 1712 700 acci-

325 740 431 780 pere
454 728 711 780 ponebatur.
772 726 834 767 At
866 726 897 767 ii
927 739 1042 767 nunc
1064 726 1266 767 dicuntur
1294 726 1607 780 redemptores,
1635 729 1714 782 qui

325 794 430 848 quid
453 795 753 835 conduxerunt
773 793 1056 848 praebendum
1078 794 1389 847 utendumque.

272 861 570 911 Redhostire,p
607 861 763 902 referre
799 862 996 914 gratiam.
1070 860 1305 902 Naevius¹8
1344 862 1388 902 in
1423 862 1550 917 Lupo
1572 869 1601 904 :q
1644 864 1715 905 vel

327 929 494 970 Veiens
529 943 671 983 regem
703 929 867 971 salutat
891 929 1001 983 jube
1021 934 1053 961 ¹9
1074 928 1295 970 Albanum
1327 929 1492 971 milium
1510 935 1544 954 ²0
1579 934 1714 972 comi-

327 1001 413 1037 tem
453 1010 599 1038 senem
640 998 880 1051 sapientem
919 1001 1069 1039 contra
1108 997 1326 1038 redhostis
1370 996 1588 1041 Menalus.
1659 999 1714 1040 Et

328 1063 480 1105 Attius
510 1066 555 1106 in
577 1064 919 1120 Amphitryone:
961 1065 1082 1107 Cedo
1114 1064 1271 1119 ecquid
1308 1070 1348 1106 te
1392 1065 1714 1115 redhostitum,¹’

874 1174 1113 1186 eeeeeeeee

318 1252 356 1280 16
379 1251 459 1281 Vet.
482 1250 557 1280 cod.
578 1251 619 1281 L.
635 1251 830 1287 efacta—17
856 1251 934 1282 Vet.
962 1251 1038 1282 cod.
1063 1250 1362 1282 condixerant.-18
1382 1249 1458 1281 Vet.
1482 1249 1555 1281 cod.
1584 1249 1716 1281 Navius.

274 1296 359 1324 —19
382 1293 435 1324 Id.
450 1294 588 1325 salutant
602 1294 785 1332 jutta—20
810 1293 861 1325 Id.
878 1294 1016 1326 mulium.

924 1391 1065 1424 NOTAE

314 1470 328 1484 ⁰
352 1465 586 1506 Redemptores]
619 1465 764 1506 Proprie
791 1466 846 1507 qui
873 1471 968 1498 certo

273 1515 384 1554 pretio
401 1525 484 1556 opus
509 1516 645 1557 aliquod
668 1515 860 1547 faciendum
889 1526 967 1547 con-

272 1566 412 1596 ducant.
448 1567 559 1606 Vulgo
578 1576 733 1597 vocamus
749 1567 802 1597 des
814 1570 968 1606 entrepre-

272 1625 375 1646 neurs.
421 1616 564 1656 Optime
581 1620 757 1656 exponunt
772 1616 902 1648 Glossae
920 1617 967 1656 ἐρ-

271 1665 417 1704 Ὑόλαβοι.
460 1667 527 1698 Sed
546 1672 665 1707 postea
679 1668 866 1698 redemtores
884 1667 967 1698 dicti

270 1718 474 1759 quicumque
502 1716 627 1758 aliquid
655 1717 816 1748 utendum
841 1717 967 1750 locant.

272 1768 372 1800 Idem.

314 1823 330 1843 Ι)
356 1819 554 1859 Redhostz're]
590 1818 675 1849 Attii
699 1827 814 1849 versus
832 1817 968 1849 mendo·

273 1880 328 1900 sus
344 1876 414 1901 est:
440 1877 474 1902 et
491 1881 510 1901 a
529 1870 637 1902 Nonio
650 1871 814 1901 Marcello
831 1880 968 1910 corrup-

272 1921 401 1951 tissime
431 1922 457 1951 is
489 1930 622 1962 quoque
654 1920 823 1950 refertur:
855 1921 968 1953 ‘Quid

273 1970 325 2000 bic
341 1970 509 2001 redhostit
531 1971 617 2000 viam
640 1975 791 2001 cometet
810 1970 903 2001 obiet
919 1969 968 2000 fa-

276 2020 399 2052 cilius.'
423 2020 501 2051 Ant.
521 2021 607 2059 Aug.

317 2071 518 2112 Redhostire]
556 2071 685 2102 Naevius
704 2071 738 2101 in
760 2071 869 2102 Ludo.-
910 2071 972 2102 Ubi

279 2121 388 2152 Veiens
409 2131 512 2160 regem
532 2121 666 2151 salutat:
701 2120 800 2151 Jubeo
818 2120 972 2151 Albanum

274 2171 432 2202 Amulium
475 2171 612 2202 Comiter
647 2180 750 2201 senem
785 2171 971 2211 sapientem:

273 2226 381 2253 contra
406 2222 557 2252 redhostit
587 2222 743 2252 Menalus.
794 2222 833 2252 Et
863 2221 971 2251 Attius

273 2271 521 2312 Amphitruone:
560 2272 642 2302 Cedo
665 2271 771 2310 ecquid
793 2273 824 2301 te
849 2272 971 2301 redhos-

275 2323 328 2361 tit,
341 2333 409 2353 eum
423 2332 459 2353 ea
471 2322 538 2353 seui
554 2322 858 2361 Objeetetfizcilius?
907 2322 968 2352 En-

274 2375 344 2405 nius
359 2374 392 2404 iu
412 2373 618 2413 Cresphonte.-
645 2374 740 2414 Audi,
753 2377 843 2414 atque
855 2374 971 2412 auditis

273 2424 490 2455 hostimentum
513 2424 685 2462 adjungito.
733 2425 775 2454 Et
798 2424 831 2454 in
855 2425 971 2455 Hecto-

275 2474 322 2504 ris
336 2473 466 2514 Lyn-is:
491 2473 590 2508 Quem
604 2483 670 2504 mea
684 2474 821 2504 cominus
842 2475 972 2505 Μαι-[ια’-

273 2534 310 2554 ra
326 2527 417 2564 atque
432 2524 522 2555 hasta
537 2523 663 2554 hostivit
679 2534 797 2556 emmiu.
852 2526 971 2555 Emanu

275 2585 337 2615 pro
354 2576 496 2606 Eminns.
540 2574 654 2616 Atque
681 2575 728 2605 ita
754 2575 828 2605 liaec
855 2575 971 2615 deplo-

275 2630 349 2656 rata
373 2626 407 2656 in
431 2625 600 2665 integrum
629 2623 782 2656 fortassis
811 2625 972 2657 restituta

274 2680 362 2707 sunt.
408 2676 447 2706 In
469 2685 566 2706 versu
590 2675 698 2706 Naevii
719 2676 850 2708 ‘Jubeo
868 2675 971 2707 Alba-

274 2735 353 2758 num
371 2726 560 2758 Amulium'
586 2726 675 2758 idem
702 2732 765 2766 est,
788 2737 826 2758 ac
851 2727 884 2758 in
902 2726 971 2758 An-

1023 1466 1109 1506 dria,
1125 1466 1134 1483 ‘
1146 1465 1258 1498 aneo
1276 1464 1513 1498 Chremetem?
1536 1466 1603 1496 Jos.
1620 1464 1701 1496 Scal.

1067 1516 1262 1556 Redhostire]
1292 1517 1361 1547 Par
1385 1517 1455 1557 pari
1480 1515 1623 1555 referre,
1642 1525 1717 1546 uam

1021 1567 1136 1598 hostire
1153 1572 1205 1598 est
1220 1577 1351 1608 oequare.
1385 1567 1499 1597 Plaut.
1526 1566 1624 1597 Asin.
1649 1571 1717 1597 act.

1021 1627 1062 1649 11.
1076 1621 1165 1650 sc.2.
1178 1619 1284 1651 ‘Quin
1299 1617 1472 1658 promitto,
1484 1617 1633 1658 inquam,
1645 1616 1719 1647 hos-

1022 1669 1087 1700 tire
1104 1674 1232 1705 contra,
1256 1674 1291 1699 ut
1315 1667 1500 1699 rnerueris.’
1546 1667 1632 1698 Inde
1650 1667 1717 1697 hos-

1021 1720 1196 1757 timentum,
1213 1719 1303 1760 quod
1321 1719 1398 1750 vide
1416 1728 1475 1749 suo
1491 1719 1578 1749 loco.
1600 1718 1681 1749 Dae.

1065 1778 1080 1798 ¹1
1106 1771 1237 1801 Nau-ius
1251 1771 1283 1801 in
1303 1769 1401 1810 Lupo]
1437 1769 1531 1809 Lege
1558 1778 1601 1800 ex
1627 1769 1717 1800 Scal.

1025 1822 1156 1852 Noevius
1182 1822 1214 1852 in
1243 1821 1349 1852 Ludo:
1382 1820 1443 1851 Ubi
1474 1820 1584 1851 Veiens
1615 1829 1720 1858 regem

1023 1873 1157 1903 salutat.-
1180 1871 1278 1902 Jubeo
1300 1871 1454 1904 Albanum
1476 1870 1637 1901 Amulium
1660 1870 1719 1900 Co-

1023 1923 1115 1953 miter
1130 1932 1230 1953 seuem
1245 1921 1431 1961 sapientem:
1468 1924 1574 1951 contra
1595 1921 1720 1952 redhos-

1024 1972 1065 2002 tit
1080 1972 1234 2002 Menalus.
1278 1973 1286 1988 ‘
1302 1971 1414 2003 Jubeo
1433 1971 1599 2001 Albanum
1618 1970 1719 2001 Arnu-

1024 2022 1128 2058 lium,'
1146 2022 1237 2053 idem
1255 2026 1307 2053 est
1323 2031 1361 2052 ac
1377 2021 1408 2051 in
1426 2020 1567 2059 Andria,
1588 2021 1720 2053 ‘Jubeo

1035 2072 1273 2104 Clu-emetem.'
1292 2073 1391 2103 Idem.

1068 2128 1079 2144 ¹
1104 2125 1187 2154 Cedo
1202 2123 1308 2164 ecquid
1328 2127 1359 2154 te
1379 2121 1598 2161 redhostitum]
1635 2122 1722 2153 Con-

1026 2174 1283 2205 taminatissima
1299 2178 1376 2204 sunt
1400 2173 1475 2203 ista.
1520 2173 1643 2211 Neque
1670 2182 1720 2203 sa-

1026 2226 1120 2256 niora
1134 2224 1224 2264 apud
1238 2224 1400 2259 Nonium,
1413 2223 1469 2253 nbi
1481 2223 1527 2253 sie
1542 2224 1721 2263 leguntur:

1025 2277 1033 2293 ‘
1048 2274 1139 2307 Quid
1163 2275 1215 2306 liic
1241 2274 1408 2305 redliostit
1430 2274 1538 2303 viam?
1562 2274 1721 2304 comitem

1025 2325 1117 2356 obiet
1131 2323 1284 2356 facilius-³
1329 2325 1404 2363 Vel,
1426 2324 1549 2354 comitet
1572 2327 1655 2363 optet
1666 2324 1722 2361 fa·

1025 2376 1125 2406 cilius.
1170 2375 1319 2412 Legebat
1357 2374 1521 2413 Scaliger,
1562 2375 1644 2405 Cedo
1675 2384 1722 2405 ec-

1025 2426 1099 2465 quid
1123 2428 1153 2455 te
1180 2424 1331 2455 redhostit
1355 2434 1423 2454 eum
1450 2434 1485 2454 eu
1509 2424 1574 2454 seni
1594 2424 1723 2462 objectet

1018 2475 1158 2512 facilius,
1211 2474 1278 2505 Sed
1318 2474 1454 2514 propius
1492 2475 1532 2504 ad
1573 2480 1722 2506 veterem

1026 2526 1230 2565 scripturam
1246 2525 1270 2553 si
1295 2524 1386 2564 legas
1402 2535 1408 2554 :
1445 2526 1528 2555 Cedo
1549 2525 1657 2565 ecquid
1673 2525 1721 2556 hic

1024 2576 1172 2606 redhostu
1189 2575 1293 2605 viam?
1308 2585 1364 2614 quo
1382 2584 1427 2605 me
1444 2578 1569 2614 temptet
1577 2574 1720 2612 facilius.

1026 2626 1115 2656 Nam
1154 2625 1250 2665 plane
1280 2625 1413 2665 gemina
1443 2631 1520 2656 suut
1554 2625 1720 2657 Plautinis

1026 2676 1097 2706 istis
1113 2675 1145 2705 in
1168 2674 1320 2714 Amphit.
1365 2675 1373 2690 ‘
1389 2675 1475 2705 Nam
1504 2674 1580 2715 quid
1608 2684 1721 2705 revor-

1026 2727 1109 2757 titur
1136 2726 1202 2758 Qui
1228 2724 1354 2756 dudum
1375 2734 1558 2765 properare
1583 2725 1714 2756 aiebat?
