1876 3025
267 152 379 194 1230

733 162 874 193 NOTAE
907 161 1058 191 VARIO
1069 161 1127 192 RU
1138 162 1171 191 M
1207 161 1255 191 rN

788 330 929 378 Llss.
988 329 1192 379 XVIII.

311 453 402 486 PAG.
415 456 487 484 954.
506 454 582 484 Tam
593 449 868 493 significationem]
887 450 962 480 Tam

269 505 346 535 male
359 504 507 540 subimus,
523 507 555 534 ut
572 504 696 542 quidam
710 501 872 542 perhibent
885 501 965 531 viri.-

267 554 403 585 Titinnii
431 563 565 584 versum
595 553 750 593 corrigo:
786 552 860 582 Tam
887 552 965 581 male

267 605 417 644 audimzm,
443 608 478 635 ut
499 604 640 644 quidem:
663 603 801 644 querela
817 608 869 632 est
894 611 963 632 mu-

267 655 416 685 lierculae
445 654 488 685 de
515 655 651 694 injuria,
669 663 745 694 quae
763 663 782 683 a
798 653 877 682 viris
895 650 964 682 fac-

268 710 337 734 tum
366 705 436 735 itur
463 705 558 735 sexui
587 714 672 743 suo3
698 704 784 734 bene
812 713 851 733 an
878 703 965 732 male

266 754 401 794 faciant,
421 759 532 785 tamen
550 756 635 785 male
660 754 811 785 audiunt.
838 753 965 794 Lipsius

269 805 432 844 Epistolic.
451 806 511 840 Qu.
527 806 586 844 Ep.
602 814 665 837 XX.

310 855 398 887 PAG.
421 858 495 886 962.
534 856 652 897 Tassat]
681 857 772 892 Quod
797 856 826 886 ei
843 857 899 894 jus
924 856 965 886 sit

265 906 442 936 statuendi:
468 906 515 936 ita
541 906 744 945 legendnm:
771 907 882 946 vulgo,
898 905 967 944 jus—

265 956 319 987 sit.
366 955 536 991 Gifanius,
561 956 704 996 ‘jussa.’

310 1008 401 1038 PAG.
424 1010 499 1039 968.
527 1007 637 1048 Tesm]
672 1008 797 1038 Forsan
826 1008 874 1037 ita
900 1016 965 1037 non

265 1058 352 1088 male
370 1058 498 1098 expleri
529 1062 666 1097 possent
691 1059 820 1088 lacunae
848 1058 964 1088 Festi:

272 1109 369 1140 Varro
395 1109 440 1139 ait
471 1109 535 1139 loca
562 1109 693 1147 augurio
719 1109 882 1147 designata
908 1119 966 1148 quo

266 1159 307 1189 sit
323 1159 454 1189 termino
468 1158 549 1199 finis
566 1158 597 1188 in
614 1162 697 1188 terra
713 1157 850 1196 augurii.
901 1159 966 1197 Op-

262 1209 359 1249 pilius
389 1210 455 1239 loca
485 1211 663 1239 consecrata
699 1208 774 1239 Diis
809 1218 876 1248 quoe
908 1217 966 1238 non

265 1264 373 1299 aperta
403 1259 478 1298 sint,
506 1260 560 1290 secl
590 1263 695 1289 sancta
726 1260 802 1297 loca,
830 1259 966 1298 undique

265 1312 364 1349 septa,
388 1313 420 1339 ut
444 1309 606 1348 perhibent
633 1309 796 1350 Pontificii
821 1309 905 1343 libri,
933 1309 965 1339 in

266 1359 376 1398 quibus
404 1360 552 1398 scriptum
581 1363 648 1389 est.-
680 1360 893 1398 templumque,
918 1369 964 1390 se-

265 1410 407 1448 demque,
422 1412 597 1449 tescumque
612 1410 707 1440 locum
723 1409 784 1440 rite
800 1409 874 1440 Diis
889 1419 965 1439 nurt-

265 1463 410 1500 cupatum
431 1460 632 1496 dedicaverit,
655 1458 702 1490 uti
728 1470 776 1490 eos
798 1461 965 1491 adltibessit

265 1510 356 1540 bonos
376 1510 597 1551 propitiosque,
628 1511 763 1541 Hostius
786 1511 856 1541 belli
873 1511 965 1541 Hist-

266 1560 326 1592 rici
341 1561 395 1592 lib.

652 1612 760 1652 perdia
773 1615 882 1650 gentes

265 1661 378 1701 Aliger
389 1661 550 1699 ‹ether-eas,
566 1665 657 1702 alque
671 1663 749 1693 idem
762 1666 841 1693 tesca
854 1663 968 1693 volabis

266 1713 390 1752 Templa
411 1712 537 1752 antiqua
553 1712 668 1743 Deum.

263 1762 482 1802 Explicat-ere,
498 1771 617 1801 aspera,
628 1763 765 1803 difficilia
776 1763 874 1793 aditu.
906 1763 966 1794 At-

265 1812 344 1844 tius.-
365 1812 441 1842 Loca
454 1821 574 1850 aspera,
589 1822 667 1842 saxa
684 1816 764 1842 tesca
778 1816 856 1843 tuor.
883 1813 968 1843 Idem

264 1861 462 1894 Philocteta:
489 1862 566 1896 Quis
579 1865 612 1892 tu
629 1872 660 1891 es
684 1862 833 1896 mortalis,
862 1863 915 1902 qui
935 1862 965 1892 in

264 1914 385 1944 deserta
400 1912 528 1943 Lemnia
541 1916 568 1943 et
587 1916 667 1943 tesca
686 1916 715 1943 le
727 1916 871 1952 apportas
882 1915 968 1943 loca?

263 1963 319 1994 Ita
350 1962 492 1993 fortasse
531 1963 592 1993 hoc
626 1963 724 1993 niodo
749 1964 871 1993 rudera
911 1964 968 1993 illa

265 2014 360 2045 Festi
385 2012 525 2044 reficere
554 2015 752 2054 poterimus,
776 2023 966 2053 quanquam

264 2070 353 2095 sarta
384 2069 477 2095 tecta
505 2071 670 2103 praestare
695 2074 759 2094 nou
783 2074 966 2104 possumuS.

264 2115 406 2153 Scaliger
421 2115 451 2143 in
468 2114 520 2144 lib.
537 2117 618 2144 sext.
640 2114 798 2144 Varronis.
812 2117 865 2144 07.

308 2164 400 2195 PAG.
416 2166 492 2194 972.
519 2163 667 2203 Tignum]
688 2164 756 2194 Lex
775 2169 826 2194 est
842 2164 884 2194 de
902 2164 964 2204 tig-

265 2223 308 2245 no
325 2214 447 2254 juncto
461 2222 525 2244 xri.
544 2213 610 2245 tab.
630 2213 733 2244 verbo
755 2215 868 2245 nescio
886 2225 962 2256 quo,

265 2273 409 2304 concapu,
447 2264 689 2303 contaminata,
727 2268 785 2294 aut
835 2270 869 2295 nt
907 2265 962 2295 alii

266 2313 462 2353 emendant,
492 2315 610 2354 capulo,
641 2315 812 2354 capularis
855 2314 964 2346 facta:

268 2374 366 2403 quam
398 2373 460 2403 ego
490 2363 537 2393 sio
564 2363 776 2394 scribendam
808 2370 904 2404 puto,
928 2370 963 2396 et

265 2413 408 2443 fortasse
441 2413 571 2452 turpius
602 2413 782 2454 inquinabo
811 2413 962 2445 soetlabo-

269 2471 351 2504 que:
373 2463 506 2501 Tigmtm
519 2462 662 2500 junctum
678 2463 796 2494 cedibus
808 2465 963 2504 vinumque

265 2513 372 2552 copula
386 2522 423 2542 ne
438 2513 566 2542 solvito:
592 2518 627 2543 ut
649 2514 702 2544 lex
721 2519 814 2544 vetet
834 2515 962 2553 tignum

268 2563 429 2594 vindicari
448 2569 481 2593 et
499 2564 631 2594 extrahi
649 2574 689 2593 ex
707 2565 834 2595 ¹‘edibus
860 2571 892 2595 et
917 2566 963 2596 vi-

268 2622 406 2644 nearum
435 2614 590 2651 maceria,
619 2619 675 2644 aut
706 2614 817 2655 aliquo
850 2625 962 2646 earum

269 2663 460 2703 compluvio
478 2669 535 2693 aut
553 2663 659 2703 jugo:
685 2673 849 2705 nunqnam
866 2672 962 2705 puta-

270 2713 300 2742 vi
318 2713 457 2752 capulos
474 2722 575 2752 egere
593 2714 715 2753 tignis:
740 2713 831 2746 favet
852 2725 962 2747 emen·

1015 447 1156 488 dationi,
1172 449 1261 490 quod
1286 450 1525 483 Jurisconsulti
1554 449 1710 485 tradunt,

1021 504 1152 530 tantum
1178 500 1220 532 de
1248 502 1343 541 tigno
1361 502 1394 532 in
1420 502 1517 533 vinea
1532 506 1567 533 et
1585 501 1714 533 aedibus

1018 551 1126 591 legem
1154 561 1221 582 xri.
1239 553 1309 584 tab.
1326 553 1488 592 locutam,
1512 563 1575 584 nec
1601 552 1716 593 capuli

1016 603 1265 641 meminerunt3
1297 603 1356 634 sed
1386 613 1448 634 nec
1466 604 1587 634 Festus
1616 604 1711 643 ipse:

1017 662 1131 682 verum
1150 652 1226 693 quia
1248 654 1280 684 in
1304 654 1450 695 antiquis
1474 654 1566 685 libris
1591 654 1713 694 partini

1015 707 1170 742 conc-apel,
1186 704 1306 742 partim
1318 714 1451 744 concapit
1464 705 1645 744 reperitur,
1658 714 1716 735 ne·

1016 763 1081 793 que
1099 763 1212 785 eorum
1230 756 1437 797 negligenda
1451 762 1503 787 est
1517 756 1716 796 auctoritas,

1015 804 1160 834 fortasse
1178 805 1239 836 hac
1256 805 1398 837 formula
1415 807 1468 837 lex
1494 807 1537 836 sit
1559 806 1713 837 edenda:

1018 853 1152 893 Tignum
1165 855 1302 894 junctim
1327 857 1442 887 oedibus
1467 857 1622 897 vineaeque
1646 866 1714 888 cum

1015 907 1159 944 capuloue
1170 906 1297 937 solvito:
1313 917 1386 938 nam
1403 908 1513 948 capite
1525 909 1714 949 junguntur

1018 957 1109 997 tigna
1137 958 1323 1000 vineaeque,
1351 970 1427 991 cnm
1449 961 1645 1001 alligantur,
1665 961 1714 991 in-

1016 1013 1266 1050 nectunturque
1285 1010 1419 1046 vitibus,
1436 1015 1470 1041 et
1495 1009 1713 1042 aedificiorum

1018 1059 1202 1097 parietibus
1232 1069 1308 1091 cnm
1347 1061 1539 1092 inseruntur
1570 1061 1713 1092 induun-

1018 1112 1159 1147 turque:
1186 1109 1238 1139 vel
1257 1110 1368 1149 potius
1390 1110 1422 1141 in
1448 1111 1545 1142 vinea
1563 1111 1713 1152 jungun-

1018 1163 1072 1187 tur
1089 1168 1162 1188 cnm
1179 1160 1290 1201 aliquo
1309 1161 1385 1191 vitis
1407 1162 1540 1202 capite:
1568 1170 1643 1192 nam
1661 1171 1714 1193 ca·

1019 1208 1090 1247 pita
1109 1209 1225 1240 vitium
1243 1211 1368 1251 stirpes
1385 1211 1451 1241 diri
1475 1221 1541 1242 non
1568 1212 1713 1253 ignorat,

1017 1259 1072 1299 qui
1099 1260 1282 1299 scriptores
1306 1262 1354 1291 rei
1377 1261 1509 1292 rusticae
1527 1261 1627 1302 legit:
1653 1261 1713 1292 sed

1016 1315 1051 1340 et
1064 1311 1161 1341 Maro
1176 1312 1222 1342 ita
1241 1317 1402 1352 usurpat:
1419 1313 1594 1353 ‘superest
1609 1313 1713 1344 dedu-

1016 1370 1091 1391 cere
1110 1366 1232 1392 terram
1251 1363 1383 1403 Saepius
1407 1362 1448 1393 ad
1467 1362 1605 1403 capita.’
1651 1362 1713 1394 At-

1016 1421 1081 1450 que
1098 1411 1183 1441 hane
1210 1412 1528 1453 interpretationem
1548 1412 1712 1444 veriorem

1017 1466 1112 1500 puto,
1130 1463 1420 1503 posterioremque
1448 1463 1647 1503 scripturam
1666 1463 1713 1494 le-

1017 1511 1068 1551 gis
1087 1512 1268 1543 certiorem
1287 1513 1462 1543 existimo:
1489 1512 1547 1543 sed
1565 1512 1711 1543 omnium

1016 1561 1293 1592 sincerissimam:
1324 1562 1613 1602 Tignamjttuctmn
1636 1562 1712 1594 oedi-
1733 1594 1735 1596 ,

1019 1611 1073 1641 bus
1104 1621 1139 1642 ne
1168 1612 1334 1649 vindicato,
1372 1622 1408 1642 ne
1438 1612 1558 1643 solcito.
1621 1612 1712 1644 Huic

1018 1661 1150 1701 quidem
1178 1661 1270 1692 favet
1295 1662 1432 1701 Ulpiani
1460 1663 1713 1703 interpretatio,

1019 1721 1085 1752 qua
1101 1712 1183 1742 (licit
1201 1712 1308 1752 legen]
1326 1711 1503 1742 duodecim
1522 1712 1712 1744 tabularum

1018 1771 1128 1801 neque
1160 1763 1291 1792 solvere
1323 1762 1522 1802 permittere
1551 1762 1712 1795 furtivum

1020 1812 1146 1851 tignum
1173 1812 1326 1852 junctum
1358 1812 1486 1843 aedibus
1525 1813 1712 1854 vineaeque,

1019 1872 1128 1903 neque
1163 1862 1346 1893 vindicare.
1385 1863 1516 1893 Turueb.
1547 1863 1598 1893 lib.
1630 1872 1712 1895 xiil.

1018 1922 1083 1951 cap.
1099 1913 1154 1942 ult.
1189 1914 1301 1943 Simeo
1321 1913 1439 1944 Bosius
1456 1913 1632 1953 legendum
1651 1923 1711 1953 pn-

1020 1963 1126 1998 tabat,
1140 1973 1294 2002 compage,
1307 1963 1426 2002 literis,
1443 1967 1479 1994 ut
1497 1963 1550 1992 illc
1562 1963 1713 2002 dicebat,

1019 2014 1246 2053 transpositis,
1272 2018 1306 2044 et
1329 2023 1352 2052 g
1375 2023 1435 2052 pro
1465 2023 1480 2043 c
1502 2018 1654 2053 accepta,
1678 2013 1710 2044 iu

1018 2063 1257 2094 connnentario
1288 2063 1321 2093 in
1349 2062 1510 2102 epistolas
1546 2062 1587 2093 ad
1620 2062 1710 2094 Atti-

1016 2123 1102 2145 cum.
1251 2124 1254 2125 ⁷
1297 2109 1301 2115 *

1060 2163 1150 2194 PAG.
1164 2165 1238 2194 974.
1258 2161 1484 2202 Titivillitium]
1502 2163 1625 2193 Festus
1640 2163 1710 2193 nul-

1016 2213 1078 2244 lius
1110 2213 1361 2253 significationis
1403 2223 1475 2244 esse
1513 2215 1644 2253 scribit,
1673 2218 1710 2245 ut

1016 2262 1104 2303 apud
1123 2264 1263 2294 Graecos
1281 2267 1333 2294 est
1346 2263 1479 2301 nullius,
1493 2263 1710 2295 mmv8a6bset

1013 2311 1145 2351 βλιθυρί.
1169 2312 1228 2343 scd
1257 2317 1376 2343 auctor
1400 2322 1465 2343 non
1492 2320 1709 2345 contemnen-

1015 2364 1075 2394 dus
1104 2363 1300 2403 Fulgentius
1331 2363 1560 2394 tezrtivfflitium
1589 2364 1708 2404 legisse

1015 2414 1162 2454 videtur,
1186 2424 1260 2444 cum
1288 2414 1336 2444 ita
1364 2413 1509 2444 scribat:
1533 2414 1708 2445 Textivilli-

1015 2465 1093 2494 tium
1108 2463 1169 2494 dici
1185 2464 1344 2494 voluerunt
1357 2463 1420 2504 fila
1435 2463 1572 2503 putrida,
1588 2474 1656 2503 quoe
1671 2466 1709 2495 de

1013 2514 1084 2544 telis
1108 2515 1231 2544 cadant.
1278 2513 1344 2543 Hic
1372 2522 1454 2552 ergo
1482 2513 1709 2545 eea-civitatium

1016 2573 1084 2594 rem
1108 2563 1298 2594 vilissimam
1324 2563 1550 2604 interpretor:
1577 2564 1708 2595 tametsi

1015 2619 1127 2645 autem
1156 2613 1290 2644 videtur
1316 2614 1417 2644 Festo
1444 2613 1633 2645 effictitiurn
1658 2620 1707 2646 te-

1015 2674 1105 2696 mere
1125 2664 1321 2696 vocabulum
1347 2664 1387 2694 ad
1413 2664 1550 2695 vilitatis
1576 2671 1609 2695 et
1629 2674 1707 2695 con-

1017 2714 1210 2755 temptionis
1258 2713 1547 2754 significationem,
1596 2719 1706 2746 tamen
