1876 3025
284 137 372 179 974

725 148 874 179 SEX'H
909 148 1113 179 POMPEII
1149 149 1289 180 FESTI

284 243 517 294 Tifinnire,
537 247 580 285 et
598 243 867 285 titinnabunt
883 248 916 267 ¹²
941 243 1130 285 Naevius
1153 245 1267 287 dixit
1293 258 1374 300 pro
1395 245 1539 287 sonitu
1558 246 1735 287 tintina-

344 312 456 354 buli.

285 379 501 421 Titinnire
517 385 545 409 ¹³
559 385 572 402 ⁰
594 383 661 420 est
682 378 801 433 apud
823 378 1032 420 Naevium
1053 378 1136 420 hoc
1158 380 1316 422 modo:
1344 380 1537 421 Tantum
1567 380 1736 434 [FES‘r.

345 445 451 489 ubid
483 447 615 489 molle
633 451 667 477 ¹4
696 448 912 500 crepitum
942 447 1178 498 faciebant,
1211 448 1518 489 titinnabant¹⁵
1559 461 1739 502 compe-

347 516 451 557 des:
483 520 528 557 et
557 515 674 569 apud
700 513 960 556 Afranium:
994 513 1181 557 Ostiarii
1209 516 1551 570 impedimentae
1581 517 1738 558 tinnire

348 583 497 624 audio.

288 648 617 693 Titivillitiumf
642 651 808 693 nullius
838 651 1177 705 significationis
1209 656 1293 698 est,
1323 655 1372 692 ut
1403 650 1519 705 apud
1551 650 1737 693 Graecos

904 769 1147 782 ΟΟΟΙΟΝΝΜ

332 849 372 878 12
396 846 476 877 Vet.
494 845 551 876 lib.
578 846 733 877 Tintinire
757 850 788 877 et
803 847 1096 878 &minabunt—13
1109 848 1187 878 Vet.
1205 847 1264 878 lib.
1281 847 1447 878 Tintinire.
1472 845 1563 876 Vide
1576 845 1740 877 Notas.—

291 893 329 921 14
354 890 415 920 Vir
431 889 523 921 doct.
537 890 568 920 in
586 899 692 930 marg.
709 889 763 921 ed.
778 891 869 922 Scal.
883 891 972 931 conj.
987 891 1203 921 mollem—15
1227 891 1308 922 Vet.
1324 890 1383 920 lib.
1400 889 1604 921 tintinabant.

943 1015 1088 1047 NOTAE

334 1097 347 1112 θ
373 1089 543 1130 Titinnire]
567 1089 698 1121 Afranii
715 1100 833 1122 versus
844 1089 992 1122 refertur

291 1152 310 1172 a
329 1142 455 1181 Nonio,
478 1151 521 1173 ex
545 1142 705 1182 Vopisco.
737 1144 746 1159 ⁴
761 1142 926 1173 Titinnire
939 1143 991 1182 ja-

292 1193 410 1223 nitoris
424 1192 665 1233 impedimenta
678 1193 802 1224 audio!
819 1194 895 1224 Ant.
907 1193 993 1232 Aug.

337 1241 508 1281 Titinnire]
539 1243 684 1273 veteres
701 1242 870 1273 editiones
891 1242 992 1273 Tinti-

291 1303 378 1331 nare,
393 1298 428 1324 et
444 1293 492 1324 ita
510 1293 663 1324 Catullus
681 1294 713 1323 in
730 1303 830 1324 manu
847 1293 991 1333 scripto:

292 1344 301 1359 ‘
317 1343 499 1374 Tintinant
516 1354 636 1375 aures:
668 1345 802 1384 gemina
830 1349 993 1383 teguntur

293 1394 436 1425 Lumina
466 1393 600 1425 nocte:'
645 1402 679 1425 et
723 1395 831 1426 Naevii
863 1404 992 1432 versus,

294 1454 393 1484 quem
416 1444 513 1482 citat,
536 1454 601 1475 non
629 1446 730 1476 aliter
755 1445 880 1476 habet:
911 1445 993 1475 Tan-

293 1498 361 1524 tum
376 1494 427 1524 ubi
444 1494 531 1525 molle
546 1495 696 1534 crepitum
711 1495 846 1535 sacient,
863 1494 994 1525 tintina-

293 1544 368 1574 bunt
397 1546 561 1585 compedes.
607 1546 745 1576 Dictum
776 1550 921 1585 apparet
951 1546 994 1576 ab

294 1604 347 1633 eo,
360 1595 416 1635 qui
433 1595 538 1625 servis
552 1596 838 1626 interminabatur
863 1596 995 1626 vincula

293 1651 329 1675 et
346 1645 541 1685 compedes,
558 1646 586 1676 si
612 1647 665 1677 vel
682 1645 854 1677 minimum
873 1646 996 1686 strepi-

294 1701 364 1727 tum
382 1696 583 1728 edidissent.
638 1698 735 1728 Molle
761 1699 926 1737 crepitum,
943 1697 995 1738 ἆρ-

293 1749 411 1786 χαϊκῶς
436 1753 602 1779 mutatum
629 1759 744 1787 genus.
791 1749 830 1779 In
859 1748 994 1779 Afranii

294 1807 390 1828 versu
408 1798 537 1828 ostiarii
559 1799 802 1839 impedimenta
826 1809 900 1840 quae
917 1799 997 1838 sint,

295 1849 428 1889 aperiet
459 1847 625 1879 Ovidius:
666 1850 823 1882 ‘Janitor
859 1850 996 1880 immitis

295 1899 378 1930 dura
395 1900 535 1938 religate
552 1900 700 1931 catena.'
721 1902 790 1931 va.
806 1901 888 1931 Scal.

339 1950 513 1990 Titinnire]
550 1951 692 1982 Schedae
723 1953 919 1989 Tintinnare,
943 1951 996 1981 vel

298 2002 471 2038 'nntium-e,
496 2008 531 2031 ut
555 2002 644 2041 apud
674 2003 843 2033 Camunm
871 2002 996 2031 ‘Tinti-

297 2056 380 2082 nant
398 2050 517 2081 aures!
542 2052 623 2082 Dae.

338 2102 352 2122 <²
380 2101 514 2131 Tantum
529 2100 596 2140 ubi]
620 2101 719 2132 Hunc
734 2111 864 2132 versum
884 2101 997 2132 Naevii

296 2153 344 2183 sic
371 2153 546 2190 Scaliger:
583 2151 714 2182 Tantum
738 2152 790 2183 ubi
815 2153 902 2182 molle
931 2162 997 2182 cre·

292 2204 395 2244 picum
424 2202 562 2240 facient,
599 2202 794 2233 tintinabunt
830 2204 998 2242 compedes.

297 2256 435 2285 Dictum
454 2258 601 2294 apparet
618 2253 659 2284 ab
675 2263 727 2288 eo,
751 2253 805 2293 qui
826 2254 930 2283 servis
946 2253 997 2283 in-

298 2304 545 2337 terminabatur
572 2304 707 2335 vincula
733 2310 768 2335 et
799 2303 996 2343 compedes,

297 2355 324 2386 si
343 2356 394 2385 vei
411 2355 584 2385 minimum
600 2355 779 2394 strepitum
797 2354 995 2386 edidissent.

298 2406 395 2436 sslolle
421 2405 584 2445 crepitum,
618 2415 678 2445 pro
703 2406 835 2443 mollem,
864 2410 996 2435 mutato

297 2466 436 2497 genere,
452 2463 490 2486 ut
503 2456 658 2486 solebant
672 2457 812 2496 antiqui.
837 2456 903 2487 Sed
918 2456 996 2487 mihi

297 2506 509 2538 commodum
537 2506 627 2537 aliud
655 2506 689 2536 in
720 2512 865 2537 mentem
895 2507 998 2546 venit,

298 2567 444 2596 nempe:
487 2557 628 2587 Tantum.
646 2557 698 2586 ubi
727 2558 813 2587 moloe
848 2558 999 2597 crepitum

290 2608 464 2645 faciebant,
502 2607 693 2637 tintinabunt
730 2609 897 2647 compedes.
953 2608 998 2638 Et

301 2667 381 2688 sane
395 2659 482 2688 rnoloe
499 2658 530 2688 in
548 2657 688 2688 Schedis
704 2663 892 2689 exaratum.
928 2657 998 2693 Ait,

301 2719 377 2739 cum
416 2709 585 2739 tantillum
623 2708 803 2748 strepitum
849 2707 999 2739 edebant

1042 1091 1150 1126 molae,
1174 1099 1346 1121 servorum
1369 1089 1426 1131 qui
1452 1089 1524 1120 illas
1550 1089 1744 1128 versabant,

1042 1141 1225 1181 compedes
1256 1141 1475 1172 tintinabant.
1521 1141 1567 1171 Et
1593 1140 1742 1180 crepitum

1044 1196 1142 1222 vocat
1157 1192 1307 1226 Naevius,
1321 1201 1419 1232 quem
1430 1191 1592 1230 strepitum
1601 1191 1741 1222 Ennius.

1043 1243 1052 1259 ‘
1067 1244 1144 1276 Quo
1161 1253 1249 1274 nunc
1266 1253 1318 1274 me
1334 1243 1457 1274 ducis?
1491 1243 1558 1275 Ubi
1580 1243 1741 1273 molarum

1043 1294 1225 1333 strepitum
1243 1293 1373 1324 audibis
1390 1292 1592 1324 maximum.'
1616 1293 1714 1324 Idem.

1086 1350 1099 1364 θ
1125 1344 1263 1375 Ostiarii
1286 1343 1519 1384 impedimenta]
1549 1344 1683 1375 Nonius
1709 1342 1742 1373 in

1046 1394 1180 1425 Titim're
1207 1395 1294 1425 hunc
1313 1394 1445 1425 Afranii
1468 1395 1575 1425 locum
1601 1393 1648 1424 sic
1674 1394 1744 1424 lair-

1044 1446 1120 1478 dat:
1158 1448 1167 1463 ‘
1185 1446 1343 1478 Afranius
1370 1447 1546 1486 Vopisco:
1578 1445 1743 1476 Titinuire

1039 1498 1198 1538 janitoris
1229 1498 1471 1538 impedimenta
1508 1496 1633 1528 audio.'
1677 1496 1742 1526 Sed

1046 1549 1185 1579 Festum
1203 1549 1297 1589 sequi
1315 1549 1422 1578 malo:
1449 1557 1508 1587 per
1530 1547 1658 1577 ostiarii
1685 1546 1744 1576 im-

1045 1599 1241 1639 pedimenta
1271 1599 1417 1630 Catenas
1449 1598 1622 1637 intellige:
1663 1596 1744 1627 Ovi-

1045 1650 1138 1680 dius:
1165 1651 1174 1667 ‘
1190 1649 1325 1680 Janitor
1342 1648 1478 1679 immitis
1502 1647 1584 1678 dura
1601 1647 1742 1687 religate

1045 1703 1190 1731 catena!
1221 1701 1318 1731 Idem.

1088 1748 1099 1770 s
1122 1749 1354 1790 Titivillicz'um]
1402 1750 1527 1782 Graeca
1566 1748 1670 1780 verba
1701 1757 1743 1778 ex

1046 1801 1226 1832 Ammonio
1262 1802 1409 1833 restituit
1442 1801 1581 1832 Fulvius
1618 1805 1743 1830 nostor.

1047 1853 1162 1883 Plani.
1179 1853 1210 1883 in
1229 1853 1362 1883 Casina.
1400 1852 1488 1882 Vide
1506 1852 1647 1892 Fulgeu.
1666 1850 1746 1880 Pta-

1046 1904 1132 1935 ciad.
1155 1903 1234 1934 Ant.
1250 1904 1337 1943 Aug.

1092 1955 1321 1994 Titivillieium]
1348 1955 1445 1985 Inter
1473 1964 1512 1984 ea
1539 1952 1745 1984 censendum

1047 2014 1121 2044 quae
1154 2005 1269 2035 Graeci
1301 2005 1418 2035 Critici
1447 2009 1567 2034 vocant
1601 2004 1745 2040 ἐπιφθεγ-

1044 2054 1173 2092 ματικὰ,
1199 2055 1311 2085 Latini
1344 2060 1478 2085 veteres
1506 2052 1650 2093 effutilia.
1670 2052 1744 2084 Jos.

1046 2106 1140 2136 Scan.

1092 2155 1326 2195 Titii-illirium]
1350 2156 1424 2186 Vox
1437 2155 1558 2185 nullius
1578 2153 1746 2193 significa-

1047 2206 1159 2240 tionis.
1176 2207 1293 2246 quales
1311 2205 1426 2237 Graeci
1452 2210 1574 2235 vocant
1603 2204 1746 2242 ἐπιφθεγ-

1049 2256 1174 2294 ματικὰ,
1186 2256 1296 2286 Latini
1311 2261 1443 2286 veteres
1453 2254 1599 2295 effutilz'a.
1618 2255 1662 2285 At
1675 2255 1747 2285 Ful-

1052 2307 1188 2347 gentius
1211 2306 1390 2336 Plariades
1415 2305 1684 2343 ‘Titivillitium‚’
1701 2307 1748 2336 in·

1052 2357 1137 2397 quit,
1154 2362 1161 2374 ‘
1179 2357 1245 2387 dici
1261 2356 1437 2386 voluerunt
1449 2354 1505 2385 (iia
1523 2355 1656 2395 putrida
1673 2365 1746 2396 quae

1053 2407 1094 2437 de
1133 2407 1208 2438 telis
1246 2405 1395 2437 cadunt.'
1440 2406 1555 2438 Quare
1593 2406 1748 2444 suspicor

1052 2458 1227 2497 scripsisse
1258 2456 1475 2496 Fulgentium
1503 2456 1703 2487 telivillitium
1729 2466 1749 2487 a

1050 2509 1113 2539 tela
1129 2513 1162 2539 et
1186 2508 1290 2539 tillus.
1336 2506 1381 2537 At
1398 2507 1574 2537 Turnebus
1592 2506 1650 2536 iib.
1668 2515 1747 2538 xw.

1052 2559 1183 2589 advers.
1212 2568 1287 2597 cap.
1311 2560 1341 2588 3.
1370 2557 1620 2596 Textivillitium,
1641 2561 1678 2588 ut
1703 2557 1748 2587 sit

1053 2609 1277 2648 compositum
1294 2618 1334 2638 ex
1352 2611 1440 2638 textu
1456 2614 1490 2638 et
1507 2607 1639 2638 vilitate.
1665 2608 1748 2637 Ver<

1053 2668 1107 2689 sus
1125 2659 1251 2697 Plauti,
1268 2667 1366 2699 quem
1388 2659 1506 2689 Festus
1531 2656 1649 2695 refert,
1665 2662 1715 2687 est
1731 2667 1749 2687 e

1053 2708 1167 2740 casin.
1180 2713 1252 2740 raet.
1269 2718 1309 2739 11.
1326 2718 1372 2739 sc.
1395 2713 1425 2739 ὸ.
1470 2707 1535 2738 Sed
1562 2717 1623 2749 pro
1639 2707 1750 2747 empsi-
