1876 3025
320 158 381 188 DE
413 154 685 187 VERBORUM
718 151 1125 184 SlGNIFlCA'PIONE
1160 152 1255 183 LlB.
1290 151 1373 181 XV.

1491 141 1576 182 697

181 268 304 296 muro
324 253 461 295 fretus
483 251 623 306 magis
640 264 773 306 quam
795 251 850 292 de
870 262 1021 291 manus
1040 249 1159 302 impe

176 322 398 364 secundo:
445 320 650 372 Quamde
680 325 781 361 tuas
820 319 962 360 omnis
990 317 1204 370 legiones,
1241 327 1295 356 ac
1328 313 1574 368 popularis.

179 391 234 431 Et
256 390 512 431 Lueretius:
547 389 701 430 Clarus
732 388 788 428 ob
804 383 1061 428 obscuram¹
1088 385 1280 438 linguam
1302 383 1442 436 magis
1464 383 1578 423 inter

180 459 346 501 inanes.

126 527 328 579 Quamde
358 539 437 581 pro
458 539 590 580 quam
614 525 823 566 dicebant
845 522 1032 577 antiqui.

408 457 610 508 Quamde
634 456 780 510 gravis
802 454 989 509 tergajos
1009 459 1024 484 7
1047 453 1124 507 qui
1145 464 1247 493 vera
1268 451 1509 505 requirunt.

1395 518 1577 569 [PAUL.

107 595 274 647 ·Quam
297 608 402 636 mox
425 593 660 647 significat,
683 605 814 646 quam
833 592 923 632 cito
945 604 954 632 :
977 588 1053 631 sed
1081 589 1118 629 si
1140 601 1216 642 per
1238 599 1284 628 se
1304 598 1386 640 po·
1416 585 1579 640 [FEST.

180 678 262 706 nas
283 677 404 714 mox,
428 661 695 716 significabit
715 659 851 714 paulo
873 663 993 713 post,
1009 657 1078 699 vel
1100 663 1271 711 postea.

127 732 321 783 Quando
362 744 461 773 cum
501 729 623 783 gravi
655 741 765 769 voce
794 725 1118 781 pronunciatur,
1140 723 1360 777 significat
1402 721 1579 773 [PAUL.

182 800 317 856 quod,
340 799 570 854 quoniam3
594 800 637 838 et
649 800 716 838 est
738 795 1007 850 conjunctio:
1027 792 1203 848 quando
1226 794 1355 833 acuto
1380 794 1579 837 accentu,

181 874 247 911 est
264 867 478 923 temporis
496 865 769 908 adverbium.

130 936 345 981 Quandom
381 950 470 976 cum
516 933 638 990 gravi
677 945 768 973 voce
809 930 1116 986 pronuntiatur
1151 927 1370 982 significat
1418 926 1582 979 [FEST-

182 1004 303 1061 quod‚
324 1003 528 1060 quoniam,
548 1008 585 1043 ec
606 1007 661 1042 est
677 998 919 1055 conjunctz'O,
941 1002 991 1039 ut
1013 997 1200 1038 Plautus
1226 996 1270 1036 in
1294 993 1557 1035 Menaechmis
1571 1009 1582 1031 .-

184 1073 281 1114 Ideo
308 1072 406 1128 quia
443 1083 652 1120 mensam,
680 1067 857 1123 quando
892 1067 990 1116 edo,
1022 1065 1261 1118 detergeo:
1295 1068 1340 1104 et
1375 1063 1419 1103 in
1442 1062 1583 1102 Pseu-

181 1142 286 1184 dolo
304 1156 313 1183 :
335 1141 486 1190 Dabo,
508 1138 684 1193 quando
705 1137 800 1178 erit.

864 1136 1048 1184 Ducito,
1072 1133 1251 1188 quando
1273 1130 1472 1172 habebis.
1518 1129 1576 1170 Et

185 1209 355 1251 Ennius
388 1209 499 1250 libro
533 1205 870 1249 sextodecimo:
904 1203 1013 1245 Nox
1035 1200 1212 1257 quando
1249 1197 1407 1241 mediis
1437 1196 1578 1250 signis

731 1345 977 1359 OOOOONO‘OOO

169 1433 187 1461 7
213 1430 292 1461 Vet.
308 1429 365 1461 lib.
382 1428 501 1460 Graius
517 1428 601 1460 inter
620 1426 749 1458 Graios.

786 1544 930 1578 NOTAE

131 1627 423 1659 animadversum:
442 1625 520 1656 Cum
530 1623 620 1656 multi
637 1623 831 1655 Veterestes-

128 1679 253 1710 timonio
282 1681 366 1714 sunt,
396 1681 462 1708 tum
496 1676 618 1707 Ennius
646 1676 680 1706 in
709 1674 830 1716 primo:

127 1730 287 1769 anpiter,
304 1732 337 1759 ut
360 1737 447 1759 muro
464 1727 571 1764 fretus
587 1725 682 1765 magi’
701 1726 830 1765 quamde

128 1790 238 1810 manus
252 1779 296 1811 vi.
340 1780 384 1809 Et
406 1778 536 1809 secundo
553 1788 563 1808 :
597 1777 738 1812 Quamde
758 1779 829 1806 tuas

130 1830 244 1861 omneis
268 1829 403 1869 legiones
425 1839 461 1860 ac
482 1827 655 1870 populares.
697 1826 753 1858 ‘Si
771 1826 828 1867 qui

131 1887 246 1913 tamen
281 1881 336 1912 hic
368 1880 495 1913 Livium
524 1888 585 1920 pro
621 1877 730 1909 Ennio
760 1876 830 1917 legi

130 1934 263 1973 malint,
286 1942 351 1963 non
368 1930 549 1963 admodum
572 1927 754 1970 pugnabo}
780 1927 830 1958 in·

131 1984 203 2025 quit
219 1983 364 2018 Merula,
379 1983 387 1999 ‘
401 1991 475 2013 cum
493 1980 607 2012 Livius
619 1980 720 2012 etiam
734 1983 831 2020 gesta

131 2034 248 2075 populi
282 2034 379 2065 Rom.
413 2032 508 2064 libris
542 2031 661 2063 decem
690 2034 726 2062 et
750 2035 831 2062 octo

130 2084 385 2126 conscripserit,
399 2083 457 2125 qui
474 2082 612 2113 annales
628 2081 758 2113 Liviani
776 2090 832 2111 vo·

134 2135 277 2167 cantur.’
321 2135 389 2166 Sed
406 2134 449 2165 de
466 2133 654 2165 Annalibus
679 2132 830 2165 Livianis

132 2186 266 2218 abunde
291 2184 392 2217 infra.
439 2185 579 2216 Interim
612 2184 667 2216 hic
693 2183 832 2214 Ennium

130 2238 198 2278 legi
215 2237 341 2269 debere
357 2242 489 2269 certum
503 2242 566 2268 est.
599 2236 645 2267 Et
660 2235 693 2266 in
712 2244 831 2266 versu:

130 2289 289 2330 Juppiter,
299 2289 382 2319 haud
394 2297 478 2319 muro
479 2287 587 2325 fretus
596 2285 693 2326 magi’
705 2286 834 2326 quamde

133 2350 241 2371 manus
262 2341 314 2370 vi:
346 2339 449 2370 verba
469 2337 603 2371 Romuli
629 2336 744 2368 forsan
771 2346 832 2376 op-

133 2390 251 2430 tantis,
276 2396 312 2421 ut
340 2390 428 2430 Pop.
455 2390 550 2420 Rom.
581 2397 615 2419 se
642 2397 708 2418 non
734 2396 831 2418 muro

133 2441 240 2482 magis
256 2451 355 2482 quam
370 2439 497 2472 viribus
517 2443 553 2470 et
572 2437 716 2470 audacia
737 2442 832 2469 tuea-

135 2496 200 2522 tur.
223 2492 305 2522 Duc.

177 2540 183 2561 ¹
209 2542 320 2572 Clarus
345 2541 381 2572 ob
406 2541 582 2582 obscuram]
618 2540 709 2580 Lege
734 2541 772 2569 ut
797 2537 831 2569 in

133 2593 233 2625 editt.
257 2594 368 2624 Clarus
383 2594 419 2624 ob
434 2594 593 2625 obscuram
612 2592 753 2631 linguam
768 2600 829 2620 ma·

132 2646 184 2684 gis
214 2645 296 2675 inter
319 2644 426 2675 inanes
449 2645 588 2680 Quamde
613 2642 722 2683 gravis
749 2642 834 2672 inter

138 2695 253 2726 Graios
278 2695 331 2734 qui
363 2703 436 2725 vera
467 2695 638 2734 requirunt.
693 2692 834 2728 Quamde

134 2750 258 2785 autem,
274 2745 353 2786 quia
370 2745 402 2775 in
422 2744 486 2775 illis
502 2748 578 2783 tam,
592 2742 780 2783 quamdam,
801 2746 836 2772 et

885 1620 958 1652 aliis
983 1617 1157 1650 addebant
1180 1626 1208 1653 e,
1232 1619 1268 1647 et
1292 1615 1313 1646 d
1338 1616 1457 1655 postea
1481 1612 1589 1644 inser-

887 1677 969 1703 tum.
994 1671 1093 1701 Idem.

927 1729 949 1745 ¹¹¹
975 1720 1121 1761 Quando]
1145 1718 1270 1750 Verbis
1295 1716 1387 1748 Festi
1406 1725 1517 1756 pauca
1530 1715 1588 1747 de-

884 1779 983 1805 sunt:
1010 1772 1069 1804 sed
1098 1771 1210 1802 omnia
1245 1769 1404 1809 exempla
1429 1767 1590 1799 videntur

882 1824 924 1856 ad
938 1830 1072 1863 tempus
1087 1821 1276 1863 pertinere:
1292 1818 1367 1850 ideo
1378 1817 1590 1858 miror,1unde

884 1875 1012 1907 Paulus
1030 1873 1211 1914 Epitomen
1223 1868 1427 1907 confecerit,
1440 1868 1505 1899 nisi
1520 1878 1589 1900 me-

883 1926 1000 1957 liorem
1024 1923 1161 1962 librum,
1179 1921 1268 1963 quod
1294 1929 1336 1951 ex
1353 1919 1426 1950 aliis
1444 1928 1585 1959 cognos-

885 1986 939 2016 co,
955 1974 1124 2007 habuerit.
1168 1972 1284 2004 Plauti
1300 1980 1418 2002 versus
1440 1970 1590 2002 refertur

885 2037 928 2058 ex
953 2023 1197 2057 Menaechmis:
1240 2021 1359 2056 ‘Ideo‚
1386 2020 1465 2062 quia
1497 2030 1592 2052 men-

885 2086 970 2116 sam,
999 2073 1133 2118 quaudo
1169 2073 1246 2109 edo,
1278 2069 1465 2112 detergeo!
1510 2071 1590 2103 Ant.

886 2128 972 2167 Aug.

931 2176 1078 2216 Quando]
1125 2173 1293 2214 Exempla
1340 2172 1474 2212 Plauti,
1511 2181 1589 2213 quae

886 2231 1007 2261 Festus
1047 2225 1199 2264 adducit,
1240 2223 1341 2264 plane
1381 2223 1591 2254 contrarium

887 2280 1046 2322 probant,
1070 2286 1175 2319 quare
1201 2274 1337 2307 omnino
1356 2274 1457 2304 aliter
1474 2273 1588 2314 legen-

887 2331 966 2362 dum
985 2335 1058 2361 est:
1084 2336 1226 2368 nempe:
1254 2325 1399 2363 Quando,
1412 2334 1481 2355 cum
1493 2324 1590 2363 gravi

886 2393 958 2415 voce
982 2378 1219 2421 pronunciatur,
1246 2375 1407 2417 significat
1433 2376 1590 2415 quoniam.

886 2434 990 2466 Acuta
1005 2441 1077 2463 vero
1103 2433 1148 2462 est
1175 2426 1322 2468 temporis
1345 2426 1538 2466 adverbium,
1553 2430 1587 2458 ut

890 2486 1021 2517 Plautus
1054 2483 1087 2513 in
1121 2477 1335 2516 Menaechmis,
1359 2479 1413 2516 ᾅτ.
1469 2477 1591 2518 Neque

886 2536 974 2567 enim
992 2535 1024 2566 in
1042 2531 1154 2564 verbis
1172 2528 1288 2560 Plauti
1303 2526 1341 2558 τὸ
1351 2528 1472 2569 quando
1488 2526 1590 2566 signi-

887 2587 968 2618 fleat
997 2583 1150 2625 quoniam,
1181 2579 1240 2611 sed
1271 2588 1376 2619 quum,
1400 2579 1452 2617 ἅμ’.
1497 2576 1592 2608 Nihil

888 2636 1025 2669 certius.
1061 2631 1162 2666 Quod
1180 2631 1227 2662 ait
1242 2634 1357 2661 autem
1374 2628 1493 2658 ultima
1510 2636 1589 2658 acu-

889 2694 936 2728 ta,
967 2688 1020 2719 vel
1052 2684 1157 2727 gravi,
1181 2682 1259 2713 vide
1285 2685 1404 2711 notata
1437 2679 1469 2710 in
1500 2679 1589 2709 ‘luss

892 2738 1004 2773 trum,’
1024 2738 1033 2754 ‘
1047 2734 1148 2776 e1·go,’
1165 2738 1173 2752 ‘
1187 2730 1312 2764 modm’
1335 2730 1417 2762 Dae.
