1876 3025
234 137 319 179 666

688 151 837 181 SEXTI
874 153 1075 184 POMPEll
1110 155 1244 186 FESTI

291 244 479 297 pomerii
499 244 762 298 proferendi,
783 247 854 301 qui
881 247 1081 301 populum
1110 247 1344 291 Romanum
1381 266 1481 307 agro
1517 252 1564 293 de
1585 251 1674 293 hos-

294 310 400 352 tibus
438 319 554 366 capto
584 321 814 354 auxerunt.-
861 315 1185 370 antiquissimum
1225 316 1395 359 Romuli
1433 320 1675 375 pomaerium

294 376 487 420 Palatini
522 381 666 421 montis
704 382 906 423 radicibus
945 383 1270 426 terminabatur:
1312 387 1492 440 portulit
1518 387 1563 428 id
1585 386 1675 428 Ser.

298 445 457 487 Tullius
478 462 560 488 rex.

621 447 726 489 Item
748 448 802 492 L.
828 448 1039 491 Cornelius
1072 450 1192 507 Sylla
1211 453 1388 495 dictator
1407 454 1605 504 imitatus,
1628 461 1675 494 ut

291 513 467 566 videtur,
493 513 531 555 T
527 514 672 556 ullium
692 515 844 572 Regem
857 517 1047 573 proferre
1067 520 1296 574 temptavit.
1342 520 1423 563 Sed
1433 522 1673 577 pomoerz‘um

887 667 1027 699 NOTAE

237 757 288 782 tra
304 760 418 793 agrum
443 752 594 789 effatum,
623 764 683 795 per
708 755 812 786 totius
835 754 928 786 urbis

236 801 412 833 circuitum
447 813 533 844 pone
577 814 688 836 muros
733 806 928 845 regionibus

236 852 339 884 certis
356 853 612 893 determinatus,
639 856 696 896 qui
722 854 805 887 facit
828 855 928 887 finem

234 903 355 935 urbani
403 905 556 945 auspicii.
616 905 742 946 Agrum
790 905 928 938 effatum

235 954 325 984 intra
348 955 470 985 moenia
503 954 608 987 fnisse
653 963 769 989 notum
800 963 865 996 est,
893 963 928 989 at

235 1003 326 1035 intra
363 1015 437 1035 eum
473 1005 538 1037 fuit
582 1008 790 1049 pomoerium,
827 1009 928 1040 immo

236 1054 339 1085 etiam
370 1060 406 1086 et
435 1056 634 1095 pomoerium
671 1057 771 1089 finem
806 1058 928 1090 urbani

237 1105 382 1145 auspicii
421 1104 583 1138 faciebat.
641 1107 702 1140 Ait
736 1109 858 1141 Festus
888 1119 931 1140 ex

238 1154 381 1193 Catone,
434 1156 588 1198 antiquos
639 1164 738 1190 extra
789 1159 933 1191 Aventi-

237 1214 314 1237 num
343 1206 512 1247 auspicari
538 1208 654 1240 solitos
688 1209 808 1250 fuisse,
838 1216 930 1252 post-

237 1266 278 1287 ea
315 1257 403 1288 intra
436 1258 593 1290 aedificia.
652 1260 762 1292 Extra
789 1261 931 1294 Aventi-

236 1316 315 1337 num
333 1308 600 1348 auspicabantur
615 1315 693 1342 ante
713 1311 854 1343 Romam
870 1313 933 1343 sci-

236 1357 318 1388 licet
345 1358 513 1390 conditam
535 1364 569 1390 et
592 1362 787 1400 pomoerium
817 1372 933 1394 conse-

236 1412 381 1448 eratum,
396 1407 545 1441 effatum.
588 1410 654 1442 Sed
680 1417 797 1452 postea
816 1422 932 1444 conse-

238 1463 334 1489 crato
349 1460 523 1500 pomoerio,
540 1461 631 1491 intra
648 1460 802 1499 aedificia,
815 1462 847 1493 id
865 1468 933 1502 est,

239 1508 329 1538 intra
345 1508 473 1544 urbem,
500 1512 708 1551 pomoerium.
753 1512 868 1554 Atque
885 1514 934 1545 ita

238 1559 377 1590 Catonis
408 1560 517 1591 locum
542 1562 797 1601 intelligendum
835 1574 933 1595 nemo

239 1618 306 1640 non
327 1609 430 1642 videt.
476 1611 581 1643 Addit
612 1614 734 1645 Festus
758 1615 932 1656 antiquum

239 1662 437 1700 pomoerium
456 1662 602 1695 Palatini
625 1665 747 1696 montis
764 1666 934 1698 radicibus

239 1711 468 1753 terminatum,
495 1714 547 1744 eui
576 1714 770 1747 adsentiens
796 1717 934 1748 Tacitus

239 1761 309 1792 ait:
333 1762 456 1794 ‘certis
475 1763 598 1803 spaciis
621 1774 639 1795 a
666 1765 807 1797 Romulo
831 1767 936 1797 inter-

234 1810 349 1850 jectos
363 1811 467 1844 fuisse
484 1814 614 1855 lapides
639 1825 700 1855 per
723 1816 789 1847 ima
811 1819 935 1849 montis

241 1861 419 1903 Palatini,'
444 1864 578 1896 scilicet
594 1866 764 1906 lapidibus
781 1867 852 1898 istis
870 1868 937 1899 Ro-

241 1911 348 1942 mulus
378 1912 452 1943 vice
475 1922 645 1951 murorum
671 1924 762 1951 usus,
784 1921 821 1947 ut
846 1917 937 1948 intra

242 1971 301 1992 eos
322 1963 562 1994 terminaretur
584 1966 800 2006 pomoerium,
827 1972 861 1999 et
890 1969 937 1999 ita

241 2011 342 2042 etiam
373 2013 450 2043 olim
475 2012 602 2052 fiebat;
638 2014 816 2056 designato
842 2027 936 2049 muro

240 2062 479 2094 statuebantur
504 2064 596 2104 cippi
628 2065 681 2096 vel
711 2066 844 2106 lapides
880 2068 936 2109 qui

241 2113 403 2151 pomoerio
419 2119 454 2144 et
471 2114 627 2154 auspiciis
650 2114 805 2148 facerent
822 2117 936 2151 finem.

240 2163 387 2203 Subjicit
417 2164 551 2196 tandein
580 2166 701 2198 Festus
725 2167 766 2198 iis
804 2174 934 2201 tantum

243 2212 438 2253 proferendi
467 2216 619 2254 pomoerii
639 2217 697 2256 jus
723 2217 851 2259 datum,
878 2222 934 2261 qui

241 2264 404 2303 populum
447 2264 546 2296 Rom.
589 2276 671 2306 agro
706 2267 748 2299 de
786 2269 936 2302 hostibus

242 2318 344 2353 capto
368 2313 571 2347 ditaverant.
621 2315 728 2356 Atqui
756 2319 836 2350 nihil
867 2322 935 2352 tale

242 2373 390 2404 unquam
413 2364 455 2395 de
470 2366 573 2395 muris
589 2372 726 2398 cantum
742 2367 847 2400 fuisse
864 2380 934 2401 cer-

244 2417 314 2444 tum
341 2419 402 2449 est,
423 2419 458 2445 et
483 2416 590 2446 cuivis
614 2426 725 2448 muros
751 2420 935 2459 ampliandi

240 2463 344 2495 fuisse
381 2474 516 2506 semper
566 2471 770 2507 potestatem
806 2469 935 2503 datam.

243 2514 410 2555 Ampliari
441 2515 543 2555 igitur
568 2522 725 2556 poterant
758 2520 844 2550 muri
870 2530 935 2552 non

243 2565 404 2606 ampliato
427 2566 600 2606 pomoerio.
643 2567 700 2599 lta
738 2573 806 2600 est:
845 2569 936 2602 Audi

242 2615 395 2646 Flavium
421 2616 606 2656 Vopiscum
644 2616 687 2648 de
728 2616 932 2653 Aureliano:

243 2664 332 2695 ‘His
362 2665 469 2705 actis‚'
513 2666 633 2708 inquit,
669 2667 762 2699 ‘cum
803 2670 938 2702 videret

244 2723 342 2754 posse
370 2714 456 2757 fieri,
482 2721 521 2748 ut
556 2716 680 2759 aliquid
712 2719 780 2751 tale
805 2719 939 2761 iterum,

982 756 1083 796 quale
1100 755 1162 787 sub
1178 755 1337 787 Gallieno
1359 758 1535 794 evenerat,
1559 763 1676 795 prove-

983 806 1082 842 niret,
1097 806 1246 838 adhibito
1258 806 1396 837 consilio
1409 806 1551 836 Senatus
1565 814 1677 836 muros

983 856 1076 886 urbis
1106 857 1220 888 Romae
1249 856 1418 888 dilatavit.
1464 856 1538 887 Nec
1562 860 1677 886 tamen

983 907 1145 946 pomoerio
1172 906 1306 938 addidit
1342 916 1383 938 eo
1424 911 1590 946 tempore,
1616 904 1675 936 sed

984 962 1112 997 postea.
1137 957 1306 989 Pomoerio
1319 962 1431 998 autem
1449 956 1574 987 nemini
1590 956 1678 996 prin-

981 1007 1094 1048 cipum
1112 1008 1194 1039 licet
1208 1007 1345 1044 addere,
1373 1007 1435 1038 nisi
1452 1007 1496 1046 ei,
1521 1006 1577 1048 qui
1603 1006 1676 1047 agri

981 1058 1159 1090 Barbarici
1196 1059 1309 1100 aliqua
1356 1063 1455 1098 parte.
1496 1058 1677 1088 Romanam

981 1118 1088 1150 remp.
1104 1108 1376 1150 locupletaverit.
1406 1107 1552 1139 Addidit
1565 1112 1677 1138 autem

982 1159 1165 1199 Augustus,
1197 1159 1328 1190 addidit
1369 1158 1548 1199 Trajanus,
1584 1156 1679 1188 addi-

982 1210 1032 1242 dit
1051 1211 1142 1243 Nero
1154 1210 1214 1241 sub
1232 1219 1298 1251 quo
1315 1210 1446 1241 Pontus
1463 1207 1680 1239 Polemonia-

981 1270 1051 1296 cus,
1068 1266 1103 1292 et
1125 1260 1231 1301 Alpes
1245 1260 1368 1292 Cottiae
1386 1260 1538 1291 Romano
1553 1258 1680 1289 nomini

983 1310 1143 1342 tributa!
1187 1310 1290 1341 Vides
1317 1309 1536 1341 Aurelianum
1567 1318 1679 1340 muros

983 1362 1174 1402 ampliasse,
1188 1370 1253 1392 non
1268 1359 1431 1400 promotis
1444 1359 1595 1400 pomoerii
1612 1364 1679 1390 ter-

982 1412 1093 1446 minis,
1109 1411 1211 1453 idque
1226 1411 1308 1442 satis
1334 1410 1461 1441 evincit
1484 1410 1574 1440 intra
1600 1419 1680 1439 moe-

982 1462 1050 1502 nia,
1082 1471 1171 1503 pone
1199 1470 1312 1492 muros
1341 1460 1539 1501 pomoerium
1565 1458 1680 1490 fuisse.

985 1513 1071 1544 Nam
1087 1513 1257 1554 alioqui,si
1270 1517 1347 1543 ante
1361 1521 1472 1543 muros
1483 1510 1679 1552 pomoerium

983 1562 1182 1605 fuisset,qui
1200 1563 1365 1604 potuisset
1384 1562 1590 1593 Aurelianus
1605 1570 1676 1592 mu-

985 1624 1039 1645 ros
1065 1614 1238 1645 dilatando
1258 1613 1406 1654 pomoerii
1432 1613 1593 1644 terminos
1621 1622 1679 1643 sno

985 1666 1060 1696 loco
1077 1663 1287 1706 relinquere?
1319 1664 1369 1694 his
1397 1662 1485 1694 addo
1507 1672 1549 1693 ex
1576 1662 1681 1693 Laelio

986 1715 1099 1746 Felice
1122 1714 1212 1755 apud
1238 1714 1330 1746 Gell.
1352 1713 1411 1744 lib.
1439 1721 1498 1744 xv.
1526 1721 1601 1752 cap.
1628 1715 1682 1743 27.

985 1765 1176 1796 centuriata
1199 1763 1337 1795 comitia
1365 1763 1454 1794 intra
1483 1762 1681 1803 pomoerium

985 1814 1059 1847 fieri
1078 1814 1169 1846 nefas
1186 1824 1273 1849 esse,
1285 1814 1364 1855 quia
1379 1813 1569 1844 exercitum
1585 1817 1684 1844 extra

986 1865 1105 1896 urbem
1136 1865 1294 1905 imperari
1315 1868 1487 1905 oporteat,
1511 1863 1600 1894 intra
1631 1872 1685 1894 ur-

986 1915 1063 1946 bem
1078 1914 1314 1955 imperarejus
1330 1923 1396 1945 non
1407 1913 1474 1944 sit:
1499 1918 1683 1953 propterea

987 1965 1181 1996 centuriata
1206 1964 1238 1995 in
1256 1965 1385 2003 Campo
1411 1963 1540 1994 Martio
1556 1962 1684 1994 haberi.

987 2014 1103 2056 Atque
1140 2015 1212 2045 liaec
1248 2013 1291 2045 de
1330 2014 1481 2045 Romano
1521 2014 1684 2053 pomoerio

988 2065 1077 2106 quod
1106 2064 1185 2095 viris
1205 2063 1315 2095 doctis
1347 2064 1428 2094 satis
1446 2063 1609 2094 hacteuus
1634 2064 1683 2103 ig-

987 2120 1156 2155 noratum,
1183 2115 1270 2145 inter
1297 2124 1380 2155 quos
1409 2113 1518 2152 fuere,
1542 2113 1597 2154 qui
1626 2123 1682 2144 au·

988 2165 1108 2197 dacter
1141 2163 1347 2196 affirmarent
1385 2164 1559 2204 antiquum
1601 2163 1683 2194 illud

990 2216 1188 2256 pomoerium
1204 2219 1302 2245 extra
1315 2213 1432 2245 urbem
1443 2213 1559 2245 fuisse.
1603 2215 1669 2246 Qui
1680 2238 1688 2252 ‚

991 2266 1017 2297 si
1041 2266 1080 2297 iis
1105 2265 1296 2306 Augurum,
1321 2265 1495 2305 Varronis,
1522 2264 1685 2304 Pollucis,

990 2321 1025 2347 et
1043 2316 1217 2347 Plutarchi
1234 2314 1348 2355 verba,
1364 2325 1383 2346 a
1402 2324 1455 2346 me
1471 2315 1625 2355 superius
1638 2315 1685 2346 al-

990 2367 1058 2398 lata
1085 2371 1120 2397 et
1148 2367 1328 2406 explicata,
1364 2366 1476 2396 minus
1504 2370 1685 2405 perspecta

989 2422 1078 2458 sunt,
1097 2418 1217 2448 vellem
1244 2416 1398 2457 equidem
1416 2416 1468 2446 vel
1489 2416 1592 2446 solam
1617 2416 1683 2447 vim

991 2469 1082 2499 vocis
1100 2467 1252 2508 pomoerii
1269 2466 1386 2497 sedulo
1411 2466 1685 2507 perpendissent,

991 2523 1090 2559 atque
1118 2518 1165 2548 ita
1180 2526 1282 2556 nunc,
1307 2517 1333 2547 si
1361 2526 1436 2547 cum
1465 2517 1560 2547 Livio
1587 2517 1685 2548 ades-

991 2574 1079 2608 sent,
1108 2567 1353 2608 responderent
1385 2567 1427 2598 de
1452 2567 1607 2598 exercitu
1624 2567 1683 2598 ob-

987 2619 1116 2652 sidione
1157 2617 1273 2649 urbem
1320 2618 1490 2657 cingente,
1524 2617 1686 2659 numquid

988 2670 1046 2701 ille
1086 2673 1162 2709 post
1190 2677 1320 2698 murum
1347 2667 1466 2699 sedere
1497 2667 1683 2698 videretur.

992 2721 1097 2754 Certo
1114 2729 1173 2751 suo
1189 2719 1288 2750 aliter
1304 2718 1563 2759 pronuntiarent
1588 2727 1627 2749 ac
1641 2717 1684 2749 ab
