1876 3025
346 186 408 215 DE
442 181 713 214 VERBORUM
748 176 1153 211 SIGNlFlCATIONE
1191 177 1287 207 LIB.
1324 175 1430 205 xlv.

1534 162 1617 203 (i5t

230 291 450 330 SARTAM,
481 289 786 327 TECTAMQUE
826 285 1039 325 ΗΑΒΕΤΟ,
1077 283 1324 314 PRomTo:
1370 270 1481 312 alias
1516 282 1620 323 pro-

230 350 443 391 diderit.¹2

174 418 438 459 Profanume
466 419 545 466 est,
566 415 683 470 quod
703 414 794 456 sani
816 413 1023 466 religione
1046 423 1132 452 non
1154 411 1338 451 tenetur.

791 531 1034 546 OOOON‘tOO‘&

219 628 258 657 12
282 625 373 657 Vide
390 626 514 657 Notas.

827 710 974 743 NOTAE

220 787 370 827 Produz't]
400 787 516 818 Verba
539 787 623 828 legis
641 786 813 819 Censoriae
831 787 878 817 ita

177 839 346 870 sententia
362 838 555 878 postulante
570 838 731 878 legerim:
752 847 877 869 POR'rr-

178 899 265 922 CVM.
277 897 687 923 s1m'rAM.'rECTAMQVE.
704 898 878 922 PRODvrr.

177 944 245 974 Jos.
262 943 346 973 Scal.

223 992 372 1032 Produit]
407 991 448 1023 In
473 992 548 1032 lege
572 995 687 1024 tamen
715 992 879 1033 censoria,

180 1054 292 1086 quarn,
316 1049 355 1074 ut
376 1044 580 1083 exemplum,
605 1044 729 1074 Festus
757 1043 880 1084 produ·

180 1096 238 1133 cit,
261 1095 354 1125 nulla
377 1094 504 1125 mentio
522 1094 612 1125 vocis
632 1094 771 1134 produit.
815 1095 880 1125 Le-

182 1146 285 1186 gebat
316 1145 478 1184 Scaliger.
511 1153 701 1176 PORTiCUM
734 1153 880 1176 SARTAM

181 1204 407 1229 TECTAMQUE
434 1204 607 1226 PRODUIT.
655 1195 740 1226 Mihi
769 1196 882 1226 onmia

181 1248 266 1288 legis
289 1247 403 1286 verba,
418 1256 492 1287 quae
511 1247 632 1277 Festus
654 1247 783 1287 prodit,
800 1256 882 1277 sana

182 1298 353 1337 videntur,
370 1297 428 1328 sed
447 1297 520 1337 ejus
539 1301 667 1328 tantum
693 1297 880 1328 membrum

183 1350 312 1380 deesse.
367 1349 545 1389 Suppleo:
586 1357 775 1380 PORTICUM
806 1356 884 1378 SAR-

182 1409 258 1431 ΤΑΜ
283 1408 507 1433 ΤΕοΤΑΜρυῑῑ
530 1409 676 1431 ΗΑΒΕΤΟ
709 1408 884 1431 PRoDrro.

185 1460 246 1482 Ner
274 1460 446 1482 Puonuvr.
491 1452 598 1484 Jubet
624 1453 677 1482 lex
701 1451 885 1483 conducto-

186 1512 256 1532 rem
284 1502 451 1542 porticum
482 1507 610 1532 sartam
641 1506 835 1543 tectamque
867 1511 887 1533 a

188 1553 392 1584 Censoribus
410 1553 580 1593 accipere,
605 1557 640 1584 et
667 1552 822 1583 absoluto
838 1552 887 1583 lo-

187 1605 331 1635 cationis
344 1609 509 1644 tempore,
523 1604 664 1635 eandem
678 1609 803 1635 sartam
817 1608 886 1635 tec-

188 1659 256 1686 tam
274 1655 431 1695 prodere,
447 1655 482 1685 ni
504 1656 644 1695 produit,
665 1655 698 1686 id
721 1660 785 1691 est,
811 1665 888 1696 pro-

188 1706 325 1746 diderit,
342 1706 469 1736 mulcta
483 1707 511 1736 ei
529 1707 675 1737 dicatur.
719 1707 784 1737 Vel
809 1705 888 1747 quid

190 1757 310 1788 simile.
354 1756 498 1786 Poterat
527 1756 631 1787 etiarn
660 1760 695 1787 et
725 1757 889 1796 scriptum

189 1806 292 1837 fuisse
322 1815 398 1837 CUM
430 1814 615 1837 Pnonorr:
655 1806 688 1836 id
721 1811 786 1846 est,
814 1815 890 1837 cuin

192 1855 394 1896 prodiderit,
422 1861 460 1886 ut
487 1865 645 1887 censores
672 1863 892 1896 cognoscant,

184 1907 354 1948 judicent,
371 1906 528 1947 probent.
554 1907 599 1937 Et
616 1907 663 1936 ita
678 1906 763 1937 hanc
781 1907 891 1946 legem

192 1958 391 1996 censoriam,
409 1967 483 1998 quae
496 1956 537 1987 ad
556 1957 618 1987 boc
637 1956 724 1987 viros
741 1957 892 1988 eruditos

193 2011 303 2050 torsit,
313 2014 437 2041 sartam
455 2013 652 2050 tectamque
670 2019 689 2039 a
705 2009 800 2040 nobis
817 2019 892 2049 pro-

193 2062 312 2101 ditam,
354 2060 463 2091 doctis
501 2070 600 2100 spero
639 2064 771 2100 gratum
809 2059 894 2091 fore.

194 2112 276 2143 Duc.

238 2166 250 2181 e
272 2162 460 2202 Profanum]
503 2161 569 2192 Hic
586 2161 679 2191 locus
696 2161 801 2192 totius
817 2160 893 2192 libri

196 2218 431 2254 argumentum
450 2218 511 2243 est.
545 2212 611 2243 Sed
630 2212 732 2242 miror
749 2222 808 2243 cur
823 2218 893 2243 tan-

197 2269 266 2295 tum
282 2274 457 2296 numerum
482 2263 644 2294 librorum
660 2262 773 2293 Verrii
801 2262 894 2293 dixe-

198 2315 253 2349 rit,
270 2324 373 2355 seque
389 2315 493 2345 libros
509 2323 634 2354 paucos
650 2311 793 2344 fecisse:
818 2323 895 2344 cum

199 2365 284 2396 libro
307 2365 423 2406 quinto
447 2365 556 2395 Verrii
582 2364 711 2394 initium
738 2364 767 2394 P
786 2364 895 2395 literae

200 2415 315 2446 fuerit.
375 2415 421 2446 At
450 2415 544 2446 Festi
568 2414 704 2456 quintus
730 2413 896 2445 decimus.

200 2466 384 2507 Inscriptio
400 2476 531 2508 quoque
547 2476 613 2496 non
627 2466 787 2497 convenit
802 2466 897 2497 libris

202 2517 326 2554 Verrii,
343 2527 450 2558 neque
474 2517 578 2548 etiam
601 2516 695 2547 libris
718 2517 822 2551 Festi,
842 2516 898 2556 qui

205 2568 246 2596 de
258 2567 433 2597 verborum
447 2567 697 2607 significatione
714 2566 746 2596 in
760 2566 898 2607 antiquo

205 2618 290 2648 libro
307 2617 544 2648 inscribuntur.
570 2617 648 2648 Ant.
664 2617 751 2656 Aug.

249 2666 437 2705 Profimum]
475 2666 587 2697 Infra:
623 2668 761 2697 verbum
791 2667 901 2698 alieno

206 2719 281 2748 loeo
299 2717 458 2756 positum,
476 2725 550 2745 uam
571 2716 613 2746 de
635 2717 738 2747 verbo
760 2717 769 2735 ‘
785 2717 901 2747 Porri-

208 2766 304 2799 cere'
334 2766 542 2807 disputabat.
587 2767 639 2798 Ad
670 2768 758 2808 quod
788 2769 900 2799 locum

931 795 974 816 ex
991 784 1152 817 Plautina
1174 780 1343 814 Pseudolo
1366 778 1519 820 profert:
1545 777 1628 809 ‘At-2

932 845 998 876 que
1015 835 1047 865 in
1067 833 1218 865 manibus
1235 836 1316 863 exta
1333 837 1477 868 teneam,
1494 834 1531 860 ut
1552 838 1628 868 por-

932 886 1070 917 riciam:
1095 886 1227 916 interea
1241 883 1306 914 loci
1324 883 1356 912 Si
1374 881 1458 911 lucri
1473 879 1555 920 quid
1575 879 1631 909 de-

933 942 999 972 tur,
1027 935 1139 976 potius
1169 944 1238 965 rem
1270 932 1420 964 divinam
1451 928 1630 962 deseram.'

933 988 1067 1020 Deinde
1094 985 1286 1017 disserebat
1318 984 1360 1015 de
1392 981 1630 1024 profanatione

931 1047 1153 1079 eorum,quae
1179 1034 1478 1076 porriciebautur:
1517 1042 1559 1062 ea
1583 1032 1631 1061 vi-

931 1090 1072 1128 delicet,
1095 1097 1168 1129 quae
1193 1086 1434 1127 porrichrntur,
1458 1080 1633 1123 profanari

932 1140 1080 1171 docens:
1105 1142 1142 1169 et
1159 1136 1340 1178 profanata
1355 1133 1518 1165 consumi.
1547 1132 1632 1162 Var-

933 1200 988 1221 ro:
1026 1191 1035 1207 ‘
1051 1190 1174 1230 Itaque
1197 1187 1240 1219 ob
1263 1187 1295 1217 id
1314 1187 1343 1217 in
1363 1184 1441 1215 fano
1458 1191 1636 1215 consume-

933 1242 1034 1272 batur
1051 1250 1161 1278 omne,
1178 1237 1267 1280 quod
1293 1235 1472 1277 profanum
1495 1238 1581 1272 erat,
1597 1237 1636 1263 ut

934 1293 1116 1324 etiamnum
1145 1290 1195 1326 fit,
1219 1288 1308 1331 quod
1332 1288 1467 1318 Praetor
1487 1285 1635 1316 urbanus

935 1342 1112 1383 quotannis
1136 1339 1231 1375 facit,
1254 1347 1330 1369 cum
1356 1335 1499 1368 Herculi
1520 1335 1638 1365 immo-

934 1394 984 1424 lat
1017 1392 1153 1434 publice
1175 1388 1381 1431 juvencam?
1427 1387 1466 1417 In
1494 1385 1559 1416 fine
1589 1384 1640 1415 ita

936 1443 1034 1483 lego:
1064 1453 1099 1474 ea
1119 1445 1233 1476 autem,
1249 1442 1287 1471 (Ze
1309 1438 1417 1479 quibus
1431 1435 1593 1473 dissentio,
1609 1437 1640 1465 et

937 1497 1053 1534 aperte,
1071 1497 1099 1524 et
1123 1492 1269 1526 breviter,
1295 1494 1328 1520 ut
1350 1489 1457 1528 sciero,
1471 1486 1590 1527 scripta
1606 1486 1639 1516 in

938 1547 987 1577 his
1009 1546 1098 1577 libris
1121 1545 1198 1576 meis
1219 1544 1428 1576 invenientur,
1453 1539 1506 1580 qui
1530 1538 1641 1569 inscri-

940 1599 1072 1629 buntur:
1105 1603 1310 1628 PRISCORVM
1336 1599 1541 1624 VERBORVM
1559 1597 1638 1620 cvm

942 1656 1136 1679 exemptus.
1183 1646 1306 1686 Neque
1322 1643 1460 1674 dubium
1482 1645 1544 1680 est,
1560 1640 1641 1680 quin

941 1700 989 1730 ita
1023 1697 1202 1738 scripserit
1233 1697 1367 1726 Festus.
1412 1692 1480 1723 Sed
1511 1691 1589 1721 libri
1619 1689 1643 1719 ii

942 1748 1201 1780 interciderunt.
1248 1747 1334 1777 Nam
1359 1743 1447 1785 quod
1470 1742 1561 1773 docti
1579 1740 1644 1771 viri

944 1803 1065 1838 putant
1081 1799 1219 1829 Festum
1237 1797 1280 1827 de
1304 1796 1365 1834 liis,
1381 1804 1463 1836 quos
1492 1793 1524 1823 in
1543 1801 1644 1821 manu

944 1850 1119 1888 habemus,
1136 1848 1250 1889 loqui;
1283 1852 1318 1877 et
1346 1848 1489 1886 peccant
1512 1842 1590 1882 ipsi,
1608 1846 1645 1872 et

944 1901 1025 1932 alios
1042 1900 1074 1930 in
1092 1908 1241 1930 errorem
1259 1897 1434 1928 inducunt.
1482 1894 1570 1924 Nam
1587 1902 1645 1922 ne·

945 1961 1010 1993 que
1040 1951 1159 1982 Festus
1189 1950 1249 1980 hos
1280 1948 1394 1986 libros,
1424 1945 1480 1987 qui
1511 1948 1644 1982 extant,

945 2005 1102 2033 vocasset
1127 2010 1216 2038 sum,
1238 2009 1313 2029 cum
1336 1998 1403 2028 sint
1429 1995 1556 2033 Verrii,
1587 2004 1645 2024 ne-

949 2052 1061 2094 quein
1089 2051 1160 2082 istis
1185 2049 1279 2081 libris
1301 2047 1446 2079 instituit
1464 2045 1646 2085 reprehen-

947 2106 1073 2135 sionem
1104 2101 1230 2140 Verrii,
1255 2104 1484 2140 pra’terquam
1505 2096 1538 2126 in
1564 2095 1646 2126 locis

948 2154 1127 2186 admodum
1155 2151 1283 2192 paucis,
1307 2149 1408 2190 idque
1433 2148 1563 2179 obiter:
1590 2156 1648 2177 ne-

949 2215 1013 2247 que
1031 2214 1153 2245 paucos
1169 2204 1230 2233 hos
1252 2202 1355 2233 libros
1381 2203 1548 2234 vocasset,
1570 2207 1646 2229 cum

948 2266 1052 2296 supra
1074 2258 1125 2286 19.
1150 2253 1337 2294 scripserit,
1363 2260 1472 2291 neque
1495 2250 1567 2280 haec
1596 2253 1649 2280 est

950 2308 1067 2337 horum
1106 2306 1268 2336 librorum
1298 2302 1491 2342 inscriptio,
1521 2309 1596 2330 cum
1628 2308 1648 2329 a

950 2357 1129 2389 Macrobio
1153 2360 1270 2386 vetere
1296 2358 1434 2384 auctore
1465 2351 1507 2382 de
1532 2349 1650 2381 verbo-

951 2419 1024 2440 rum
1042 2406 1292 2448 significatione
1313 2405 1475 2435 citeutur.
1520 2401 1596 2437 His,
1613 2405 1649 2431 et

952 2460 1104 2500 pluribus
1131 2457 1331 2494 rationibus,
1355 2459 1457 2495 atque
1487 2453 1573 2483 adeo
1601 2457 1651 2482 te·

951 2520 1034 2541 nore
1052 2508 1229 2540 verborum
1248 2506 1354 2545 Festi,
1368 2504 1539 2540 inductus,
1554 2502 1651 2542 quili-

953 2561 1012 2592 bet
1039 2564 1152 2601 potest
1179 2559 1361 2589 advertere
1387 2555 1490 2586 libros
1513 2561 1651 2583 prusco-

956 2619 1039 2641 RVM
1065 2616 1271 2640 VERBORVM
1294 2615 1368 2637 cvm
1387 2611 1566 2635 EXEMPms
1583 2611 1650 2632 non

955 2670 1029 2692 esse
1045 2661 1181 2692 eosdem
1199 2669 1273 2690 cuin
1291 2657 1340 2687 his
1356 2655 1482 2686 nostris
1498 2661 1545 2683 DE
1560 2660 1649 2682 VER-

956 2720 1081 2742 Bonvm
1102 2715 1410 2741 sffi‘NiFicnioNss.
1431 2705 1498 2735 Jos.
1515 2703 1598 2733 Scal.

1000 2761 1186 2801 Profanum]
1222 2759 1288 2790 Hic
1314 2758 1406 2789 locus
1424 2754 1568 2797 pessime
1584 2753 1649 2784 ὥςἶ
