1876 3025
285 164 371 206 850

733 172 879 203 SEXTI
915 171 1117 201 POMPEll
1154 169 1290 201 FESTI

342 271 444 313 novi
465 270 664 313 venerint
686 282 743 310 ex
766 266 1037 321 transalpina
1057 266 1237 320 regione
1255 280 1300 308 ac
1315 265 1495 319 primum
1513 263 1734 318 appellatos

343 339 490 389 ξένουςε
522 341 681 394 postea
703 338 908 379 Senonas.

290 408 475 456 Sentes,e
507 418 607 447 cum
641 409 817 445 constet
847 415 945 443 esse
976 402 1146 455 spinas,
1167 406 1210 442 et
1229 401 1440 442 Afranius
1462 402 1506 441 in
1526 399 1736 441 Abducta

345 475 531 515 dixerit:
564 486 696 526 quam
731 468 980 512 senticosaf
1007 471 1142 512 verba
1174 473 1428 523 pertorquet
1448 469 1627 517 turba,¹⁵
1658 479 1737 520 pro

347 542 541 595 spinosis
561 539 704 593 accipi
726 539 871 579 debet.

289 610 558 659 Sentinare,g
573 607 960 660 satagere‚dictum
977 619 1003 647 a
1017 605 1205 647 sentina:
1224 605 1330 658 quia
1342 605 1525 645 multam
1537 616 1694 657 aquam
1706 601 1738 626 ¹⁶

345 677 473 718 navis
498 689 597 716 cum
623 674 798 729 recipit,
833 673 1118 727 periclitatur.

1178 671 1388 714 Caecilius
1419 672 1465 712 in
1489 671 1733 711 AEthrione:

346 745 457 786 Cum
477 743 702 784 Mercurio
723 742 845 796 capit
866 741 1114 791 eonsilium,
1135 744 1370 794 postquam
1393 739 1582 781 sentinat
1604 738 1724 779 satis.

290 812 518 854 Sentinare
540 816 756 863 satagere,
782 809 948 851 dictum
970 822 997 850 a
1020 809 1191 851 sentina
1211 808 1355 856 navis,
1378 819 1509 861 quam
1558 806 1738 859 [PAUL.

346 879 447 932 quis
469 884 518 920 ut
537 891 655 932 aqua
680 878 847 926 liberet,
879 889 1095 918 evacuare
1126 875 1366 917 contendit.

345 959 462 996 nare,
489 945 708 987 subtiliter
728 944 972 998 periculum
994 944 1144 985 vitare.

1426 875 1583 928 Itaque
1606 872 1740 914 senti-

1204 942 1442 984 Caecilius:
1476 940 1608 994 Capit
1637 952 1740 980 con-

346 1014 510 1063 silium,
534 1017 772 1067 postquam
794 1012 984 1053 sentinat
1005 1011 1129 1052 satis.

292 1081 499 1135 Seplasia
514 1080 529 1103 *¹
547 1079 696 1136 forum
723 1078 875 1134 Capuce
894 1080 937 1120 in
960 1093 1044 1135 quo
1065 1078 1244 1132 plurimi
1265 1074 1544 1131 unguentarii
1575 1073 1739 1128 [FEST.

895 1198 1033 1212 eeeeeee

1036 1197 1133 1210 ttttt

335 1270 372 1297 15
399 1265 467 1297 Alii
481 1267 598 1307 legunt
613 1268 783 1307 Inpia—16
808 1268 885 1298 vet.
901 1266 977 1299 cod.
990 1277 1079 1307 quam
1096 1265 1201 1296 nutltoe
1216 1275 1314 1305 aquoe.

949 1388 1090 1421 NOTAE

290 1462 441 1494 Senones
466 1464 691 1495 recentissimi
715 1464 991 1503 advenarum,ab

290 1515 421 1546 Utente
446 1514 583 1546 flumine
611 1526 714 1556 usque
742 1516 783 1546 ad
810 1516 912 1546 AEsim
935 1516 992 1546 ha-

291 1564 421 1597 buere.’
467 1566 603 1597 Servius
626 1568 728 1597 etiam
755 1567 849 1606 prius
878 1566 992 1605 ξένους,

290 1621 412 1655 postea
437 1616 588 1647 Senonas
613 1617 708 1657 quasi
730 1615 857 1656 ξένωνας
881 1616 992 1648 dictos

290 1665 413 1696 innuit.
456 1665 524 1696 Sed
548 1675 614 1697 non
631 1666 710 1707 qnia
732 1666 810 1697 novi
828 1671 994 1697 venerunt

292 1725 336 1746 ex
365 1716 593 1757 Transalpina
624 1717 774 1758 regione,
815 1717 875 1748 sed
903 1717 993 1758 quod

290 1765 462 1796 Bacchum
480 1766 628 1806 hospitio
650 1772 867 1807 receperunt.
910 1768 919 1783 ‘
934 1767 994 1798 Se-

291 1816 421 1855 nones,’
451 1816 576 1857 inquit,
605 1816 686 1858 ‘qni
723 1819 873 1848 Senones
908 1817 993 1849 dicti

292 1870 372 1896 sunt
395 1866 483 1906 qnod
513 1867 670 1897 Liberum
694 1872 824 1908 patrem
846 1867 993 1909 hospitio

292 1915 532 1956 recepissent!
556 1917 654 1948 Idem.

336 1970 349 1984 ⁰
372 1966 496 2005 sentes]
520 1967 671 1997 Verbum
688 1968 778 1998 turba
794 1968 992 1999 mendosum

293 2024 366 2045 esse
393 2016 439 2046 ait
458 2015 628 2046 Faernus:
663 2018 749 2047 ratio
767 2018 856 2048 enirn
875 2018 993 2048 carmi-

291 2066 344 2096 nis
359 2066 505 2096 iambum
524 2066 575 2096 vel
588 2066 815 2106 pyrrhichium
831 2068 992 2108 postulat.

293 2115 371 2146 Ant.
386 2116 473 2155 Aug.

336 2165 462 2205 Sentes]
485 2165 717 2197 Glossarium:
735 2165 743 2181 ‘
756 2166 888 2206 Sentes,
900 2165 993 2197 ἄκαν-

294 2217 367 2256 θαι,’
385 2218 416 2248 id
435 2222 499 2258 est,
515 2219 634 2258 spinae.
659 2218 741 2248 Dae.

338 2267 348 2287 f
365 2269 466 2303 Quam
480 2268 647 2307 senticosa]
665 2269 767 2308 Lege,
781 2273 818 2299 ut
835 2269 896 2299 viri
912 2269 993 2300 doc-

295 2318 320 2348 ti
333 2328 340 2348 2
362 2318 461 2353 Quam
470 2318 620 2349 senticosa
628 2317 718 2348 verba
726 2323 902 2359 pertorquet
913 2320 995 2359 lupa.

295 2368 428 2398 Versus
451 2369 539 2399 enim
559 2369 713 2399 trimeter
738 2374 852 2408 est,et
877 2370 910 2399 in
927 2369 993 2400 tine

295 2417 401 2448 debet
423 2427 496 2448 esse
519 2418 658 2448 iambus.
702 2418 792 2458 Lupa
813 2424 924 2450 autem
942 2424 996 2450 est

295 2468 472 2499 meretrix.
504 2468 710 2499 Glossarium
727 2479 735 2499 ε
761 2470 996 2510 ι1ιιρει,ἑτοσιί“ρει

297 2518 347 2548 καὶ
360 2517 517 2558 λύκαινα,’
531 2518 563 2548 id
577 2523 641 2554 est,
657 2519 666 2535 ‘
678 2519 767 2558 lupa,
783 2520 902 2559 amica,
915 2520 995 2551 item

296 2568 397 2607 lupus
423 2566 582 2599 foemina.'
626 2567 703 2599 Jan.
730 2568 921 2599 Guliehnus
947 2570 994 2601 le-

299 2618 414 2657 gebat,
427 2622 603 2659 pertorquet
616 2622 697 2650 eruo.
736 2619 872 2651 Tritones
888 2630 995 2652 scom-

296 2668 398 2698 main
415 2669 558 2698 enormis
575 2668 646 2699 nasi
660 2668 820 2700 homines.
844 2669 943 2701 Idem.

342 2722 356 2744 ἕ
379 2717 563 2758 Sentinare]
586 2718 715 2750 Gellius
728 2718 814 2750 libro
829 2727 904 2750 xrx.
919 2729 994 2761 cap,

1044 1467 1074 1495 1.
1100 1464 1204 1495 ‘Tum
1222 1468 1341 1503 postea
1363 1460 1652 1503 complorantibus
1667 1469 1743 1491 nos·

1044 1514 1104 1545 tris
1143 1514 1298 1545 omnibus
1340 1519 1443 1554 atque
1483 1511 1746 1550 seminantibus,

1044 1564 1116 1594 dies
1154 1563 1289 1605 quidem
1326 1563 1465 1595 tandem
1503 1563 1641 1593 illuxit:
1682 1561 1744 1592 sed

1044 1616 1125 1647 nihil
1150 1616 1191 1647 de
1223 1616 1376 1657 periculo
1407 1621 1510 1657 atque
1537 1615 1670 1645 saevitia
1694 1623 1745 1645 re-

1045 1665 1204 1697 missnm.'
1238 1665 1304 1696 Ubi
1318 1665 1501 1696 manifesto
1515 1664 1672 1695 sentinare
1683 1668 1746 1702 est,

1045 1716 1134 1756 qnod
1161 1716 1209 1747 ait
1232 1716 1288 1746 hic
1313 1716 1454 1755 Paulus,
1480 1716 1670 1756 periculum
1695 1714 1745 1744 vi-

1046 1771 1131 1798 tare.
1177 1766 1225 1797 At
1247 1766 1280 1796 in
1304 1767 1448 1806 vulgatis
1473 1765 1649 1797 codicibus
1666 1774 1743 1796 con-

1046 1818 1322 1849 taminatissimus
1356 1822 1409 1848 est
1440 1817 1533 1847 locus
1564 1816 1634 1846 ille.
1677 1815 1745 1846 Sed

1045 1869 1183 1909 proprie
1199 1868 1350 1899 sentinari
1366 1872 1418 1898 est
1440 1872 1594 1907 satagere
1612 1866 1653 1897 ad
1670 1874 1743 1896 sen-

1046 1920 1148 1950 tinam
1167 1929 1175 1949 :
1222 1918 1311 1949 unde
1356 1918 1582 1951 Seminatores,
1625 1915 1746 1957 quibus

1046 1978 1127 1999 cura
1144 1969 1288 1999 sentinae
1305 1967 1461 2006 delegata
1477 1967 1510 1998 in
1527 1967 1614 1997 navi.
1651 1967 1742 1997 Pau-

1045 2018 1132 2048 linus
1164 2017 1207 2048 ad
1238 2017 1440 2056 Macarium,
1468 2017 1511 2048 de
1541 2016 1743 2057 naufragio:

1045 2068 1179 2098 ‘Ununi
1210 2076 1253 2097 ex
1280 2067 1369 2098 omni
1401 2076 1540 2097 numero
1566 2072 1746 2098 nautarum

1045 2127 1159 2148 senem
1179 2116 1380 2148 sentinando
1397 2115 1587 2157 deputant.’
1632 2116 1743 2147 Item:

1046 2168 1055 2184 ‘
1070 2168 1160 2200 Quid
1188 2167 1276 2202 hnic,
1293 2177 1418 2208 quaeso,
1440 2166 1551 2198 obfuit
1574 2166 1646 2198 seni
1670 2175 1745 2206 per·

1047 2227 1130 2248 sona
1142 2217 1364 2248 sentinatoris
1380 2222 1416 2248 et
1439 2218 1471 2248 in
1495 2217 1606 2248 nautis
1627 2216 1745 2248 vilissi-

1046 2278 1100 2299 ma
1113 2268 1134 2298 ?'
1158 2269 1226 2299 Jos.
1244 2268 1330 2299 Scal.

1088 2318 1103 2338 ¹¹
1127 2318 1285 2359 Seplasia]
1322 2318 1444 2349 Platea
1467 2318 1595 2357 Capnae
1616 2317 1664 2347 ita
1687 2326 1745 2357 ap-

1047 2368 1264 2409 pellabatur-3
1297 2368 1330 2399 in
1359 2377 1425 2408 qua
1448 2367 1660 2407 unguentarii
1687 2376 1743 2397 ne-

1047 2417 1277 2458 gotiarierant
1293 2417 1395 2448 soliti.
1420 2417 1559 2448 Pedian.
1579 2417 1612 2448 iu
1630 2417 1746 2449 Pison.

1047 2467 1161 2497 Verba
1177 2472 1291 2498 antem
1308 2467 1483 2499 Ciceronis
1500 2478 1518 2498 a
1536 2468 1635 2498 Festo
1659 2467 1743 2498 rela-

1048 2522 1082 2549 ta
1099 2522 1177 2548 sunt
1193 2517 1310 2548 eadem
1333 2518 1400 2555 illa,
1418 2528 1495 2558 qnae
1513 2517 1679 2548 Asconius
1696 2517 1744 2546 in—

1050 2572 1269 2608 terpretatur.
1327 2567 1503 2608 ‘Seplasia
1541 2566 1745 2602 mehercule,

1051 2623 1088 2649 ut
1104 2618 1169 2649 dici
1196 2617 1387 2653 audiebam,
1408 2624 1441 2649 te
1464 2624 1502 2649 ut
1527 2618 1670 2657 primum
1694 2626 1744 2647 as-

1048 2668 1158 2708 pexit,
1176 2668 1382 2708 Campanum
1394 2669 1575 2700 Consulem
1587 2666 1745 2708 repudia-

1049 2718 1122 2750 vit.'
1144 2719 1219 2749 Ant.
1236 2718 1320 2758 Aug.
