1876 3025
274 141 359 183 942

277 246 446 287 Surium
461 244 477 267 '³
510 274 519 283 .

717 149 862 180 SEXTI
898 148 1098 179 POMPEI!
1136 148 1273 179 FESTI

891 272 900 281 .
933 255 1031 283 cum
1047 242 1186 284 dixit:
1217 241 1287 296 qui
1304 240 1361 281 ica
1379 239 1608 294 appellatus
1628 243 1717 289 cst,

333 312 449 367 quod
471 325 567 352 cum
599 311 641 351 in
678 309 896 350 Academia
928 316 965 349 et
988 308 1117 364 Lycio
1147 307 1436 350 nobilissimos
1457 307 1562 347 inter
1593 305 1718 348 excel-

334 380 446 430 leret,
463 384 589 432 atque
603 380 659 419 ob
681 390 779 418 eam
793 391 953 416 causam
963 375 1346 429 praestantissimus
1370 387 1541 428 semper
1554 373 1716 414 habitus

316 446 489 498 suisset,
518 445 719 495 instituit,
741 457 839 485 cum
860 442 1150 498 disputaretur,
1177 449 1224 482 ut
1237 442 1408 496 primus
1429 447 1667 482 sumeretur
1681 440 1716 480 is

334 514 405 570 qui
420 519 513 554 esset
529 513 626 565 ipso
642 512 821 564 dignior,
835 510 937 551 unde
951 509 1097 565 σκύριον
1112 510 1173 550 καὶ
1190 507 1308 549 οὐκέτι
1320 507 1448 564 Σύριον
1462 507 1577 548 illum
1592 506 1720 547 nomi-

334 581 463 631 navit,
482 579 601 633 quod
616 579 653 619 si
675 577 860 619 monitus
875 583 987 627 esset,
1009 577 1288 630 disputantem
1309 589 1397 616 non
1415 589 1625 629 nunquam
1655 588 1718 614 re-

319 647 495 704 fellebat
519 647 742 687 Socratem
765 659 872 699 quas
931 674 940 684 .

1158 644 1377 698 conjecerat
1397 643 1441 683 in
1458 642 1613 682 librum
1635 656 1660 681 α
1681 655 1718 681 se

332 715 538 769 scriptum,
568 728 681 769 quem
703 714 985 766 inscripserat
1013 711 1224 766 Scyrium,
1249 709 1296 750 ob
1318 724 1421 760 eum,
1441 709 1554 763 cujus
1575 709 1716 761 gratia

334 783 378 824 id
397 782 688 837 appellaverat
708 794 817 833 opus.

279 852 454 891 Summe
475 850 694 898 dicebant,
716 861 772 889 ex
793 861 877 902 quo
900 861 977 901 per
1010 845 1319 887 deminutionem
1339 842 1523 884 surculus
1550 841 1718 898 factum

335 924 416 960 est.
477 917 659 958 Plautus
683 916 723 955 in

720 1014 728 1023 .
771 983 924 1024 Surum
946 994 1032 1022 non
1054 979 1248 1021 esttibi:
1279 991 1416 1018 surum
1447 974 1722 1028 dicebantpa-

336 1052 423 1094 lum
455 1053 581 1094 item:
613 1065 714 1092 nam
750 1051 852 1104 quia
885 1048 1114 1103 sepiebatur
1152 1046 1290 1087 circus
1327 1044 1533 1093 surculis,
1557 1042 1719 1096 longum

335 1118 564 1174 deligebant
584 1132 742 1168 surum,
766 1121 855 1157 tum
877 1114 1090 1169 poliebant
1110 1113 1217 1154 ascia

723 1216 733 1225 .
795 1188 868 1225 aut
885 1183 1023 1224 asulae
1084 1212 1094 1222 .

1211 1211 1221 1221 .
1283 1177 1457 1228 Ennius,
1478 1190 1581 1217 ‘tillus
1597 1188 1720 1216 surus

336 1253 610 1309 surumserre
631 1260 764 1293 tamen
780 1250 997 1306 defendere
1015 1252 1193 1304 possent

282 1325 436 1364 Surum
461 1323 681 1372 dicebant,
701 1334 756 1362 ex
774 1333 862 1373 quo
885 1332 962 1373 per
985 1317 1318 1358 deminutionem
1342 1314 1400 1355 sit
1425 1325 1513 1353 sur·
1543 1311 1720 1364 [PAUL.

338 1391 474 1431 culus.

338 1457 510 1499 fendere
545 1460 735 1510 possent.

537 1389 731 1430 Ennius:
764 1387 890 1428 Unus
922 1398 1049 1426 surus
1069 1396 1212 1424 surum
1232 1381 1394 1430 serret‚⁵
1427 1384 1469 1420 et
1490 1383 1633 1419 tamen
1649 1376 1721 1417 de-

282 1525 369 1566 Sus
394 1523 674 1574 Minervam,d
695 1524 736 1564 in
766 1521 1000 1576 proverbio
1017 1523 1097 1568 cst,
1120 1518 1193 1559 ubi
1215 1517 1314 1571 quis
1342 1515 1385 1557 id
1408 1514 1536 1555 docet
1558 1511 1722 1565 [Fnzsvr.

884 1618 995 1629 eeeeee

325 1670 343 1697 5
367 1664 421 1696 Id.
439 1663 631 1702 ibid.serre.

1002 1615 1119 1629 oooooo

930 1722 1072 1754 NOTAE

283 1810 414 1847 pretem
444 1803 656 1842 desiderant,
685 1806 721 1833 et
751 1800 907 1832 videntur
934 1798 975 1829 ad

283 1856 349 1886 alia
377 1854 481 1885 verba
505 1854 605 1884 etiam
638 1853 821 1893 pertinere,
851 1854 975 1891 praeter

282 1905 474 1945 surrempsit.
497 1903 579 1934 Am.
592 1903 678 1943 Aug.

327 1955 341 1976 ὓ
366 1955 511 1985 Surium.
525 1976 532 1984 .
546 1955 570 1994 .]
586 1954 759 1985 Quantum
777 1953 809 1983 in
823 1952 870 1982 his
883 1955 975 1982 tene-

284 2005 353 2036 bris
371 2004 484 2035 videre
499 2013 675 2044 possumus
688 2003 809 2042 agebat
825 2002 879 2032 hic
902 2002 978 2031 Fes-

286 2060 340 2086 tus
365 2053 407 2085 de
437 2054 642 2093 Philosopho
666 2052 823 2093 quodam,
845 2052 900 2092 qui
919 2060 976 2081 na-

285 2107 376 2136 tione
391 2104 495 2143 Syrus
513 2113 587 2134 cum
611 2108 712 2141 esset,
730 2111 770 2131 ue
787 2111 826 2132 eo
843 2101 976 2131 nomine

283 2155 371 2185 male
385 2152 529 2191 audiret,
545 2157 579 2182 ut
593 2152 680 2190 Syri,
695 2151 816 2190 Varro,
832 2151 901 2181 sive
919 2149 977 2179 ali-

286 2215 337 2244 us,
351 2202 505 2240 Scyrium
522 2202 610 2232 illum
625 2201 769 2232 dixerat.
799 2200 877 2230 Huc
888 2199 976 2230 enim

286 2254 459 2296 pertinent
475 2252 598 2284 Graeca
611 2251 714 2282 verba
725 2249 847 2290 σκύριον
863 2248 912 2279 καὶ
927 2248 977 2278 οὐ·

285 2303 353 2335 κέτι
378 2301 492 2343 σύρων.
541 2303 591 2332 De
617 2310 656 2331 eo
681 2306 793 2331 autem
810 2298 974 2339 composi-

287 2361 357 2385 tum
387 2354 507 2383 librum
533 2362 573 2382 ea
595 2350 635 2381 de
651 2360 751 2382 causa
768 2350 910 2391 Scyrium
927 2349 975 2380 in-

287 2405 450 2444 scriptum
475 2411 562 2432 esse.
608 2399 837 2432 Quaerendum
864 2399 977 2430 Philo-

287 2455 383 2495 sophi
396 2462 518 2484 nomen
535 2452 587 2483 vel
606 2451 718 2492 potius
733 2449 885 2481 historia.
907 2449 977 2480 Ful.

292 2505 398 2535 Ursin.
443 2503 567 2534 Forsan
598 2510 659 2542 per
685 2498 808 2539 σκύριον
834 2498 876 2530 ad
901 2508 976 2539 pro-

288 2555 438 2586 verbium
465 2552 546 2584 illud
575 2551 843 2591 antiquissimum
866 2550 978 2581 allusit

288 2604 437 2646 quisquis
478 2603 524 2633 ita
558 2602 797 2642 Philosophum
831 2600 977 2638 vocavit,

289 2653 398 2694 σκυρία
412 2652 506 2693 ἀρχὴ,
534 2651 621 2692 quod
639 2650 687 2681 ἐπὶ
701 2653 763 2681 τῶν
778 2649 911 2681 εὐτελῶν
927 2648 977 2680 καὶ

288 2703 381 2743 μηδὲν
417 2701 580 2735 λυσιτελὲς
611 2699 747 2741 ἐχόντων
790 2700 977 2732 dicebatur.

1030 1797 1184 1829 Eustath.
1203 1806 1277 1837 pag.
1293 1798 1367 1826 782.
1412 1793 1503 1825 Edit.
1523 1792 1621 1824 Rom.
1667 1791 1722 1822 Ita

1029 1854 1067 1879 ut
1084 1848 1125 1878 ab
1139 1857 1179 1878 eo
1196 1846 1302 1887 Scyrii
1315 1845 1398 1876 dicti
1416 1843 1544 1875 fuerint
1570 1842 1721 1873 homines

1029 1899 1151 1929 nullius
1169 1897 1281 1937 pretii.
1307 1896 1389 1926 Dae.

1072 1954 1084 1969 θ
1108 1946 1236 1986 Surum]
1259 1945 1347 1976 Vide
1370 1946 1379 1962 ‘
1396 1943 1538 1983 Rigido’
1565 1947 1600 1973 et
1618 1942 1722 1973 ‘Cre-

1031 1997 1189 2029 brisur0.'
1247 1997 1375 2027 Versus
1414 1993 1514 2025 Ennii
1544 1992 1722 2023 mendosus

1031 2053 1095 2079 est.
1119 2047 1197 2078 Ant.
1215 2046 1298 2085 Aug.

1071 2096 1200 2136 Surum]
1227 2095 1256 2127 A
1284 2105 1373 2126 surus
1398 2093 1457 2125 fiet
1483 2092 1719 2123 diminutivum

1029 2148 1161 2186 surulus,
1176 2145 1234 2177 sed
1252 2146 1396 2176 Veteres
1413 2143 1575 2174 dicebant
1601 2152 1718 2180 surcus,

1030 2198 1117 2229 unde
1146 2197 1295 2228 surculus.
1350 2195 1477 2225 Versus
1509 2194 1620 2223 Plauti
1653 2202 1719 2222 non

1031 2252 1148 2280 extat:
1174 2257 1249 2288 quae
1279 2245 1510 2285 sequebantur
1537 2248 1613 2283 post
1638 2242 1723 2273 ascia

1030 2299 1180 2330 divinare
1197 2307 1262 2328 nou
1280 2305 1424 2336 possum.
1470 2294 1523 2325 lbi
1550 2292 1721 2324 referebat

1030 2351 1151 2381 Festus
1172 2345 1338 2388 quomodo
1354 2345 1489 2376 Circum
1514 2344 1597 2373 suris
1614 2347 1650 2373 et
1669 2351 1717 2372 as—

1030 2399 1110 2429 sulis
1128 2397 1318 2438 sepiebant.
1358 2394 1502 2424 Versum
1519 2393 1619 2424 Ennii
1632 2392 1719 2423 idem

1032 2457 1130 2488 supra
1147 2446 1306 2478 retulitin
1329 2444 1338 2460 ‘
1354 2442 1498 2483 Rigido)
1522 2442 1602 2473 Dae.

1075 2497 1089 2518 ὃ
1111 2497 1172 2528 Sus
1191 2494 1381 2534 Minervam]
1408 2493 1483 2524 Hoc
1508 2491 1720 2533 proverbium

1033 2549 1079 2580 sic
1095 2547 1218 2579 extulit
1233 2545 1405 2576 Theocrit.
1423 2543 1511 2583 Idyl.
1528 2552 1559 2574 v.
1573 2541 1631 2573 Ὗς
1652 2542 1719 2572 ποτ’

1028 2595 1191 2628 Ἀθαναῖαν
1220 2594 1280 2636 ἔριν
1312 2594 1427 2633 ἤρισεν.
1483 2593 1569 2632 ᾒὸιιε
1600 2596 1720 2622 contra

1029 2648 1218 2678 Minervam
1242 2650 1414 2677 certamen
1439 2641 1610 2673 certavit.’
1653 2641 1718 2671 Ubi

1029 2697 1251 2730 scholiastes:
1287 2691 1429 2733 παροιμία
1469 2692 1535 2724 ἐστὶ
1570 2693 1631 2723 τῶν
1654 2692 1717 2722 τοῖς
