1876 3025
342 174 404 203 DE
438 170 708 203 VERBORUM
742 169 1155 202 SIGNIFICATIONE
1191 169 1282 198 LlB.
1317 169 1403 198 XV.

1499 158 1581 199 707

142 269 390 320 Quintana‘¹
422 265 726 319 appellabatur
760 268 886 318 porta
915 264 958 304 in
994 261 1152 305 eastris
1182 266 1286 316 post
1316 263 1581 316 praetorium,

198 336 275 377 ubi
296 347 436 376 rerum
460 333 707 375 utensilium
729 333 869 374 sorum
890 331 989 372 suit.

146 401 436 446 Quintanam‘
465 402 654 443 classem
684 400 744 440 alt
771 398 936 441 Verrius
954 397 1120 448 dictam,
1141 396 1251 454 quod
1283 398 1325 437 in
1343 411 1388 437 ea
1419 398 1581 451 [FEST‚

202 468 317 510 Serv.
346 467 503 509 Tullius
519 468 623 509 Rex
651 468 885 509 distributa
915 465 1046 520 capite
1071 465 1291 506 censorum
1326 462 1586 504 nzalcitadine

197 536 374 591 quinque
386 535 507 585 fecit,
530 548 627 576 cum
645 547 722 576 eas
739 533 964 582 ordinavit,
976 531 1075 573 lianc
1096 539 1230 573 autem
1252 530 1393 586 afferri
1412 544 1585 571 cansam

200 605 255 645 de
286 603 433 657 capite
476 616 679 642 censorum
701 601 871 650 nomine,
891 599 1000 655 quod
1027 600 1058 639 ‘ie'
1092 614 1169 654 qao
1206 604 1456 640 censerentur
1487 596 1590 637 nihil

196 678 345 725 praeler
361 684 399 711 se
422 669 628 720 haberent,
650 683 841 722 suamque
863 674 998 721 caput.

199 738 331 791 quod.

200 805 404 858 adeptus.

1061 666 1260 708 Lucilius
1286 667 1349 707 sic
1370 665 1585 706 meminitt:

144 871 326 922 Quintia
349 876 474 925 prata
494 875 616 913 trans
636 869 832 911 Tiberim
854 883 879 911 a
905 869 1088 920 Quintio
1110 867 1383 917 Cincinnato,
1410 866 1587 920 [ΡΑυι2

203 939 328 993 cujus
350 939 540 989 fuerant,
561 939 680 979 dicta
701 942 811 979 sunt.

144 1005 323 1056 Quintia
348 1012 501 1059 prata⁵
533 1004 640 1046 dicta
673 1012 765 1046 sunt
797 1020 821 1046 a
847 1004 1002 1049 Quinto
1038 1003 1296 1052 Cincinnato,
1329 1002 1399 1056 qm·
1428 999 1589 1053 [FEST²

801 1146 941 1179 NOTAE

187 1232 201 1251 *⁴
228 1224 403 1265 Quintana]
425 1224 529 1267 Atqui
547 1225 720 1259 Quintana
744 1228 843 1266 porta

145 1276 235 1306 nulla
252 1275 328 1306 fuit.
360 1276 426 1308 Sed
444 1286 521 1317 pars
537 1276 601 1307 fori
618 1276 737 1316 ipsius,
753 1274 842 1316 quod

143 1330 221 1365 post
237 1325 437 1356 Praetorium
451 1331 485 1357 et
500 1326 694 1359 Quaestorio
708 1325 772 1356 fnit
786 1325 844 1356 ad-

144 1376 256 1410 situm,
282 1376 443 1411 Quintana
460 1376 653 1415 dicebatur,
671 1375 740 1406 sive
759 1375 843 1406 adeo

144 1424 254 1456 forum
293 1426 402 1466 ipsum
441 1426 624 1458 subaudita
662 1435 744 1457 voce
781 1426 842 1456 via.

145 1475 258 1507 Quare
290 1475 470 1515 legendum
488 1486 565 1507 cum
590 1476 717 1516 Lipsio,
744 1476 844 1511 Quin-

144 1527 218 1555 tana
241 1525 452 1565 appellabatur
476 1536 550 1565 pars
571 1526 604 1556 in
633 1525 766 1556 castris:
790 1525 843 1555 vel

145 1576 344 1616 simpliciter
364 1588 369 1604 :
409 1577 618 1616 appellabatur
653 1577 686 1607 ‘ln
722 1577 844 1608 castris,

145 1626 264 1657 Potest
280 1627 381 1658 etiam
409 1633 458 1666 et,
482 1629 642 1663 Quintana
666 1628 718 1659 via
742 1630 843 1668 appel-

145 1676 267 1707 labatur
283 1677 315 1707 in
334 1678 457 1713 castris,
479 1680 532 1716 «ἑξ-ε.
580 1678 668 1709 Nam
684 1681 774 1718 porta
787 1687 844 1709 no·

146 1736 223 1757 men
254 1727 404 1758 additum
433 1737 452 1757 a
478 1727 595 1758 Paulo.
642 1728 755 1758 Livius
784 1728 844 1758 lib.

148 1785 220 1807 xm.
244 1776 253 1792 ‘
268 1777 434 1807 Praetorio
459 1776 595 1817 dejecto
609 1776 752 1817 direptis
770 1786 844 1817 quae

146 1826 193 1856 ibi
210 1825 356 1866 fuerant,
383 1826 425 1857 ad
451 1827 678 1859 Quaestorium
702 1826 845 1859 Quinta-

147 1885 294 1917 numque
311 1877 424 1907 hostes
438 1876 766 1917 pervenerunt,'&c.
783 1876 844 1907 Isi-

148 1926 223 1957 dor.
240 1927 297 1957 lib.
315 1935 374 1957 xv.
392 1935 465 1967 cap.
480 1929 512 1957 2.
558 1932 565 1944 ⁴
579 1926 752 1959 Qiiintana
769 1935 847 1966 pars

147 1977 272 2017 plateae
307 1977 427 2017 quinta
456 1982 521 2018 est,
550 1986 617 2018 qua
646 1981 846 2017 carpentum

147 2025 308 2066 progredi
326 2026 463 2066 potest?
508 2026 562 2058 Ad
581 2026 678 2067 liujus
695 2026 847 2056 similitu-

148 2076 259 2106 dinem
296 2076 503 2108 Quintanam
534 2077 628 2108 Nero
659 2075 848 2107 instituisse

148 2125 285 2157 dicitur.
330 2126 470 2157 Sueton.
487 2129 628 2166 cap.26.
654 2126 849 2157 ‘Tubernu-

148 2176 197 2206 las
214 2176 316 2207 etiam
328 2175 511 2216 effringere
523 2181 557 2207 et
569 2176 733 2217 expilare,
744 2176 849 2208 Quin-

149 2230 230 2256 tana
243 2226 334 2257 domi
352 2226 546 2267 constituta,
563 2226 621 2258 ubi
638 2233 746 2267 partae
761 2225 849 2256 etad

149 2275 372 2307 licitationem
397 2276 589 2306 dividendae
617 2276 744 2317 praedae
773 2284 850 2315 pre-

150 2327 232 2356 tium
250 2325 500 2357 assumeretur!
547 2326 623 2357 Non
638 2325 727 2356 aliud
744 2325 848 2366 igitur

154 2375 313 2409 Quintana
338 2385 437 2416 quam
453 2376 505 2406 via
522 2376 622 2406 latior
638 2375 671 2406 in
688 2385 782 2406 usum
798 2374 848 2405 fo-

151 2426 211 2455 ria
227 2427 412 2457 metatione
444 2435 600 2466 agrorum
628 2427 765 2457 invento
790 2435 849 2456 no-

153 2476 253 2510 mine,
282 2481 319 2507 ut
342 2477 376 2507 in
402 2481 502 2516 porta
528 2477 724 2508 Decumana
748 2476 849 2507 etiam

153 2523 293 2556 factum.
314 2526 410 2556 Idem.

196 2579 207 2594 Γ
231 2575 436 2615 Quintanam]
454 2576 640 2609 Quintanam
656 2577 783 2607 classem
799 2585 848 2606 es-

154 2634 188 2655 se
209 2633 296 2663 eam,
320 2624 353 2654 in
379 2633 445 2664 qua
472 2626 565 2655 Serv.
586 2625 715 2656 Tullius
740 2625 851 2656 distri-

154 2673 229 2705 buit
259 2673 386 2704 nltimae
425 2673 539 2704 classis
571 2675 677 2706 viros:
703 2675 850 2716 quinque

156 2724 243 2755 enim
268 2722 362 2764 fecit,
379 2732 453 2755 cum
471 2732 525 2754 eas
542 2724 722 2757 ordinavit.
766 2725 852 2756 Cau-

896 1231 977 1261 sam,
995 1230 1055 1253 cur
1071 1220 1184 1262 capite
1210 1218 1303 1251 censi
1325 1216 1493 1249 dicantur,
1519 1222 1593 1244 esse

895 1282 983 1311 eam,
1010 1271 1099 1313 quod
1128 1270 1208 1302 nihil
1224 1272 1348 1310 praeter
1366 1277 1401 1298 se
1418 1265 1595 1302 haberent,

896 1331 1061 1363 suumque
1096 1325 1213 1362 caput,
1250 1328 1315 1360 quo
1359 1318 1594 1348 censerentur,

896 1371 1058 1404 Refertur
1087 1375 1204 1412 postea
1228 1368 1362 1407 Lucilii,
1389 1366 1441 1398 vel
1468 1364 1595 1396 Caecilii

895 1432 1030 1453 carmen
1054 1422 1152 1452 nobis
1170 1421 1334 1461 ignotum.
1381 1417 1465 1448 Haec
1480 1415 1532 1446 vel
1546 1414 1595 1444 his

896 1473 1018 1504 similia
1048 1472 1246 1511 Pompeius,
1302 1467 1389 1498 Vide
1416 1466 1507 1497 Gell.
1538 1464 1596 1495 lib,

896 1531 972 1554 xvr.
999 1532 1076 1562 cap.
1107 1525 1157 1552 10.
1184 1524 1311 1560 praeter
1332 1518 1470 1557 Dionyse
1491 1520 1526 1547 et
1543 1515 1596 1545 Li-

897 1573 1000 1604 vium.
1024 1573 1101 1604 Ant.
1118 1571 1204 1610 Aug.

941 1623 1137 1657 Quintanam
1162 1619 1305 1659 classem]
1337 1618 1438 1651 Quod
1470 1617 1517 1648 ait
1543 1616 1595 1646 hic

898 1675 1017 1705 Festus
1035 1673 1245 1705 Quintanam
1261 1672 1405 1701 classem
1421 1669 1546 1699 dictam
1565 1667 1597 1696 in

897 1733 963 1763 qua
979 1723 1091 1763 capite
1103 1731 1281 1753 censorum
1296 1719 1477 1750 multitudo
1490 1727 1507 1748 a
1520 1718 1596 1747 Ser-

899 1773 950 1804 vio
968 1782 1048 1811 rege
1066 1771 1259 1811 distributa,
1287 1771 1320 1801 id
1346 1779 1408 1810 ego
1439 1768 1519 1799 alibi
1544 1775 1596 1796 me

898 1823 1014 1863 legere
1031 1831 1095 1853 non
1112 1822 1261 1858 memini,
1279 1830 1356 1851 nam
1373 1818 1547 1860 proletarii
1564 1824 1599 1849 et

898 1873 1011 1913 capite
1029 1872 1179 1910 censi,in
1193 1871 1345 1902 ultimam
1357 1870 1510 1908 classem,
1526 1877 1598 1908 quae

899 1927 996 1953 sexta
1012 1921 1090 1958 fuit,
1108 1921 1271 1961 conjecti.
1316 1920 1405 1951 Vide
1421 1919 1430 1935 ‘
1443 1919 1598 1950 Proleta-

899 1972 965 2004 1·ii.'
990 1973 1117 2003 Versus
1129 1971 1374 2012 Lucilii,quem
1393 1970 1514 2000 Festus
1527 1969 1597 1998 lau—

899 2022 1017 2060 dabat,
1030 2021 1110 2052 mihi
1128 2022 1278 2062 ignotuS,
1301 2028 1411 2061 neque
1430 2022 1526 2050 extat
1542 2017 1598 2048 ho=

899 2072 966 2103 die.
990 2073 1072 2103 Dae.

942 2128 952 2142 s
979 2121 1110 2157 Quintia
1122 2120 1231 2161 prata]
1250 2120 1324 2158 Liv.
1342 2118 1398 2151 lib.
1413 2127 1467 2149 ΙΙΙ.
1493 2122 1500 2134 ‘
1514 2117 1598 2157 Spes

901 2172 1002 2203 unica
1018 2171 1149 2212 imperii
1168 2170 1283 2211 populi
1301 2170 1365 2201 Ro.
1384 2169 1422 2199 L.
1438 2167 1598 2201 Quintius

902 2228 996 2254 trans
1012 2221 1159 2252 Tiberim
1176 2226 1294 2252 contra
1317 2229 1393 2250 eum
1417 2219 1527 2259 ipsum
1553 2218 1601 2247 10·-

903 2283 990 2312 cum,
1003 2273 1060 2303 ubi
1078 2281 1166 2303 nunc
1185 2270 1328 2302 Navalia
1348 2273 1437 2308 sunt,
1457 2272 1600 2309 quatuor

898 2325 1058 2365 jugerum
1082 2321 1217 2353 colebat
1242 2329 1370 2360 agrum,
1396 2328 1470 2359 quae
1500 2317 1600 2347 Prata

905 2373 1036 2409 Quintia
1052 2370 1242 2410 vocantur,'
1267 2372 1330 2401 διο.
1373 2370 1459 2401 Quae
1475 2366 1517 2398 de
1536 2367 1600 2397 Lu=

903 2423 1015 2464 percis
1040 2422 1174 2453 Romuli
1198 2425 1351 2460 tempore
1374 2419 1534 2450 dicuntur
1559 2416 1601 2447 ad

904 2472 1132 2505 Quintilianos
1167 2475 1203 2502 et
1239 2469 1415 2508 Fabianos,
1449 2472 1487 2498 ut
1516 2466 1601 2497 arbi=

906 2527 990 2561 tror,
1003 2522 1200 2562 pertinent:
1219 2520 1261 2551 de
1279 2519 1399 2561 quibus
1417 2518 1504 2549 idem
1521 2517 1601 2546 Pes-2

905 2578 958 2604 tus
974 2573 1079 2604 verbo
1107 2577 1114 2589 ‘
1129 2570 1298 2603 Fabiani:’
1322 2575 1357 2601 et
1372 2569 1473 2601 Ovid.
1485 2566 1541 2597 lib.
1559 2573 1601 2595 ιιε

906 2624 1037 2654 Fastor.
1060 2623 1117 2663 qui
1141 2631 1197 2653 eos
1213 2620 1335 2652 Fabios
1360 2624 1394 2650 et
1419 2616 1600 2650 Quintilios

908 2674 1083 2713 Lupercos
1098 2672 1272 2713 appellat:
1301 2670 1310 2686 ¹
1328 2669 1412 2700 Risit
1425 2672 1459 2698 et
1473 2665 1601 2697 indolu=

909 2724 934 2756 it
960 2723 1081 2755 Fabios
1106 2721 1256 2763 potuisse
1282 2721 1490 2759 Remumque
1519 2715 1600 2746 Vin:
