1876 3025
431 173 578 205 SEXTI
612 168 814 202 POMPEu
849 165 986 197 FESTI
1024 164 1117 194 LlB·
1147 160 1256 191 VIII.

120 276 203 306 elicta
217 274 287 303 sunt
309 270 347 301 ab
366 269 433 309 ina,
449 278 518 309 quae
536 276 610 309 pars
631 265 748 296 charla:
766 266 812 294 est

119 322 311 356 tenuissima.
348 319 539 351 Ludovicus
563 316 680 348 Carrio
697 314 814 355 Antiq.

121 375 233 406 Elect.
247 376 426 403 comment.
442 379 467 400 1.
484 367 596 409 capite
609 370 660 398 7.·

164 424 258 455 PAc..
286 424 361 454 251.
407 418 563 461 Expreta]
608 417 699 448 Hinc
733 415 815 446 illud

122 473 332 507 Baccliidum
344 471 473 509 Plauti,
484 471 538 503 Sc.
554 469 647 500 Nunc
661 466 817 508 experiar,

123 522 360 567 explicandum
376 525 450 554 est:
474 522 483 539 ‘
498 520 533 552 It
549 519 709 560 magister
722 516 817 559 quasi

685 676 828 724 Llss.

172 793 265 824 PAG.
296 792 370 821 294.
411 786 621 826 Grallatores]
663 785 822 815 Grallato-

126 853 191 874 rem
211 842 334 882 gradu:
369 840 418 871 sic
440 840 474 870 in
498 835 749 877 exemplaribus
772 834 825 864 bic

127 902 247 924 versus
265 890 390 931 legitur
411 895 446 921 et
468 899 486 919 a
507 888 609 919 Festo
632 883 825 926 profertur:

130 941 220 983 quod
239 946 350 972 tamen
368 939 401 970 in
425 935 629 969 membranis
651 937 829 975 pervetus-

131 993 175 1024 tis
200 990 324 1032 reperi,
349 999 418 1020 non
444 987 619 1027 indignum
646 985 752 1016 visum
776 989 831 1015 est

132 1045 342 1073 memoratu:
376 1043 407 1070 et
431 1038 615 1069 clavator-em
639 1035 752 1075 gradu.
778 1038 831 1064 est

134 1097 248 1124 autem
267 1091 415 1125 clavator,
431 1089 488 1130 qui
509 1088 606 1119 clava
631 1086 749 1125 utitur,
775 1085 830 1126 qni

135 1141 302 1184 κορυνήτης
319 1141 444 1172 Graece
466 1142 630 1176 vocatur3
651 1136 710 1167 sed
726 1145 745 1166 a
762 1134 828 1166 Ro*

136 1194 242 1227 mauis
255 1193 373 1224 calones
391 1190 447 1232 qui
463 1188 593 1230 ligneas
618 1187 730 1219 clavas
748 1185 833 1217 mili-

690 1342 831 1390 Llss.

184 1456 274 1487 PAG.
304 1458 378 1487 299.
415 1451 615 1494 Halapanta]
651 1449 838 1481 Monstrosi

142 1506 239 1537 verbi
270 1505 489 1536 monstrosior
518 1502 723 1543 explicatio:
763 1508 839 1530 nam

144 1555 215 1586 sive
239 1556 404 1595 halopanta
424 1553 528 1584 habet
549 1552 591 1583 τὰ
610 1549 727 1588 πάντα,
743 1549 840 1580 Grae-

144 1615 219 1636 cum
237 1614 279 1635 an
302 1605 460 1635 Latinum
485 1603 550 1634 erit
567 1600 780 1638 vocabulum,
800 1599 841 1628 si-

145 1654 282 1696 quidem
298 1655 415 1693 halare,
440 1663 502 1694 pro
522 1651 650 1683 mentiri
668 1649 842 1691 quisquam

146 1709 345 1745 usurpatum
364 1703 512 1744 legerit:
536 1701 607 1732 sive
622 1709 738 1731 omnes
752 1697 843 1729 deci-

147 1755 222 1795 piat
237 1764 276 1786 ac
291 1754 402 1792 fallat,
426 1753 460 1783 id
476 1761 543 1783 non
561 1750 634 1790 ἄλη,
650 1750 712 1787 ἄλη
729 1748 844 1780 scribi-

148 1810 227 1835 tur:
264 1813 326 1835 nec
343 1812 384 1834 ea
405 1807 474 1833 tam
497 1800 647 1833 fallentis
668 1803 732 1836 est,
747 1807 845 1840 quam

148 1854 295 1885 errantis
317 1852 479 1884 hominis:
514 1851 649 1882 videtur
670 1858 750 1889 ergo
774 1857 847 1879 cor-

150 1911 290 1946 ruptum
331 1904 437 1935 fuisse
473 1904 539 1934 hoc
566 1901 767 1933 vocabulum
807 1909 849 1929 ex

153 1955 366 1995 namphanio,
382 1953 472 1995 qnod
488 1954 522 1984 in
539 1953 664 1984 Plauto
681 1950 850 1991 reperitur

153 2005 186 2036 in
218 2003 432 2045 Curculione,
465 2002 561 2033 initio
591 2011 701 2033 scenae
733 2000 851 2040 primae

154 2056 266 2096 quarti
296 2058 411 2085 actus:
447 2057 456 2069 ¹
473 2052 617 2092 AEdepol
651 2056 852 2091 nugatorem

154 2104 304 2146 lepidum
332 2102 445 2143 lepide
471 2103 558 2133 hunc
580 2100 732 2132 nactu’st
753 2100 853 2131 Phae-

157 2156 314 2187 dromus:
342 2153 595 2194 Halophantam
612 2162 655 2183 an
671 2151 854 2192 sycophan-

159 2212 226 2238 tam
252 2208 340 2237 linnc
357 2206 464 2246 magis
486 2214 561 2236 esse
584 2204 695 2236 dicam
715 2201 855 2234 nescio?

159 2267 258 2299 quem
275 2256 411 2297 quidem
437 2254 642 2294 locum,sive
664 2264 740 2286 cnm
756 2253 855 2284 aliter

160 2310 304 2349 legeret,
321 2306 368 2337 sic
386 2304 772 2345 interpretandum‚sive
782 2312 857 2333 cnm

160 2369 225 2390 non
243 2357 463 2397 intelligeret,
477 2355 575 2386 aliter
592 2354 786 2394 legendum,
802 2353 859 2393 (ut

163 2405 598 2440 videturinnueredoctiss.
616 2401 859 2442 Camerarius,)

164 2458 294 2491 censuit
310 2458 445 2497 Festus,
469 2460 612 2496 utroque
628 2453 727 2486 modo
753 2453 860 2493 negli-

166 2513 300 2550 gentem
313 2517 348 2538 se
365 2511 401 2538 et
412 2506 591 2537 ridiculum
605 2504 860 2545 grammaticum

166 2559 325 2600 praebuit.
374 2558 418 2588 Et
447 2555 727 2598 quemadmodum
769 2554 863 2594 hujus

166 2608 486 2649 interpretationem
538 2607 669 2647 rejicio,
714 2606 762 2637 ita
801 2614 863 2636 nec

170 2659 320 2690 Nonium
337 2658 477 2699 recipio,
499 2657 553 2699 qui
579 2658 651 2688 vult
668 2655 862 2697 Haloplian-

171 2714 238 2741 tarn
257 2719 275 2740 a
292 2708 493 2740 consuendis
510 2707 693 2739 mendaciis
712 2707 798 2738 dici:
830 2707 862 2737 in

1444 146 1557 187 1215

865 262 1002 292 lucerna
1033 260 1195 298 expretus
1231 256 1333 285 uncto
1362 252 1490 291 linte0‚·
1525 252 1559 282 id

869 317 933 347 est,
948 313 1109 351 expertus:
1132 305 1322 347 experimur
1343 303 1431 334 enim
1450 303 1561 334 lucer-

869 371 928 392 nas
944 364 1044 392 uncto
1060 359 1177 394 linteo,
1195 364 1294 397 quam
1311 353 1398 384 bene
1413 353 1562 391 luceant,

870 420 1012 443 accenso
1027 408 1213 450 ellychnio:
1246 415 1312 436 non
1332 413 1386 435 me
1406 404 1492 434 latet
1514 408 1564 434 ta-

871 472 948 493 men
979 459 1142 503 quosdam
1179 457 1212 488 in
1248 456 1350 487 Festo
1382 452 1563 485 emendare

872 516 1011 554 experta.
1023 509 1176 543 Turneb.
1191 507 1249 539 lib.
1267 515 1324 537 ιιι.
1341 515 1417 546 cap.
1434 508 1465 535 5.

884 672 1005 720 VII.

879 786 948 812 tum
966 779 1127 820 gerebant
1149 776 1197 807 sic
1220 774 1449 806 vocabantur:
1479 782 1571 812 mag-

879 840 958 862 num
971 834 1085 861 autem
1099 836 1215 858 eorum
1229 823 1369 866 gradum
1383 822 1488 854 fuisse
1502 832 1574 854 cer-

880 885 951 912 tum
972 883 1037 910 est.
1072 877 1152 919 quid
1177 881 1291 908 autem
1319 878 1414 905 vetat
1449 878 1574 905 utram-

882 940 947 973 que
968 929 1151 961 lectionem
1176 926 1318 967 reperiri
1344 925 1376 955 in
1402 925 1574 964 exempla-

880 984 988 1024 ribus,
1004 986 1039 1013 et
1063 979 1216 1019 defendi,
1233 988 1308 1009 curn
1326 978 1447 1008 Festus
1473 977 1495 1006 1.
1513 984 1579 1006 vn,

881 1039 917 1066 et
940 1042 1033 1065 xvn.
1063 1031 1284 1071 gravastellum
1308 1028 1406 1059 modo
1432 1028 1524 1067 legat
1545 1026 1578 1057 in

883 1085 1003 1116 eodem
1020 1092 1132 1121 versu,
1147 1080 1247 1112 modo
1263 1076 1463 1111 ravistellus?
1495 1077 1579 1108 Tur-

883 1135 989 1167 nebus
1005 1134 1062 1166 lib.
1080 1142 1136 1164 ιιι.
1153 1141 1228 1171 cap.
1244 1132 1295 1162 11.

886 1339 1032 1387 VIII.

889 1458 957 1489 qua
971 1448 1044 1487 ejus
1060 1443 1267 1485 etymologia
1284 1446 1321 1473 nt
1339 1440 1477 1471 verbum
1501 1437 1587 1477 ὑφαί-

889 1509 950 1529 νειν
965 1500 1167 1538 usurpatum
1180 1502 1337 1534 agnosco,
1352 1493 1400 1522 ita
1412 1489 1589 1521 mendacia

891 1549 948 1579 nbi
965 1551 1105 1579 consuat
1120 1555 1185 1576 non
1204 1544 1315 1580 video,
1328 1542 1391 1573 nisi
1407 1541 1496 1572 forte
1513 1549 1589 1570 cuin

892 1600 993 1631 Festo
1011 1598 1092 1635 ἄλην
1115 1606 1176 1638 pro
1200 1593 1375 1626 mendacio
1395 1590 1589 1631 sumpserit.

894 1648 1040 1682 Quidam
1057 1656 1157 1688 porro
1176 1649 1300 1677 nostrae
1320 1643 1432 1674 aetatis
1449 1641 1591 1672 Lexico=

894 1699 1024 1740 graphi,
1060 1697 1208 1729 Nonium
1241 1696 1363 1736 juvare
1400 1691 1592 1732 cupientes,

896 1750 1123 1790 Holophantem
1139 1746 1205 1778 dici
1224 1745 1403 1776 voluerunt
1419 1753 1426 1773 :
1451 1741 1484 1772 id
1503 1740 1593 1781 quod

896 1809 963 1831 non
979 1799 1088 1830 minus
1113 1801 1177 1832 est,
1201 1804 1300 1837 quam
1326 1795 1395 1833 illa,
1419 1792 1594 1832 ineptum;

898 1852 1048 1894 quamvis
1074 1861 1094 1882 a
1117 1848 1247 1890 magnis
1269 1847 1348 1878 viris
1373 1845 1596 1886 approbetur.

899 1902 1060 1934 Proxime
1077 1900 1223 1932 omnium
1242 1897 1283 1928 ad
1305 1907 1374 1927 rem
1398 1894 1542 1926 accessit
1559 1894 1598 1933 is,

903 1962 1003 1995 quem
1033 1951 1133 1982 modo
1164 1947 1346 1986 nominavi,
1377 1946 1497 1977 doctus
1537 1944 1599 1983 vir,

902 2003 958 2045 qui
975 2006 1071 2043 putat
1086 2001 1204 2033 lusisse
1222 1999 1383 2030 Plautum
1398 1996 1480 2028 ficto
1496 1995 1600 2026 nomi-

901 2063 943 2084 ne
960 2053 1002 2084 de
1018 2053 1098 2092 sale,
1121 2060 1159 2082 re
1175 2054 1210 2081 et
1227 2050 1301 2089 ipsa
1317 2048 1388 2083 vili,
1400 2051 1438 2078 ut
1456 2047 1599 2077 alterum

902 2103 1019 2135 fictum
1046 2105 1138 2132 esset
1164 2100 1207 2131 de
1233 2098 1319 2130 ficis.
1369 2097 1601 2128 Veruntamen

906 2163 969 2185 nec
980 2153 1056 2192 boc,
1066 2150 1155 2193 quod
1173 2158 1258 2190 pace
1271 2147 1357 2179 tanti
1372 2146 1433 2177 viri
1445 2145 1603 2180 dixerim,

908 2203 1056 2244 undique
1072 2199 1253 2232 satisfacit.
1298 2196 1389 2230 Quid
1406 2205 1486 2236 ergo
1512 2194 1603 2225 dice-

907 2254 1005 2286 mus?
1031 2250 1156 2293 aliquid
1173 2250 1306 2284 saltem,
1319 2252 1355 2278 ut
1373 2248 1438 2278 ista
1454 2255 1496 2276 ne
1513 2245 1605 2275 dica-

908 2313 1001 2335 mus:
1018 2308 1120 2342 atque
1137 2299 1292 2331 existimo
1307 2297 1464 2337 primum,
1476 2295 1604 2325 Curcu-

909 2354 1030 2384 lionem
1049 2351 1232 2391 parasitum
1259 2347 1372 2378 babitu
1397 2344 1530 2376 nautico
1548 2353 1607 2373 sen

911 2403 1052 2441 marino,
1076 2398 1347 2442 quandoquidem
1375 2406 1394 2427 e
1420 2395 1519 2427 Laria
1547 2404 1607 2434 per

911 2464 1002 2486 mare
1029 2450 1251 2493 Epidaurium
1273 2447 1464 2488 appulerat,
1482 2445 1523 2476 ad
1542 2446 1607 2485 Ly-

913 2514 1029 2537 eonem
1060 2502 1256 2542 trapezitam
1288 2497 1430 2537 venisse,
1453 2500 1488 2526 nt
1513 2499 1609 2535 patet

914 2566 956 2587 ex
973 2553 1084 2585 verbis
1101 2550 1258 2591 Choragi‚
1273 2549 1282 2566 ‘
1296 2549 1518 2586 Ornamenta,
1534 2556 1608 2587 quae

914 2603 1035 2644 locavi,
1063 2607 1176 2634 metuo
1202 2605 1241 2632 ut
1268 2598 1392 2640 possim
1421 2597 1574 2637 recipere
1589 2596 1612 2627 :'

918 2665 957 2686 ac
987 2657 1122 2695 pateret
1144 2650 1245 2683 etiam
1270 2648 1391 2688 magiS,
1416 2646 1493 2685 nisi,
1520 2646 1611 2687 quod

918 2714 981 2745 ego
1009 2712 1143 2744 semper
1169 2700 1359 2741 suspicatus
1382 2707 1465 2733 sum,
1483 2696 1613 2738 aliquot
