1876 3025
338 175 401 205 ΒΕ
435 172 705 204 VERBORUM
740 170 1148 202 SIGN1F1CAT10NE
1182 171 1275 200 [ΑΒ.
1309 171 1415 201 xlv.
1522 161 1606 203 671

162 273 311 315 Pubes
338 269 601 312 adulescens
622 268 693 323 qui
708 268 805 323 jam
823 280 1018 323 generare
1042 273 1175 321 potest
1196 269 1397 308 vocatur:
1441 265 1610 319 [Fus'r.

221 340 293 381 cui
313 337 573 380 contrarium
591 342 644 377 est
664 335 856 390 impubes.
917 334 1054 376 Pubes
1074 334 1195 375 eliam
1215 340 1251 375 el
1266 332 1455 388 pluriam
1472 347 1611 374 nume-

219 421 291 447 ras
314 403 488 460 ejusdem
510 403 639 445 aetatis
660 403 749 445 dici
771 403 898 444 solet.

162 475 312 516 Pubes
331 472 403 514 et8
425 477 442 494 ⁰
476 472 551 526 qui
572 472 734 525 pubem
769 482 971 523 generare
997 472 1167 523 potest:
1198 470 1237 510 is
1271 469 1427 523 incipit
1461 482 1560 510 esse
1587 483 1616 510 a

221 540 553 595 quatuordecim
575 539 716 589 annis,
730 538 912 580 foemina
933 550 961 578 a
982 537 1212 579 duodecim
1225 537 1309 578 viri
1330 540 1500 590 potens,
1520 537 1614 578 sive

219 609 406 663 patiens,
418 611 464 648 ut
493 606 675 660 quidam
696 609 867 659 putant.

164 677 314 718 Pubes
347 688 469 729 puer,
489 674 566 728 qui
597 674 694 728 jam
728 685 939 725 generare
972 678 1148 726 potest:
1178 672 1217 712 is
1250 672 1403 725 incipit
1437 671 1617 726 [PAUL-

220 756 319 784 esse
343 743 398 784 ab
430 742 557 782 annis
579 739 928 794 quatuordecim,
949 739 1133 782 foemina
1152 740 1233 782 viri
1255 745 1415 794 potens
1451 751 1479 780 a
1504 738 1616 779 duo-

223 811 380 851 decim.

166 877 352 918 Publica
373 876 566 930 pondera
581 881 598 907 Ρ
618 874 764 930 quibus
790 871 1115 929 populusRom.
1145 873 1207 914 uti
1233 872 1330 914 solet
1351 886 1407 914 ex
1448 872 1616 927 [FEST.

223 958 276 986 ea
298 956 448 986 causa.
471 944 517 985 in
534 942 563 985 J
568 943 698 985 unius
731 974 740 983 .

780 1050 1020 1063 &mmm

208 1128 228 1156 8
251 1124 313 1156 Vir
328 1123 419 1157 doct.
436 1123 470 1156 in
485 1133 593 1166 marg.
610 1123 765 1166 ejusdem
781 1123 835 1156 ed.
852 1123 997 1165 conjicit
1013 1126 1073 1155 est.

820 1241 963 1275 NOTAE

167 1318 307 1350 trarium
320 1318 474 1350 investis.
515 1318 631 1351 Pubes
649 1323 684 1351 et
707 1328 769 1360 pro
792 1319 867 1359 plu-

168 1369 251 1399 rium
270 1367 434 1408 puberum
448 1378 587 1400 numero
603 1369 672 1402 dici
686 1370 785 1401 solet.
809 1369 867 1401 Ita

169 1419 300 1450 Festus.
322 1418 391 1449 Jos.
409 1418 492 1449 Scal.

210 1473 225 1488 ¹³
247 1467 351 1498 Pubes
376 1468 422 1508 el]
445 1468 549 1510 Lege,
571 1468 686 1509 Pabes,
705 1472 735 1500 et
751 1467 868 1508 Puber,

168 1518 222 1559 qui
234 1528 385 1558 generare
408 1521 520 1558 potest.
565 1520 718 1551 Catullus
736 1519 770 1550 in
786 1519 868 1551 Gal-

168 1568 315 1599 liambo:
335 1573 343 1585 ‘
354 1569 426 1609 Ego
443 1569 562 1609 puber,
578 1578 641 1610 ego
657 1569 868 1609 adulescens,

169 1628 231 1659 ego
257 1617 420 1659 ephebus,
450 1628 513 1659 ego
550 1619 673 1660 puer:'
711 1628 773 1659 pro
802 1629 869 1660 quo

167 1669 378 1709 ineptissime
395 1678 556 1700 excusum
573 1674 638 1710 est,
661 1670 730 1710 Ego
745 1670 869 1711 mulier,

169 1728 225 1757 ego
237 1718 426 1749 adulescens.
450 1718 558 1749 Idem.

213 1772 229 1793 Ρ
254 1767 384 1798 Publica
407 1768 559 1808 pondera]
584 1768 652 1799 Hic
676 1769 770 1799 locus
785 1778 870 1799 nun·

171 1826 271 1858 quam
298 1823 400 1848 antea
427 1816 540 1847 editus
566 1822 631 1856 est,
657 1827 733 1848 cum
759 1826 872 1848 rerum

169 1866 437 1906 conscriptarum
466 1870 559 1897 esset
588 1867 680 1898 utilis
710 1867 872 1906 cognitio.

170 1917 256 1948 Sunt
269 1922 381 1947 tamen
393 1915 548 1956 quaedam
559 1916 769 1952 obscuriora,
781 1927 872 1957 quae-

171 1966 249 1997 dam
265 1965 366 1997 etiam
383 1964 556 1996 mendosa.
615 1966 667 1996 Ex
692 1966 873 2006 plebiscito

171 2017 299 2048 Siliano
323 2016 378 2047 hic
407 2015 529 2056 relato,
544 2020 680 2048 constat
695 2016 763 2047 viui
776 2018 872 2057 quad-

171 2069 276 2098 rantal
300 2067 477 2106 octoginta
508 2066 621 2107 pondo
638 2066 766 2098 statui:
801 2077 873 2097 con-

168 2118 258 2158 gium
281 2121 437 2148 octavam
461 2122 595 2158 partem
619 2117 691 2158 ejus
706 2126 804 2148 esse:
829 2117 877 2148 ita

172 2167 291 2199 decem
303 2167 429 2208 pondo,
444 2172 479 2198 et
493 2167 677 2207 sextarium,
694 2167 782 2207 quod
801 2176 875 2197 sex-

174 2222 210 2248 ta
226 2217 338 2256 congii
365 2225 443 2256 pars
468 2217 525 2256 sit,
552 2216 875 2258 duodequinquage-

174 2267 290 2298 simam
300 2271 428 2307 partem
440 2275 515 2297 esse
529 2266 770 2307 quadrantalis.
786 2266 873 2297 Haec

173 2318 327 2359 pondera
343 2323 423 2350 sunt
440 2318 655 2358 liquidorum.
692 2318 876 2349 Aridorum

176 2378 254 2399 vero
269 2368 442 2399 sexdecim
458 2368 593 2399 sextarii
607 2368 641 2399 in
656 2368 769 2399 modio
786 2372 877 2399 suut.

177 2418 344 2448 Sextarius
368 2422 482 2448 autem
508 2418 561 2449 hic
580 2418 719 2460 aequalis
736 2423 786 2449 est
802 2427 877 2449 sex-

178 2469 262 2498 tario
278 2468 358 2508 vini,
385 2467 418 2498 id
446 2473 508 2504 est,
528 2468 678 2509 ejusdem
705 2468 876 2509 ponderis.

177 2517 290 2548 Verba
306 2518 388 2558 legis
405 2517 451 2548 ita
463 2518 670 2560 scripsimus,
687 2523 725 2550 ut
740 2518 772 2549 in
790 2519 876 2549 anti-

178 2575 242 2607 quo
263 2565 346 2596 libro
369 2568 556 2607 reperimus
579 2569 721 2600 cumbis
740 2568 876 2608 conjec-

178 2615 275 2654 turis,
299 2625 380 2655 quas
396 2616 430 2646 in
453 2617 602 2656 margine
626 2617 809 2659 posuimus.
830 2618 876 2648 D.

179 2666 229 2697 M.
252 2664 420 2706 siguificat
446 2667 513 2697 dolo
533 2670 624 2700 malo.
670 2669 878 2707 Quadrantal,

179 2715 250 2747 sive
277 2714 472 2755 amphoram
500 2716 567 2748 viui
598 2726 674 2749 esse
700 2717 878 2758 octoginta

921 1317 1035 1359 pondo
1047 1322 1191 1359 apparet
1208 1327 1251 1348 ex
1268 1316 1357 1348 Plin.
1373 1316 1432 1347 lib.
1450 1325 1527 1347 xiv.
1546 1325 1623 1357 cap.

921 1373 952 1401 4.
968 1377 1034 1410 quo
1049 1369 1126 1399 loco
1142 1368 1313 1408 interpres
1331 1367 1533 1398 Hermolaus
1545 1367 1624 1397 Fes-

922 1419 947 1450 ti
960 1418 1168 1450 auctoritate
1182 1418 1300 1449 utinm
1315 1422 1323 1434 ¹
1344 1416 1535 1448 Sextarium
1551 1425 1624 1447 esse

922 1468 1035 1509 congii
1060 1473 1193 1509 partem
1220 1472 1363 1505 sextam,
1388 1470 1423 1497 et
1440 1466 1624 1496 sextarium

923 1518 992 1549 vini
1021 1518 1137 1549 uncias
1154 1517 1274 1558 viginti
1301 1516 1451 1557 pendere
1477 1515 1625 1546 Fannius

923 1567 1066 1599 scribit.'
1098 1567 1195 1598 Idem
1206 1567 1254 1598 ait
1265 1566 1451 1598 sextarium
1469 1574 1542 1596 esse
1559 1574 1628 1596 mo-

924 1619 971 1650 dii
999 1623 1129 1659 partem
1158 1617 1469 1649 sextamdecimam.
1520 1616 1627 1647 Volu-

925 1669 994 1700 sius
1006 1668 1209 1699 Maecian.in
1222 1668 1308 1698 libro
1319 1666 1362 1697 de
1376 1676 1447 1696 asse
1460 1677 1467 1697 z
1485 1666 1494 1683 ‘
1509 1665 1627 1698 Quad-

925 1719 1047 1754 rantal,
1075 1717 1164 1758 quod
1192 1726 1282 1748 nunc
1309 1716 1462 1756 plerique
1490 1715 1628 1755 ampho-

925 1777 997 1798 ram
1026 1772 1161 1805 vocant,
1183 1766 1285 1797 habet
1312 1775 1413 1796 urnas
1440 1764 1536 1804 duas,
1557 1774 1628 1795 mo-

926 1818 1000 1849 dios
1018 1822 1099 1855 tres,
1115 1816 1283 1848 semodios
1299 1825 1371 1854 sex,
1383 1815 1519 1855 congios
1537 1820 1628 1854 octo,

927 1868 1092 1898 sextarios
1111 1869 1165 1897 48.
1187 1866 1338 1897 heminas
1355 1868 1410 1897 96.
1437 1865 1627 1906 quartarios

927 1921 1000 1949 192.
1037 1917 1178 1958 cyathos
1205 1916 1293 1947 576!
1350 1915 1450 1946 Adde
1487 1916 1627 1946 Festum

925 1967 1033 1999 verbo
1062 1968 1071 1985 ‘
1092 1966 1303 2000 Quadrantal
1319 1964 1328 1978 ’
1364 1970 1400 1996 et
1431 1965 1440 1981 ‘
1458 1964 1629 1997 Hemina:

926 2018 991 2049 Illa
1006 2017 1123 2056 verba,
1137 2017 1187 2047 uti
1202 2019 1380 2056 coaequatur
1396 2016 1545 2050 sedulam,
1568 2025 1627 2046 ne-

928 2069 1010 2108 scio,
1026 2078 1067 2099 an
1084 2067 1290 2107 significent,
1312 2070 1321 2084 ⁴
1335 2066 1384 2097 uti
1406 2071 1631 2107 coaequentur

933 2119 1064 2159 sedulo,
1086 2119 1133 2149 ita
1151 2123 1186 2148 ut
1203 2116 1427 2157 quadrantal‚'
1443 2118 1508 2147 διο.
1566 2117 1631 2147 Illa

929 2170 1044 2205 etiam,
1060 2170 1132 2199 dum
1154 2168 1271 2199 minore
1283 2166 1386 2207 patris
1397 2167 1543 2204 familias
1558 2170 1630 2198 ταω-

928 2223 974 2258 at,
1003 2219 1105 2253 liceto,
1128 2222 1187 2249 aut
1202 2218 1363 2248 mendosa
1388 2221 1480 2255 sunt,
1495 2220 1553 2248 aut
1568 2217 1632 2247 hoe

929 2268 1144 2309 significant3
1178 2268 1187 2284 ‘
1202 2267 1333 2298 minore
1362 2267 1482 2303 multa,
1506 2272 1541 2297 et
1572 2276 1631 2306 pa-

929 2322 1017 2349 trem
1041 2317 1185 2348 familias
1202 2321 1334 2348 tantum
1352 2317 1456 2348 licere
1472 2316 1632 2348 multari.'

929 2368 1007 2400 Ant.
1024 2368 1109 2407 Aug.

973 2416 1122 2456 Publica]
1148 2416 1332 2457 Egregium
1358 2426 1396 2447 ac
1422 2416 1630 2448 luculentum

929 2468 992 2499 hoc
1009 2467 1223 2508 antiquitatis
1250 2471 1503 2498 monumentum
1526 2467 1573 2497 ita
1597 2471 1632 2497 et

930 2518 1175 2549 emendandum
1192 2522 1227 2548 et
1243 2516 1522 2557 distinguendum
1550 2525 1628 2547 cen-

932 2578 1011 2600 seo:

976 2627 1034 2651 Ex.
1058 2627 1298 2650 PONDERIBVS.
1324 2624 1523 2648 Poumcms,
1549 2623 1631 2648 Qvi-

933 2677 1004 2699 BvS.
1019 2677 1106 2699 HAc.
1123 2675 1370 2699 TEMPESTATE.
1389 2673 1560 2696 POPoLvs.
1574 2674 1634 2696 OE—

932 2726 1164 2750 TlER.S01AET.
1191 2725 1287 2748 νΤΕι.
1312 2723 1547 2749 cOAEQvETVR.
1579 2723 1633 2745 SE-
