1876 3025
236 132 321 173 726

691 144 839 175 SEX'I'I
874 144 1075 175 POMPEI}
1113 146 1246 177 FEsTr

239 239 521 293 Reciperatio
539 238 554 262 *³
571 243 656 289 est,
687 253 786 280 cum
808 240 921 280 inter
943 240 1141 281 civitates
1162 242 1414 295 peregrinas
1436 244 1509 284 lex
1530 258 1686 288 convc-

295 307 376 357 nit‚
397 310 445 347 ut
466 321 534 348 res
554 308 740 361 privatae
761 307 996 348 reddantur
1017 308 1224 360 singulis,
1245 315 1657 365 recuperenturque.

190 426 193 429 .
240 373 525 428 Reciperatio
565 379 644 424 est,
683 379 729 415 ut
763 375 826 415 ait
859 374 1019 416 Gallus
1061 376 1220 426 AElius,
1253 390 1352 418 cum
1384 378 1495 419 inter
1525 379 1581 428 [F
1590 391 1689 422 EST.

296 442 523 495 populum,
547 447 591 483 et
626 455 766 495 reges,
788 443 1093 496 nationesque,
1114 449 1160 484 et
1186 445 1395 487 civitates
1431 449 1688 500 peregrinas

297 509 372 549 lex
393 510 600 550 convenit
621 523 631 552 :
663 509 883 563 quomodo
904 523 983 564 per
1009 511 1323 565 reciperatores
1344 514 1582 556 reddantur
1603 529 1688 565 reS,

298 577 694 631 reciperenturque,
716 590 878 630 resque
894 578 1091 631 privatas
1112 579 1223 619 inter
1245 593 1292 620 se
1314 586 1643 635 persequantur.

242 644 459 698 Recipie⁵
476 651 489 667 ⁰
526 645 645 700 apud
678 644 888 687 Catonem
919 658 998 700 pro
1028 647 1250 700 recipiam,
1271 651 1318 688 ut
1350 649 1438 689 alia
1469 649 1690 703 ejusmodi

302 713 543 766 complura.

243 780 447 834 Recipie‚
467 781 692 834 recipiam.

1512 784 1690 836 [PAUL.

243 846 544 901 Reciprocare
576 862 654 902 pro
685 849 798 890 ultro
832 849 1028 904 citroque
1059 863 1244 904 poscere
1263 849 1292 889 :⁶
1322 851 1439 892 unde
1473 865 1582 905 eque
1601 866 1691 905 gre-

299 915 400 955 miis
421 916 682 970 subjectare,
702 930 755 958 ac
778 917 919 969 figere.

245 981 572 1036 Reciprocared
612 997 691 1037 pro
722 985 836 1026 ultro
860 986 1057 1040 citroque
1077 999 1258 1041 poscere
1285 987 1353 1028 usi
1386 991 1488 1028 sunt
1530 988 1692 1040 [FEST.

844 1114 982 1126 '''''''

988 1114 1086 1127 eeeee

282 1202 299 1229 5
325 1199 403 1230 Vet.
420 1198 477 1229 lib.
494 1198 581 1239 apud
599 1200 711 1232 Ursin.
732 1201 900 1240 Recipiem,
925 1208 959 1232 et
986 1203 1033 1233 ita
1056 1203 1235 1243 legendum
1262 1208 1376 1234 monet
1392 1204 1546 1235 Sca1.—-6
1569 1204 1578 1222 ‘
1595 1205 1644 1235 Ex
1671 1206 1693 1235 l.

246 1251 288 1271 m.
305 1246 380 1281 post
395 1242 533 1272 verbum
547 1252 670 1281 poscere
685 1244 877 1276 addendum
903 1246 951 1275 usi
974 1250 1046 1276 sunt
1073 1247 1205 1287 antiqui,
1229 1247 1303 1287 quia
1327 1257 1454 1288 procare
1479 1252 1525 1279 est
1549 1249 1694 1288 poscere.'

247 1285 343 1314 Fulv.
360 1285 474 1315 Ursin.
522 1285 599 1316 Vid.
616 1286 738 1317 Notas.

900 1385 1042 1417 NOTAE

246 1453 325 1480 runt
339 1449 469 1481 virilem
486 1455 609 1490 togam,
623 1452 737 1493 unde,'
753 1454 815 1483 &c.
864 1453 907 1484 Et
925 1464 944 1484 a

246 1499 349 1530 Festo
365 1501 485 1531 virilem
507 1505 613 1540 togam
638 1512 705 1533 non
732 1512 798 1534 ver.
829 1506 944 1542 togam,

246 1551 409 1590 scriptum
426 1549 531 1582 fuisse
548 1552 628 1583 satis
647 1553 841 1584 ostendunt.
887 1553 942 1584 Ri-

247 1600 363 1631 ciniati
381 1606 493 1632 autem
510 1602 719 1642 Planipedes
734 1603 824 1634 mimi
842 1603 944 1635 Festo

246 1649 405 1682 dicuntur
418 1652 474 1691 qui
493 1651 632 1683 Palliati
654 1654 687 1683 in
704 1654 830 1693 optimo
848 1654 945 1685 Glos-

246 1702 333 1732 sario
348 1712 356 1732 2
380 1702 388 1718 ‘
404 1702 552 1739 Palliati,
569 1702 778 1744 στιχόλογοι,’
802 1705 856 1745 qui
874 1715 945 1736 car—

246 1752 337 1783 mina
352 1752 481 1788 dicunt,
494 1763 569 1784 nam
586 1755 760 1785 mimorum
772 1756 944 1795 proprium

247 1808 321 1834 erat
335 1804 448 1835 dicere.
473 1804 761 1844 Uttragoedorum
780 1812 788 1825 ¹
800 1806 946 1841 canere,'

244 1855 254 1870 ‘
267 1853 430 1884 cantare.’
496 1854 661 1886 Palliatos
705 1856 806 1886 etiam
846 1862 947 1888 vocat

247 1904 456 1935 Diomedes:
483 1905 540 1935 ‘Si
566 1915 647 1945 quas
665 1911 779 1937 tamen
807 1917 848 1938 ex
873 1917 945 1939 soc-

249 1954 297 1985 cis
314 1953 445 1985 fabulas
460 1953 622 1991 fecerant,
640 1957 772 1995 palliati
800 1966 947 1997 pronun-

248 2004 403 2036 tiabant!
445 2006 501 2036 Sic
516 2006 525 2023 ‘
541 2005 660 2038 Jovem
680 2007 866 2047 palliatum'
890 2009 947 2039 ali-

250 2054 330 2085 cubi
347 2054 435 2085 dixit
452 2054 636 2094 Arnobius,
650 2066 749 2096 quem
767 2057 947 2088 alibiidem

249 2109 259 2123 ‘
274 2106 487 2138 reciniatum’
526 2108 722 2148 appellavit.
780 2109 948 2140 Nimirum

249 2156 338 2188 idem
363 2157 519 2188 ricinium
546 2164 582 2188 et
610 2158 761 2199 pallium,
787 2164 825 2190 ut
860 2158 949 2190 infra

250 2207 407 2248 pluribus
432 2208 609 2239 ostendam
638 2209 671 2239 in
702 2218 784 2241 voce
813 2210 822 2227 ‘
842 2209 949 2241 Rica.’

254 2257 354 2288 Idem.

294 2306 309 2327 b
347 2307 560 2349 Reciperatio]
601 2309 848 2349 Recsperatores,
887 2310 953 2348 vel,

251 2361 290 2388 ut
315 2357 432 2389 dixere
466 2364 597 2399 postea,
622 2363 851 2399 recuperatores
886 2360 954 2399 pri·

252 2418 343 2439 mum
373 2409 457 2440 dicti
475 2415 554 2441 sunt
582 2410 636 2450 qni
662 2411 750 2441 inter
764 2411 851 2451 Pop.
883 2411 952 2441 Ro-

253 2469 387 2491 manum
418 2465 454 2491 et
491 2461 649 2491 civitates
675 2461 871 2501 peregrinas
909 2461 952 2492 de

255 2511 356 2542 rebus
374 2511 516 2552 privatis
533 2511 712 2542 reddendis
731 2511 953 2552 recipiendis-

255 2571 318 2601 que
336 2561 598 2602 cognoscebant.
646 2562 690 2593 Et
708 2561 784 2593 inde
795 2562 953 2601 Recupe-

255 2617 387 2643 ratores
404 2612 486 2643 dicti
504 2612 725 2653 suntjudices
743 2613 798 2653 qui
823 2623 842 2643 a
858 2613 954 2644 Prae-

256 2666 330 2692 tore
344 2663 376 2693 in
386 2663 526 2703 privatis
538 2663 785 2702 controversiis,
798 2673 956 2704 quacum·

258 2720 322 2751 que
349 2712 392 2743 de
418 2722 452 2744 re
480 2718 651 2754 ageretur,
667 2712 739 2743 dari
772 2722 955 2745 consueve-

1001 1460 1087 1485 rant.
1122 1455 1236 1487 Plaut.
1254 1456 1417 1487 Bacchid.
1440 1461 1507 1488 act.
1524 1466 1562 1488 ιι.
1589 1467 1635 1488 sc.
1664 1460 1697 1488 3.

998 1506 1205 1546 “Postquam
1244 1512 1373 1547 praetor
1421 1507 1695 1548 Recuperatores

999 1556 1120 1589 dedit!
1166 1558 1265 1589 Nunc
1284 1567 1365 1589 vero
1381 1558 1403 1588 ii
1420 1559 1694 1599 Recuperatores

1001 1607 1153 1647 ‘judices
1170 1607 1332 1648 delegati’
1352 1608 1436 1639 dicti
1453 1613 1544 1640 sunt.
1569 1609 1667 1640 Idem.

1044 1663 1057 1678 ⁰
1082 1657 1222 1699 Recipie]
1249 1660 1338 1697 Lege
1356 1659 1523 1699 Recipiem,
1541 1663 1576 1689 nt
1596 1669 1698 1699 supra

999 1708 1187 1748 Attingem:
1209 1708 1265 1740 ubi
1281 1708 1370 1739 idem
1395 1718 1489 1740 error
1516 1714 1601 1740 erat.
1626 1710 1696 1741 Jos.

1000 1758 1083 1790 Scal.

1045 1809 1059 1829 ‘¹
1084 1810 1301 1850 Reciprocare]
1327 1810 1442 1842 Verba
1461 1810 1603 1842 Pacuvii
1619 1817 1698 1843 sunt

1002 1861 1172 1891 mendosa.
1196 1861 1273 1891 Ant.
1295 1862 1378 1899 Aug.

1046 1909 1263 1949 Reciprocare]
1278 1910 1612 1942 Contaminatissirna
1622 1915 1701 1943 sunt

1000 1960 1078 1994 ista,
1094 1970 1204 2000 neque
1220 1959 1296 1999 χθὲς
1311 1960 1360 1991 καὶ
1379 1960 1483 2001 πρώην
1506 1962 1599 1992 labes
1623 1962 1699 1993 istae

1001 2010 1077 2041 huic
1093 2011 1166 2041 loco
1182 2010 1390 2042 insederunt.
1434 2011 1543 2042 Video
1560 2013 1648 2043 enim
1665 2017 1700 2043 et

1001 2059 1146 2090 Paulum
1162 2060 1237 2090 illas
1264 2059 1534 2092 adbreviatorem
1558 2062 1590 2092 in
1607 2072 1700 2093 suam

1003 2111 1174 2150 epitomen
1200 2111 1406 2142 contulisse:
1431 2116 1615 2142 monstrum
1642 2112 1699 2142 ho-

1003 2161 1115 2195 minis,
1132 2161 1201 2201 qui,
1217 2161 1308 2202 quod
1326 2171 1391 2192 non
1408 2162 1635 2202 intelligebat,
1649 2172 1700 2194 re-

1002 2211 1166 2252 liquerit:
1193 2211 1280 2253 quod
1296 2210 1396 2242 facile
1413 2221 1451 2243 ac
1468 2212 1568 2252 vulgo
1584 2218 1701 2244 notum

1005 2266 1092 2301 erat,
1109 2260 1143 2291 id
1170 2270 1279 2296 omne,
1297 2266 1456 2302 tanquam
1485 2262 1622 2293 inutiles
1649 2272 1701 2294 ra-

1004 2320 1090 2350 mos,
1107 2311 1280 2342 reciderit.
1324 2312 1438 2351 Igitur
1453 2312 1641 2352 videamus,
1658 2323 1701 2345 an

1004 2360 1055 2392 ita
1065 2361 1238 2400 scripserit
1250 2361 1369 2392 Festus
1383 2373 1389 2390 :
1404 2362 1560 2392 Pacuvius
1572 2364 1704 2395 Teucro.-

1006 2411 1121 2451 Rapio,
1136 2412 1303 2452 reciproco.
1321 2434 1329 2442 .
1343 2435 1350 2444 .
1362 2413 1467 2452 pedem
1483 2413 1544 2443 cito
1554 2418 1607 2444 aut
1621 2415 1702 2445 ultro

1004 2461 1084 2492 citro
1100 2465 1221 2492 restem.
1270 2462 1486 2501 Reciprocare,
1515 2474 1634 2495 sursum
1650 2466 1701 2496 de-

1004 2520 1061 2552 que
1068 2511 1198 2550 gremiis
1207 2511 1388 2550 subjectare,
1399 2523 1434 2543 uc
1445 2513 1610 2553 adfligere:
1625 2524 1702 2546 nani

1007 2571 1086 2592 saue
1104 2561 1137 2592 in
1154 2572 1253 2592 versu
1279 2562 1392 2593 Plauti
1418 2564 1606 2604 reciprocare
1623 2565 1702 2595 nihil

1008 2613 1097 2643 aliud
1138 2622 1235 2653 quam
1275 2622 1396 2653 susque
1435 2614 1545 2655 deque
1576 2615 1704 2654 gremio

1009 2667 1125 2693 erecto
1147 2669 1204 2693 aut
1227 2662 1389 2703 depresso
1405 2670 1536 2704 gestum
1554 2664 1600 2695 ita
1613 2674 1703 2695 com-

1009 2721 1151 2754 ponere,
1178 2717 1214 2744 ut
1237 2713 1363 2745 tolleno
1385 2718 1443 2746 aut
1474 2714 1580 2754 pilum
1607 2714 1702 2746 Grae-
