1876 3025
276 122 360 165 306
721 132 867 162 SEXTI
904 130 1105 161 pompm:
1143 131 1281 162 FESTr

336 229 434 270 nius
466 228 510 268 in
543 226 839 268 Brundisina:
872 224 989 276 Quis
1021 229 1113 266 tam
1150 225 1299 278 sagaci
1335 224 1481 274 corde,
1513 227 1645 277 atque
1665 223 1730 264 in-

337 297 463 350 genio
483 296 615 337 unico
637 297 656 336 ‘l
698 293 930 336 Lucretius
959 293 1037 334 lib.
1070 305 1124 335 11.
1185 294 1284 335 Nec
1324 293 1467 333 minus
1500 291 1597 332 haec
1639 291 1733 332 ani·
1760 296 1767 299 ⁸

338 377 456 405 mum
488 375 752 417 cognoscere
793 374 908 415 posse
929 374 1140 415 sagacem.-
1187 374 1370 416 sagacem
1411 360 1545 401 etiam
1579 372 1733 400 canem

338 430 443 472 dixit

346 569 535 609 invictus
557 566 672 608 canis
689 570 725 588 20
748 578 874 620 sagax
902 564 1049 605 validis
1070 565 1234 606 viribus
1265 564 1427 606 fretus:
1459 577 1556 619 saga
1579 576 1736 618 quoque

343 635 493 676 dicitur
532 635 688 676 mulier
723 632 864 687 perita.
905 647 1110 674 sacrorum
1145 640 1183 673 et
1215 632 1281 672 vir
1318 633 1496 685 sapiens
1527 629 1733 684 producta

337 704 476 759 prima
500 701 676 759 syllaba,
697 701 885 743 forsitan
908 708 1085 756 propter
1105 700 1419 755 ambiguitatem
1439 698 1709 740 evitandam.

294 774 487 826 Sagaces
507 771 789 826 appellantur
812 769 983 811 solertis
999 769 1236 810 acuminis:
1271 768 1388 809 unde
1408 768 1538 808 etiam
1561 766 1740 816 [PAUL.

347 853 478 881 canes
509 840 785 893 indagatores
818 850 1003 891 sagaces
1028 841 1124 879 sunt
1146 836 1377 892 appellati.
1428 835 1545 888 Saga
1567 846 1742 887 quoque

348 909 508 950 dicitur
530 908 685 949 mulier
705 907 852 962 perita
884 919 1123 956 sacrorum,
1151 910 1195 946 et
1215 906 1281 945 vir
1302 905 1495 959 sapiens,
1526 902 1743 956 producta

346 977 488 1030 prima
509 976 683 1030 syllaba
703 980 882 1029 propter
905 975 1233 1027 ambiguitatem
1252 972 1517 1014 evitandam.

294 1044 531 1097 Sagminae
554 1043 759 1085 dicebant
788 1043 947 1084 herbas
969 1042 1212 1083 verbenas:
1245 1042 1348 1094 quia
1378 1053 1438 1081 ex
1466 1040 1567 1081 loco
1588 1042 1743 1079 saneto

349 1113 611 1154 arcebantur
642 1111 804 1164 legatis
832 1110 1211 1164 proficiscentibus
1233 1109 1290 1150 ad
1311 1108 1459 1150 foedus
1479 1106 1744 1155 faciendum,

348 1180 600 1233 bellumque
640 1179 946 1220 indicendum:
978 1178 1047 1219 vel
1088 1191 1115 1218 a
1146 1176 1364 1226 faciendo,
1393 1176 1442 1217 id
1481 1182 1563 1225 est,
1591 1173 1747 1216 confir-

352 1248 526 1289 mando.
607 1247 796 1290 Naevius
819 1260 828 1285 :
880 1246 1081 1297 Scabos‚¹
1124 1250 1256 1299 atque
1296 1245 1509 1287 verbenas
1548 1242 1748 1296 sagmina

354 1319 616 1357 sumserunt.

297 1384 503 1438 Sagmina
540 1387 753 1425 vocantur
783 1383 1002 1433 verbenae,
1030 1381 1075 1422 id
1107 1387 1192 1432 est,
1214 1381 1360 1422 herbae
1390 1392 1533 1434 purae,
1580 1376 1744 1432 [FEST.

354 1454 462 1508 quia
501 1466 557 1494 ex
590 1453 690 1494 loco
729 1455 880 1493 sancto
903 1451 1161 1492 arcebantur
1189 1464 1214 1491 a
1247 1449 1459 1498 Consule,
1482 1448 1751 1495 Praetoreve‚

353 1520 513 1574 legatis
533 1519 911 1573 proficiscentibus
933 1518 989 1559 ad
1021 1517 1167 1559 soedus
1199 1517 1466 1566 faciendum,
1495 1516 1751 1569 bellumque

356 1587 657 1638 indicendum,
676 1587 743 1629 vel
766 1587 821 1627 ab
839 1585 1094 1635 sanciendo,
1112 1585 1158 1625 id
1179 1589 1258 1635 est,
1280 1583 1593 1626 confirmando.
1644 1584 1752 1625 Nae-

359 1657 456 1696 vius
479 1669 489 1697 :
519 1655 603 1696 Jus
626 1658 843 1696 sacratum
865 1653 997 1695 Jovis
1013 1652 1250 1707 jurandum
1271 1653 1480 1707 sagmine.

308 1723 531 1765 Salaciam
552 1721 563 1744 f
603 1723 812 1765 dicebant
833 1723 975 1764 Deam
1003 1735 1149 1775 aquae,
1170 1735 1303 1775 quam
1325 1721 1539 1776 putabant
1579 1718 1753 1772 [PAUL.

912 1832 1149 1844 eeeeeeeeeee

348 1914 389 1942 20
409 1910 493 1940 Vide
512 1911 695 1941 Notas.—l
723 1909 919 1950 Legendum
947 1914 1063 1941 monet
1087 1909 1177 1940 Scal·
1199 1909 1328 1949 Scupos.

962 2017 1101 2048 NOTAE

352 2095 365 2111 θ
389 2090 554 2132 Sagmiruc]
593 2091 718 2122 Mirum
745 2091 845 2122 alium
871 2101 1005 2123 versum
1103 2092 1269 2133 Sagmina]
1298 2091 1369 2123 Liv.
1390 2099 1474 2122 xxx.
1499 2100 1574 2131 cap.
1598 2092 1651 2121 43.
1699 2090 1759 2121 Fe-

313 2141 427 2173 Naevii
456 2151 474 2172 a
500 2142 616 2180 Festo,
643 2142 742 2172 alium
766 2152 784 2172 a
811 2143 1007 2174 mutilatore
1062 2142 1164 2174 ciales
1181 2153 1252 2173 cum
1273 2143 1304 2172 in
1330 2141 1483 2172 Africam
1511 2142 1552 2171 ad
1579 2139 1687 2171 foedus
1714 2139 1763 2171 fe-

312 2192 423 2224 citari.
469 2192 669 2233 Legendnm
688 2202 790 2223 vero:
817 2193 1008 2233 Scopusmt·
1064 2193 1216 2224 tiendum
1241 2194 1288 2223 ire
1307 2192 1520 2233 juberentur,
1542 2192 1623 2231 ipsis
1649 2197 1763 2232 postn-

313 2254 369 2285 que
380 2244 536 2275 verbenas.
574 2244 660 2274 Nam
677 2253 775 2283 scopce
792 2244 823 2273 in
841 2243 946 2274 sacris
961 2242 1009 2273 ‹li-
1064 2244 1215 2275 lantibus
1243 2249 1250 2261 ‘
1267 2247 1404 2274 senatus
1432 2243 1622 2274 consultum
1640 2242 1671 2272 in
1689 2243 1763 2273 lia-ze

316 2299 439 2325 cuntur
456 2293 545 2334 apud
572 2295 733 2330 Plinium,
762 2300 795 2325 et
822 2295 918 2334 alios,
945 2304 1011 2325 ver-
1067 2294 1171 2325 verba
1196 2293 1326 2325 factum
1344 2298 1410 2332 est,
1437 2298 1475 2323 ut
1492 2293 1604 2333 privos
1623 2293 1767 2333 lapides,

315 2347 410 2378 benoe.
436 2345 1013 2384 Glossarium:‘8210111i11a‚ea7mbs,
1068 2344 1194 2385 silices,
1229 2345 1406 2385 privasque
1441 2342 1608 2374 verbenas
1649 2352 1763 2374 secum

316 2395 460 2428 σπονδεία
473 2395 594 2436 ἀρχῆςὲ
621 2397 737 2436 Lege:
762 2396 925 2436 sagmina,
941 2400 1014 2428 θαλ-
1068 2395 1197 2426 ferrent
1212 2406 1219 2425 :
1246 2395 1293 2426 uti
1318 2398 1443 2434 praetor
1461 2393 1557 2425 Rom.
1575 2393 1625 2424 his
1640 2394 1764 2434 imper-

317 2447 1014 2489 λὸς,σπυνδεία.“ὃαςηιίηειιήιιε,σπονδειάρ-
1071 2451 1158 2484 aret,
1184 2449 1222 2475 ut
1244 2444 1355 2475 foedus
1377 2443 1536 2480 ferirent,
1561 2443 1609 2473 illi
1641 2448 1764 2484 praeto-

317 2498 402 2538 χης.’
455 2498 523 2530 Sed
562 2501 704 2537 praestat
741 2498 854 2537 legere
890 2498 1017 2538 Scupos.
1072 2506 1142 2527 rem
1167 2495 1319 2535 sagmina
1344 2498 1538 2534 poscerent.
1585 2492 1766 2524 Herbaeid

319 2550 413 2589 Scupi
436 2554 513 2579 sunt
528 2546 652 2579 θαλλοί.
698 2547 864 2587 Apuleius
887 2548 944 2579 lib.
965 2556 1018 2578 Χι.
1073 2555 1176 2587 genus
1193 2556 1233 2576 ex
1263 2555 1340 2575 arce
1369 2550 1513 2574 sumtum
1538 2543 1610 2574 dari
1640 2542 1768 2574 feciali-

319 2601 329 2617 ‘
344 2600 494 2638 Thallos,
529 2599 707 2638 verbenas,
735 2599 876 2630 corollas
903 2598 1014 2630 feren·
1075 2599 1136 2629 bus
1150 2597 1259 2628 solet!
1282 2597 1433 2636 Sugmiuu
1447 2606 1465 2626 a
1480 2595 1655 2635 sanciendo,
1672 2594 1768 2635 quasi

321 2649 396 2681 tes.’
441 2649 529 2682 Quin
553 2659 677 2689 scapum
700 2658 805 2690 caepae
828 2649 1016 2682 Columella
1074 2649 1254 2681 sancimina.
1280 2648 1360 2677 Dae.

322 2701 453 2733 thallum
470 2705 579 2732 vocat.
601 2701 669 2731 Jos.
684 2700 765 2731 Scal.
1118 2698 1130 2719 f
1150 2699 1317 2739 Salaciam]
1344 2696 1570 2729 Glossarium:
1606 2694 1769 2729 ‘Salacia,
