1876 3025
314 160 398 201 706

755 169 847 201 SEX
857 170 906 199 TI
941 169 1145 199 POMPEII
1181 170 1316 200 FESTI

315 263 519 317 Quinque
543 275 700 316 genera
714 268 731 285 ¹¹
760 264 981 316 signorum
1002 263 1239 306 observant
1258 277 1457 319 augures,
1474 279 1529 307 ex
1551 267 1679 317 coelo,
1695 281 1753 309 ex

370 331 539 380 avibus,
560 344 618 372 ex
639 330 856 384 tripudiis,
877 343 936 370 ex
958 329 1333 383 quadrupedibus,
1355 345 1412 373 ex
1433 332 1552 374 diris.

315 398 515 450 Quinque
535 410 686 451 genera
707 396 915 450 signorum
937 394 1202 436 observabant
1224 410 1409 450 augures
1430 400 1540 452 pub·
1589 399 1751 453 [FEST.

367 466 467 506 lici:
497 479 543 504 ex
564 463 672 514 coelo,
707 478 754 504 ex
785 462 943 512 avibus,
974 476 1021 502 ex
1053 461 1260 516 tripudiis,
1294 477 1353 504 ex
1373 465 1750 520 quadrupedibus,

365 545 418 572 ex
442 531 558 579 diris,
584 537 627 570 ut
648 537 704 571 est
723 530 765 570 in
788 528 1088 585 Auguralihus.

310 597 648 652 Quinquertium
664 603 680 619 ⁰
709 598 928 638 vocabant
948 597 1130 651 antiqui,
1150 610 1281 650 quem
1307 597 1456 640 Graeci
1475 598 1685 649 πένταθλον,
1704 605 1749 641 ut

362 664 529 705 indicat
551 678 698 705 versus
720 664 816 706 hic:
849 663 1007 704 Omnis
1031 663 1215 717 aequalis
1235 664 1436 706 vincebat
1457 668 1748 721 quinquertio.

363 731 517 772 Livius
538 744 709 785 quoque
730 733 854 785 ipsos
875 732 1062 772 athletas
1084 733 1148 771 sic
1180 732 1403 774 nominat:
1436 733 1748 787 Quinquertio-

361 811 438 838 nes
458 811 604 852 praeco
627 799 672 839 in
692 799 885 839 medium
906 804 1051 840 vocat.

305 863 648 918 Quinquemeales
662 872 677 896 P
723 880 897 906 censores
931 865 1266 919 appellabantur,
1305 868 1383 920 qui
1423 868 1607 908 lustrum
1641 881 1742 908 con-

358 930 494 970 clei-ent
516 932 656 986 quinto
677 947 833 987 quoque
851 946 972 982 αηηο,
995 947 1020 971 α
1044 948 1122 987 quo
1143 933 1343 974 nominari
1363 940 1550 988 coeptos.

302 996 637 1051 Quinquertium
651 1000 799 1041 Graeci
815 1003 974 1041 vocant
992 998 1204 1049 πένταθλον,
1219 1014 1308 1053 quo
1327 1001 1397 1042 die
1413 1003 1540 1055 quin-
1561 1002 1689 1055 [PAU
1701 1013 1741 1041 L.

353 1078 437 1117 que
477 1079 634 1118 genera
670 1067 826 1108 artium
866 1067 971 1107 ludo
1011 1069 1326 1108 exercebantur
1343 1082 1352 1109 :
1405 1070 1535 1122 ipsos
1571 1082 1742 1123 quoque

357 1131 543 1174 athletas
565 1133 719 1176 Livius
741 1135 1103 1189 quinquertiones
1127 1135 1336 1188 appellat.

947 1345 1087 1377 NOTlE

334 1463 348 1477 ¹¹
368 1458 509 1498 Quinque
522 1462 650 1502 genera]
676 1463 728 1492 Esc
754 1465 826 1493 coelo
851 1473 985 1495 servare

292 1508 494 1540 dicebantur
509 1520 663 1551 augures,
676 1523 750 1544 cum
764 1514 849 1545 aeris
861 1520 984 1546 statum

291 1560 618 1601 contemplabantur,
636 1571 676 1592 an
702 1564 826 1604 aliquid
847 1564 984 1596 infausti

291 1609 410 1640 ominis
434 1610 634 1644 oboriretur.
680 1614 733 1644 Ex
760 1615 881 1653 avibus,
907 1626 981 1646 cum

289 1667 403 1689 eorum
424 1665 560 1691 cantum
577 1662 647 1693 sive
666 1664 810 1694 volatum
826 1666 984 1696 observa—

287 1707 380 1739 bant.
423 1711 476 1740 Ex
491 1711 651 1751 tripudiis,
669 1722 742 1743 cum
767 1713 833 1744 offa
860 1724 902 1745 ex
925 1725 981 1747 ore

285 1758 465 1798 pullorum,
490 1760 560 1791 sive
584 1761 682 1793 alicui
705 1763 797 1803 quid,
823 1764 910 1804 quod
929 1774 980 1795 so-

284 1808 392 1838 nitum
419 1807 559 1850 faceret,
579 1811 734 1844 cadebat.
780 1814 832 1843 Ex
848 1815 980 1853 quadru-

281 1858 420 1896 pedihus,
446 1868 521 1890 cum
550 1870 585 1890 se
615 1862 854 1902 quadrupedes
871 1869 979 1895 osten-

283 1905 421 1945 debant,
442 1917 515 1946 quae
540 1910 689 1948 aruspicia
711 1911 912 1943 dicebantur
926 1923 978 1952 pe-

284 1954 409 1985 desiria.
454 1957 507 1986 Ea:
534 1958 625 1995 diris,
654 1967 729 1989 cum
759 1960 824 1991 diri
853 1962 975 2001 aliquid

283 2005 481 2042 apparebat,
506 2007 608 2036 veluti
633 2008 793 2048 strepitus
820 2020 894 2040 cuni
911 2010 977 2041 fre—

282 2053 383 2084 mitu:
409 2058 444 2084 ut
471 2055 559 2094 apud
587 2056 698 2086 Cicer.
725 2056 822 2089 Orat.
848 2059 889 2089 de
919 2061 977 2091 lia·

282 2102 451 2141 ruspicurn
488 2113 639 2144 responS.
665 2107 675 2122 ‘
700 2107 798 2138 Quod
833 2108 865 2138 in
893 2119 974 2149 agro

280 2151 465 2183 Latiniensi
481 2154 613 2186 auditus
638 2162 690 2187 est
712 2159 874 2198 strepitus
898 2169 973 2191 cum

279 2199 428 2240 fremitu,
444 2202 622 2234 exauditus
641 2205 673 2234 in
690 2215 769 2245 agro
786 2209 973 2249 propinquo

279 2254 314 2280 et
328 2251 520 2283 suburbano
536 2254 696 2293 strepitus
708 2256 842 2295 quidam
856 2267 972 2289 recon-

279 2299 367 2331 ditus
383 2305 417 2332 et
439 2302 606 2333 horribilis
624 2303 778 2336 fremitus
792 2316 970 2348 armorum,

277 2350 320 2381 de
345 2360 385 2381 ea
411 2360 447 2382 re
471 2352 633 2392 scriptum
661 2359 713 2385 est
728 2357 970 2394 postulationes

278 2410 352 2431 esse
367 2401 456 2436 Jovi,
471 2402 628 2438 Saturno,
646 2405 820 2444 Neptuno,
832 2406 970 2447 Telluri,

276 2450 353 2480 Diis
365 2450 590 2490 Coelestibus,'
605 2455 667 2484 &c-
711 2455 797 2485 Item
812 2465 886 2486 cum
901 2458 967 2488 vic-

274 2500 367 2531 timae
384 2509 425 2531 ex
443 2502 507 2532 aris
524 2501 711 2544 fugiebant,
728 2514 801 2535 cum
819 2506 851 2536 in
878 2508 965 2538 extis

274 2557 333 2580 cor
348 2554 407 2581 aut
423 2556 526 2590 caput
541 2552 734 2592 injecinore
751 2564 815 2585 non
835 2555 965 2593 fuisset,

273 2608 347 2637 quae
386 2600 536 2638 pestifera
579 2602 715 2642 auspiciu
751 2603 964 2638 dicebantur.

272 2647 360 2678 Vide
384 2651 391 2664 ‘
405 2650 589 2688 pestifera.’
633 2652 741 2684 Fuere
758 2658 791 2684 et
809 2655 873 2685 alia
889 2666 961 2686 aus-2

272 2696 434 2736 piciorum
447 2708 581 2743 genera,
598 2702 701 2734 veluti
718 2704 901 2744 auspicium
920 2716 960 2737 ex

1040 1464 1204 1504 anguibus
1221 1469 1255 1495 et
1269 1464 1425 1504 piscibus.
1471 1463 1667 1504 Auspicium
1692 1474 1734 1495 ex

1037 1512 1182 1553 fulgure,
1196 1513 1349 1552 fulmine,
1367 1515 1504 1545 tonitru.
1538 1514 1733 1554 Auspicium

1036 1571 1078 1592 ex
1094 1563 1316 1602 acuminibus,
1334 1563 1366 1593 id
1382 1568 1447 1601 est,
1463 1573 1503 1594 ex
1522 1564 1665 1594 telorum
1682 1574 1734 1594 su-

1036 1612 1125 1650 peris
1140 1622 1179 1643 ac
1194 1611 1309 1643 inferis
1323 1612 1529 1652 cuspidibus.
1576 1612 1733 1653 Auspici-

1037 1671 1090 1691 um
1117 1672 1158 1692 ex
1187 1662 1403 1702 perennibus,
1426 1672 1500 1692 cum
1529 1663 1643 1692 Duces
1661 1663 1731 1693 sive

1035 1711 1258 1750 Magistratus
1283 1721 1397 1741 amnes
1413 1712 1587 1751 auspicato
1603 1716 1730 1742 transe-

1035 1767 1106 1791 nnt.
1151 1761 1458 1802 Auspicitlmjrnge‚
1476 1761 1563 1801 quod
1582 1771 1623 1792 ex
1634 1762 1732 1802 junc-

1034 1812 1249 1851 tojurnento.
1296 1812 1347 1841 De
1367 1811 1649 1852 quibusomnibus
1665 1812 1730 1842 sin—

1032 1862 1171 1900 gulatim
1189 1862 1278 1892 alibi.
1304 1863 1401 1892 Idem.

1073 1916 1086 1929 0
1112 1911 1365 1950 Quinquertium]
1391 1911 1414 1941 Α
1434 1912 1581 1951 quinque
1598 1912 1727 1943 artibus

1029 1960 1151 1998 quibus
1166 1960 1423 1991 exercebantur.
1471 1961 1559 1990 Vide
1591 1962 1600 1978 ‘
1620 1963 1727 1993 Pent-

1030 2009 1181 2039 armum!
1211 2009 1307 2040 Idem.

1071 2062 1085 2082 Ρ
1112 2058 1242 2099 Quinq]
1267 2059 1542 2099 Quinquennales
1568 2070 1723 2092 censores

1027 2109 1301 2148 appellabantur,
1314 2110 1369 2149 qui
1381 2110 1519 2140 lustrum
1531 2111 1724 2143 condebant

1026 2158 1142 2197 quinto
1159 2168 1293 2199 quoque
1310 2168 1408 2198 anuo,
1423 2169 1441 2189 a
1456 2169 1521 2200 quo
1539 2160 1587 2191 ita
1603 2163 1720 2201 appel-

1025 2207 1085 2237 lari
1102 2213 1241 2248 coeptos.
1263 2210 1331 2240 Jos.
1348 2209 1431 2240 Scul.

1069 2259 1318 2298 Quz'nquennales
1331 2260 1483 2300 censores]
1498 2261 1574 2291 Vid.
1589 2262 1657 2293 Liv.
1668 2273 1678 2293 1
1687 2274 1720 2294 v.

1023 2309 1054 2336 S.
1099 2309 1226 2340 Quinto
1244 2319 1374 2349 quoquc
1392 2318 1477 2339 anno
1498 2312 1616 2345 creati,
1640 2313 1718 2352 quia

1022 2358 1154 2397 singulo
1179 2360 1407 2400 quinquennio
1433 2362 1575 2400 populus
1599 2372 1716 2394 cense-

1021 2406 1121 2437 batur
1146 2415 1181 2438 et
1207 2409 1421 2439 lustrabatur.
1467 2412 1554 2441 Nam
1578 2415 1714 2453 proprie

1019 2457 1166 2487 condere
1197 2458 1338 2488 lustrum
1366 2459 1567 2491 dicebantur
1591 2461 1716 2494 Censo-

1019 2514 1084 2545 reS,
1115 2516 1190 2537 cum
1221 2513 1298 2547 post
1327 2509 1518 2541 censionem
1550 2514 1709 2551 populum

1016 2557 1295 2588 suovetaurilibus
1309 2559 1509 2591 lustrabant.
1532 2561 1620 2592 Vide
1635 2563 1709 2594 Liv.

1018 2615 1067 2637 vr.
1093 2610 1123 2638 8.
1155 2608 1186 2638 iu
1215 2610 1361 2650 quinque
1386 2620 1487 2641 annos
1513 2614 1614 2643 creati
1631 2615 1708 2653 quia

1014 2659 1152 2697 singulis
1178 2660 1291 2691 lustris
1323 2663 1463 2702 populus
1495 2664 1707 2695 censebatur.

1015 2707 1096 2738 Duc,
