1876 3025
314 155 377 185 DE
410 153 683 183 VERBORUM
717 151 1124 182 SIGNIFICATIONE
1157 153 1255 184 [ΑΒ.
1288 153 1396 184 xlv.

1504 144 1590 186 679

203 248 428 294 Poenicum,
445 261 692 303 quamquam
711 246 830 288 Poem·
850 245 1138 301 appellantur:
1158 260 1261 288 nam
1273 260 1371 301 quae
1390 248 1589 290 solebant

203 316 363 371 antiqui
392 314 532 370 efferre
547 329 625 368 per
647 313 718 354 Pu
738 312 938 368 syllabam
956 314 1150 366 longam,
1172 313 1341 355 Ennius
1362 315 1407 355 in
1430 313 1505 354 Pae
1527 330 1591 355 ex-

202 382 313 433 tulit,
335 380 481 423 Poenos
513 380 660 431 dicens,
693 379 762 420 sed
790 386 848 420 est
867 379 987 433 culpa
1008 378 1293 431 librariorum,
1315 381 1393 434 qui
1414 394 1469 421 ea
1491 394 1592 434 quae

200 449 395 491 feminino
424 463 571 504 genere
603 447 811 498 dicuntur,
843 446 1024 487 scribunt
1054 447 1296 498 masculino,
1333 448 1468 488 etiam
1499 448 1590 501 ipsi

203 517 338 559 Graecz·
354 517 413 557 ita
435 516 670 572 loquuntur,
692 515 764 570 qui
782 514 909 556 solent
932 513 1197 567 Philologos,
1218 514 1493 569 philargyros
1502 514 1571 571 foe

203 585 332 625 minas
351 584 494 625 dicere.

555 584 700 625 Poenos
715 589 870 637 putans
891 582 999 623 viros
1021 580 1220 622 librarius
1252 582 1468 636 appellari
1497 595 1595 623 mu-

205 651 309 692 tavit
329 651 437 707 qnod
450 665 527 705 per
548 650 810 705 adjectionem
831 649 883 690 ab
905 647 1042 689 Ennio
1084 663 1109 689 a
1131 661 1222 690 vox
1243 649 1484 703 explanata
1506 663 1593 690 non

190 719 346 774 faerit,
367 734 455 760 cum
476 725 608 759 tamen
629 716 822 771 ejusmodi
826 716 924 772 fere
945 716 1120 758 nomina
1142 716 1276 758 etiam
1294 717 1339 757 in
1358 715 1492 766 virili,
1514 731 1595 756 non

206 794 366 828 tantum
386 784 652 841 infoeminino
674 797 767 825 sexu
782 783 1071 839 proferantur,
1094 784 1281 826 dicimus
1310 788 1400 826 tam
1430 784 1503 825 hic
1533 784 1596 824 lu-

205 867 307 907 pUS‚
329 867 458 908 quam
477 853 556 894 lzaec
578 851 712 906 lupus,
733 850 832 906 quin
853 851 975 891 etiam
1001 865 1046 891 ea
1069 866 1155 906 quae
1180 850 1422 905 participia
1443 851 1598 906 appel-

203 922 361 972 lantur,
384 933 483 975 quae
514 926 561 960 ut
587 918 814 973 plurimum
836 917 1012 973 aliquem
1033 918 1221 959 ordinem
1249 931 1390 960 rerum
1427 918 1596 972 signifi·

205 994 322 1037 cant,
343 994 381 1028 et
400 1002 487 1043 quae
506 1001 634 1037 casus,
656 1000 855 1036 numeros,
877 985 1036 1039 species,
1059 990 1268 1039 tempora,
1287 999 1514 1040 personas,
1536 1000 1600 1027 re-

206 1055 388 1109 cipiunt,
409 1061 582 1110 utroque
601 1068 746 1109 genere
766 1054 1048 1094 enuncientur.

150 1122 368 1164 Punicum
389 1123 508 1177 quod
531 1119 807 1176 appellatur,³
837 1134 973 1174 genus
1002 1121 1075 1161 liba·
1109 1120 1356 1161 translatum
1376 1136 1400 1161 a
1436 1121 1570 1162 Poem‘s
1586 1138 1601 1166 ,-

207 1188 311 1230 idem
329 1189 591 1244 appellatum
599 1187 696 1244 ficit
713 1188 901 1241 probum,
923 1189 1060 1230 ceteris
1083 1188 1173 1229 libis
1194 1188 1475 1228 suavissimum
1495 1189 1603 1243 quia

206 1256 435 1299 videbatur.

208 1399 293 1434 sto.

497 1256 703 1298 Punicum
726 1255 847 1296 etiam
869 1255 1039 1306 dicitur,
1059 1256 1177 1296 vestis
1200 1270 1354 1297 nomen.

152 1460 371 1502 Punicum
392 1473 527 1514 genus
549 1460 629 1500 libi
650 1460 905 1500 translatum
927 1472 953 1499 a
972 1459 1150 1500 Poenis:
1182 1458 1227 1499 id
1249 1459 1381 1499 etiam
1425 1457 1603 1511 [PAUL.

208 1528 488 1582 appellabant
509 1528 711 1581 probum,
734 1528 838 1580 quia
860 1532 955 1567 erat
974 1527 1135 1568 ceteris
1159 1525 1489 1567 suavissimum.

153 1595 347 1648 Pupinia
366 1595 505 1636 tribus
528 1596 583 1635 ab
606 1607 711 1647 agro
727 1592 742 1615 ¹<
775 1594 980 1648 Pupinio.

155 1661 340 1714 Pupinia
374 1660 504 1701 tribus
539 1662 595 1702 ab
627 1660 720 1713 agri
754 1661 925 1702 nomine
958 1660 1085 1710 dicta,
1116 1660 1187 1714 qui
1218 1657 1410 1713 Pupinas
1440 1657 1604 1712 [FEST.

792 1780 935 1812 NOTAE

153 1857 218 1890 que
234 1847 347 1878 Deum
360 1845 553 1878 Venerem.’
598 1844 790 1885 Participia
807 1844 850 1875 is-

154 1899 197 1930 tis
215 1901 435 1929 annumerat:
460 1906 535 1927 nam
557 1905 670 1927 amans
687 1894 851 1927 ἐπίκοινον.

154 1947 222 1981 Sed
249 1947 367 1978 melius
384 1947 594 1985 Graecorum,
612 1955 711 1987 quam
736 1946 763 1976 si
787 1947 852 1977 La-

156 2000 301 2031 tinorum
326 1998 483 2038 exempla
506 1997 717 2028 adduxisset.
762 1997 853 2028 Nam

155 2049 284 2089 Graeci,
306 2048 457 2090 quamvis
480 2047 639 2079 distincta
656 2046 853 2088 participio-

154 2109 228 2130 rum
251 2108 378 2139 genera
407 2107 467 2138 per
493 2106 595 2128 voces
615 2096 777 2135 habeant,
806 2102 854 2127 ta-

154 2159 232 2181 men
248 2154 283 2181 et
297 2148 518 2180 masculinum
531 2147 723 2178 attribuunt
744 2145 853 2177 foemi-

157 2200 248 2240 nino,
263 2204 301 2231 ut
313 2199 498 2240 Sophocles
513 2207 579 2229 non
590 2197 694 2228 semel
708 2197 740 2227 in
755 2197 854 2228 Elec-

157 2255 231 2281 tra:
260 2249 348 2291 quod
379 2249 503 2280 Festus
534 2247 667 2287 quaerit,
696 2247 856 2278 Poenicum

158 2301 282 2332 bellum
299 2309 366 2330 non
388 2299 469 2338 dici,
489 2298 549 2329 sed
566 2297 731 2335 Punicum,
746 2296 854 2327 scien-

160 2354 237 2385 dum
255 2358 307 2384 est
324 2357 359 2383 et
374 2353 520 2382 Veteres
536 2349 708 2381 Poem'cz'um
729 2347 855 2378 dixisse

160 2404 192 2434 in
220 2402 388 2434 vetustiss.
404 2402 491 2441 lege,
508 2409 583 2440 quae
601 2398 754 2438 proxime
771 2402 854 2428 tem-

162 2463 245 2493 pora
272 2453 400 2483 Punica
430 2451 559 2490 scripta
582 2449 657 2483 fuit,
685 2456 855 2478 Povams

164 2512 344 2535 mmsRffls.
372 2511 472 2536 va.
511 2509 563 2532 IN.
595 2507 742 2530 Arnch.
769 2506 859 2529 svm·

163 2563 262 2588 va.
290 2562 430 2585 EORVM.
456 2560 507 2583 m.
532 2558 771 2582 ΑΜΕιοιΤιΑΜ.
797 2558 860 2581 Ρο-

166 2613 283 2637 PVLEI.
324 2612 504 2634 ROMANEI.
538 2610 662 2633 BELLo.
700 2607 858 2631 POENlclo

164 2661 357 2688 pRoxvmo.
374 2660 600 2684 MANSERVNT.
629 2652 697 2682 Jos.
711 2651 796 2682 Scat.

906 1846 1061 1877 Punicum
1082 1854 1154 1876 esse
1174 1853 1296 1875 nomen
1320 1842 1436 1882 vestis,
1458 1841 1607 1873 tunicam

906 1896 1099 1937 intelligere
1123 1905 1200 1927 eum
1223 1900 1320 1935 puto.
1366 1894 1457 1926 Nam
1474 1902 1515 1924 ea
1529 1893 1606 1924 Poe⁶

907 1955 1026 1977 norum
1042 1945 1116 1976 fuit.
1160 1945 1260 1975 Unde
1284 1944 1293 1961 ‘
1305 1943 1608 1983 Tunicamjuven„

909 2001 964 2027 tus
976 1995 983 2009 '
1009 1996 1136 2027 Ennius
1152 1995 1195 2026 de
1211 1995 1339 2026 Poenis.
1383 1994 1429 2025 Et
1444 1994 1559 2024 Plaut.
1576 1994 1609 2023 in

910 2046 1044 2077 Poenul.
1066 2046 1076 2063 ‘
1090 2045 1203 2077 Homo
1230 2042 1424 2075 tunicatus·
1448 2043 1491 2074 de
1513 2043 1610 2074 Han-

909 2106 997 2128 none
1012 2095 1299 2135 Carthaginiensi.
1322 2094 1406 2125 Dae.

952 2147 966 2167 Κ
990 2146 1127 2188 Pupinia
1139 2145 1239 2177 tribus
1250 2145 1287 2176 ab
1303 2144 1396 2184 agro]
1422 2143 1508 2175 Quae
1521 2141 1611 2173 infra

910 2197 1033 2228 desunt
1057 2196 1210 2228 divinare
1237 2204 1304 2226 non
1332 2203 1481 2235 possum.
1525 2192 1611 2232 Agri

909 2247 1047 2287 Pnpinii
1063 2247 1132 2277 sive
1148 2246 1364 2285 Pupiniensis
1383 2243 1538 2275 meminit
1555 2243 1609 2274 Ci-

910 2308 989 2329 cero
1006 2303 1126 2328 contra
1143 2297 1232 2328 Ruu.
1250 2301 1284 2328 et
1302 2296 1416 2327 Livius
1432 2294 1491 2326 lib.
1510 2302 1563 2325 1x.
1576 2299 1613 2325 et

911 2349 967 2380 lib.
995 2357 1097 2380 xxvr.
1143 2348 1310 2387 Pupiniam
1333 2351 1433 2378 vocat
1448 2347 1558 2377 Varro
1586 2354 1612 2376 1.

911 2398 954 2429 de
980 2398 1221 2438 Agricultura:
1249 2396 1309 2427 ‘Iu
1335 2395 1479 2436 Papinia
1499 2404 1612 2435 neque

912 2449 1051 2480 arbores
1068 2449 1228 2489 prolian,
1238 2456 1350 2488 neque
1367 2447 1451 2477 vites
1469 2445 1613 2483 feraces,

912 2509 1021 2540 neque
1037 2503 1221 2530 stramenta
1246 2507 1360 2529 crassa
1375 2496 1492 2528 videre
1517 2501 1611 2537 pote-

913 2550 981 2581 ris:
1031 2550 1189 2590 Papinum
1211 2549 1325 2579 Valer.
1348 2548 1443 2579 Max.
1470 2548 1612 2587 ejusque

914 2601 1021 2632 solum
1038 2600 1154 2632 sterile
1171 2609 1210 2630 ac
1227 2598 1502 2630 aestuosissimum
1519 2596 1614 2626 dicit.

915 2651 955 2682 In
972 2660 1012 2682 eo
1028 2649 1123 2681 fuere
1139 2649 1249 2680 Prata
1271 2646 1426 2684 Quintia,
1442 2650 1534 2676 trans
1554 2645 1612 2677 Ti„

208 2707 215 2724 ‘¹
238 2705 391 2738 Punicum
410 2705 487 2746 quod
507 2703 692 2745 appellatur]
714 2703 799 2735 Cum
814 2701 863 2734 ait
916 2700 1034 2733 berim.
1077 2698 1168 2731 Vide
1192 2704 1200 2716 ‘
1215 2696 1380 2732 Quintia.'
1403 2697 1499 2728 Idem.
