1876 3025
263 164 326 193 DE
361 162 633 192 vERssoRUM
667 158 1074 191 Sieulch'rloNE
1109 158 1204 187 me.
1237 157 1345 186 xvi.
1464 146 1547 185 '789

102 257 377 300 Ruminalisi
409 258 530 299 dicta
561 262 630 297 est
659 255 785 305 ficus,
817 255 935 310 quod
968 255 1049 295 sub
1081 267 1134 295 ea
1164 253 1316 293 arbore
1367 251 1548 306 [[Ἀυῑὐ

157 328 264 380 lupa
294 339 525 367 mammam
549 325 670 365 dedit
695 324 836 364 Remo
867 328 910 363 et
935 322 1155 363 Romulo:
1188 332 1375 360 mamma
1398 326 1549 358 autem

158 395 324 436 rumis⁵
355 393 542 434 dicitur:
578 392 696 432 unde
734 395 776 431 et
816 390 967 431 rustici
999 388 1224 442 appellant
1262 386 1416 427 haedos
1449 386 1552 425 sub-

158 475 360 511 rummos,
384 461 459 514 qui
477 461 620 501 adhuc
643 460 726 499 sub
750 458 950 498 mammis
969 456 1196 497 habentur.

107 527 505 582 Ruminalemficam
524 526 537 549 ¹<
559 526 817 581 appellatam
832 525 894 566 ait
910 524 1188 577 Varroprope
1209 520 1363 561 cariam
1383 519 1551 573 [FEST.

160 596 234 636 sab
271 596 498 646 veteribus,
531 595 650 648 quod
685 595 765 634 sub
801 605 857 633 ea
892 590 1034 632 arbore
1070 589 1191 644 Lupa
1221 601 1378 627 ramam
1400 584 1554 625 dederit

164 663 309 705 Remo
333 667 374 705 et
394 663 603 713 Romulo,
627 661 670 702 id
690 669 764 711 est,
789 673 1022 699 mammam:
1054 669 1232 698 mamma
1257 660 1402 696 autem
1416 653 1554 694 rumis

698 789 939 803 oeeeoeaeeeeee

151 864 169 891 5
195 859 274 891 Vet.
293 859 349 892 lib.
362 870 476 891 rumas.

768 961 908 994 NOTAE

154 1052 162 1073 ἱ
186 1051 376 1092 Ruminalis]
413 1051 526 1083 Infra:
559 1052 676 1082 Ficum
695 1049 812 1081 Rumi-

113 1103 222 1133 nalem
249 1103 454 1142 appellatam
483 1103 530 1132 ait
553 1102 665 1132 Varro
682 1111 700 1130 a
718 1105 810 1130 vete-

113 1152 219 1190 ribus,
236 1152 326 1192 quod
343 1152 404 1182 sul)
422 1161 460 1182 ea
478 1152 597 1182 arbore
616 1151 693 1190 lupa
709 1160 812 1180 mam-

113 1212 201 1233 mam
216 1203 319 1233 Remo
331 1207 364 1232 et
375 1201 672 1233 Romulodederit.
702 1201 812 1231 Mam-

113 1263 169 1284 ma
186 1259 298 1284 autem
321 1252 442 1284 Rumis
459 1253 597 1284 dicitur.
643 1252 741 1282 Unde
760 1261 813 1289 ag-

116 1313 178 1335 nos
196 1309 329 1334 veteres
355 1303 534 1333 subrumos
558 1301 738 1337 vocabant,
755 1301 812 1341 qui

116 1354 179 1385 sub
197 1354 348 1385 mammis
360 1359 495 1384 essent:
520 1352 575 1383 alii
594 1357 707 1383 autem
724 1354 815 1389 sunt,

118 1404 175 1445 qui
191 1409 326 1445 putent,
343 1403 429 1445 quod
453 1403 514 1434 sub
539 1412 578 1434 ea
595 1411 699 1443 pecus
716 1401 815 1432 rumi-

116 1457 189 1486 nari
207 1456 340 1486 solitum
359 1458 462 1485 esset.
486 1455 557 1485 Jos.
572 1453 657 1484 Scal.

160 1504 174 1525 ¹<
198 1506 397 1536 Ruminalem
402 1504 518 1547 ficum]
546 1506 641 1536 Duas
658 1503 816 1535 Rumina-

118 1557 168 1588 les
180 1555 262 1587 ficus
276 1555 379 1586 fuisse
396 1560 525 1586 certum
545 1559 607 1590 est,
625 1555 766 1585 alteram
784 1553 817 1583 in

120 1607 292 1641 Germalo,
318 1606 379 1637 sub
406 1616 473 1646 qua
498 1607 621 1636 Remus
645 1610 679 1636 et
697 1605 818 1635 Romu-

119 1659 171 1689 lus
189 1668 207 1689 a
228 1657 309 1698 lupa
333 1657 463 1697 nutriti,
487 1658 628 1687 alteram
657 1657 688 1686 in
716 1655 819 1686 comi-

120 1709 182 1747 tio,
213 1717 288 1748 quae
316 1707 453 1747 proprie
486 1706 598 1737 Navia
629 1705 819 1736 dicebatur.

120 1758 309 1797 Utramque
341 1757 373 1786 in
405 1761 530 1787 octava
560 1756 652 1786 urbis
683 1755 821 1795 regione

121 1808 221 1848 ponit
244 1808 364 1838 Victor
383 1817 390 1837 :
415 1811 424 1824 ‘
443 1807 541 1838 Ficus
573 1806 757 1837 Ruminalis
786 1809 822 1835 et

123 1859 291 1899 Lupercal
333 1857 484 1897 virginis.
543 1857 710 1887 Columna
747 1864 820 1886 cum

125 1914 240 1940 statua
253 1909 302 1939 M.
320 1907 442 1938 Ludii?
490 1907 576 1938 I-Iaec
591 1912 643 1937 est
660 1915 738 1936 vera
752 1906 822 1935 Ru-

125 1958 269 1989 minalis.
316 1957 436 1996 Pergit
452 1956 596 1988 Victor:
619 1957 628 1972 ⁴
641 1956 742 1986 Ficus
757 1955 824 1986 Ru-

124 2009 255 2040 minalis
282 2008 315 2038 iu
340 2007 490 2048 comitio,
515 2007 571 2038 ubi
596 2012 630 2037 et
657 2006 824 2046 Lupercal

125 2059 226 2092 AEdes
244 2058 380 2099 Vejovis
399 2058 487 2088 inter
506 2067 617 2087 arcem
633 2061 669 2086 et
686 2056 825 2095 Capito-

125 2111 206 2141 lium
231 2119 337 2150 prope
358 2107 510 2148 asylum.'
556 2107 642 2138 Haec
665 2112 718 2137 est
742 2105 826 2137 ficus

128 2163 252 2194 Navia.
298 2161 343 2193 At
360 2161 403 2192 de
422 2160 531 2191 Navia
552 2158 618 2190 ficu
634 2158 705 2199 jam
723 2167 826 2198 supra

127 2214 197 2253 egit
213 2213 345 2244 Festus.
392 2210 460 2242 Hic
478 2210 579 2250 igitur
599 2208 641 2239 de
661 2218 743 2239 vera
758 2207 826 2238 ficu

128 2262 300 2295 Ruminali
343 2261 414 2302 ejus
458 2261 559 2291 verba
603 2257 827 2299 intelligenda

129 2319 219 2349 sunt,
233 2313 322 2354 quod
335 2318 371 2343 et
382 2311 460 2342 olim
473 2309 714 2341 animadvertit
729 2308 827 2348 Mag-

130 2373 193 2394 nus
209 2363 386 2394 Salmasius
398 2362 431 2391 in
444 2359 745 2392 exercitationibus
757 2358 827 2389 Pli-

131 2414 254 2453 nianis,
271 2413 328 2444 ubi
355 2412 462 2443 multa
482 2410 582 2441 docte
605 2413 640 2441 et
667 2413 828 2440 accurate

133 2465 176 2495 de
200 2469 343 2504 utraque
365 2463 430 2494 ficu
458 2460 644 2496 annotavit,
671 2459 729 2491 sed
754 2459 827 2499 quis

133 2514 282 2545 nondum
298 2513 377 2543 mihi
392 2512 442 2543 uti
467 2511 658 2550 contigerat
679 2519 755 2540 cum
772 2509 830 2539 ho-

137 2574 210 2596 rum
228 2563 388 2593 librorum
405 2562 554 2592 decimus
576 2565 716 2601 quartus
742 2560 831 2599 typis

135 2614 362 2646 mandabatur
389 2624 395 2641 ε
432 2612 504 2642 liaec
534 2611 621 2642 enim
657 2609 730 2640 fere
759 2612 830 2640 sine

136 2665 232 2695 libris
263 2661 450 2700 scribimus,
482 2670 564 2701 quos
589 2660 702 2700 patria
731 2660 829 2699 longe

139 2715 147 2731 s
161 2714 250 2746 dulci
267 2712 405 2745 distinet
430 2711 463 2742 iu
483 2710 604 2742 domo:
650 2711 760 2743 Quare
778 2714 830 2740 est

860 1050 953 1078 certe
981 1045 1071 1087 quod
1103 1043 1269 1084 gaudeam
1303 1051 1354 1072 me
1385 1042 1417 1071 in
1450 1039 1561 1072 Navia

859 1097 926 1127 ficu
949 1101 1071 1126 contra
1102 1099 1248 1124 mentem
1278 1091 1441 1131 Scaligeri
1469 1091 1562 1120 illus-

861 1146 980 1177 tranda
1005 1150 1040 1176 et
1066 1143 1218 1185 putanda
1238 1143 1341 1183 juxta
1357 1142 1464 1172 virum
1482 1140 1562 1170 doc-

862 1196 1025 1227 tissimum
1050 1194 1122 1226 fere
1141 1203 1202 1235 per
1218 1193 1327 1224 omnia
1343 1192 1389 1222 sic
1406 1191 1563 1222 sensisse.

862 1248 945 1288 Ejus
974 1246 1078 1277 verba
1102 1245 1136 1275 in
1164 1243 1230 1274 fine
1255 1243 1436 1279 addentur,
1460 1244 1496 1271 ut
1524 1250 1564 1270 ea

863 1309 937 1329 cum
963 1297 1028 1328 illis
1053 1305 1135 1337 quas
1163 1295 1196 1324 in
1223 1293 1328 1324 Navia
1353 1292 1448 1322 dicta
1473 1296 1565 1325 sunt,

862 1350 972 1380 lector
988 1346 1144 1379 conferre
1160 1344 1278 1386 possit.
1314 1342 1504 1373 Redeamus
1521 1341 1564 1371 ad

864 1399 1016 1430 Festum.
1060 1396 1120 1427 Ait
1135 1394 1235 1426 ficum
1260 1393 1471 1425 Ruminalem
1490 1401 1567 1431 pro-

865 1459 908 1490 pe
924 1449 1052 1480 curiam
1069 1447 1186 1486 fuisse,
1200 1450 1236 1476 at
1252 1445 1347 1476 curia
1362 1444 1394 1474 in
1412 1442 1565 1473 comitio.

866 1501 944 1533 Non
962 1504 1077 1542 potest
1093 1499 1197 1539 igitur
1212 1497 1285 1527 liaec
1302 1504 1376 1526 esse
1391 1504 1472 1525 vera
1485 1493 1567 1524 ficus

868 1551 1055 1584 Ruminalis
1071 1560 1145 1591 quae
1164 1550 1195 1579 in
1213 1547 1396 1580 Gen-malo:
1423 1545 1485 1575 lioc
1503 1553 1567 1574 non

867 1605 982 1646 potuit
1010 1601 1204 1641 scrupulum
1229 1607 1346 1629 creare
1373 1596 1568 1627 doctissimo

869 1653 1046 1688 Sahnasio,
1074 1651 1130 1692 qui
1170 1649 1442 1689 supplementum
1475 1644 1569 1676 Festi

872 1713 1041 1744 nunquam
1061 1701 1157 1735 vidit.
1182 1699 1334 1739 adeoque
1357 1708 1398 1728 ex
1415 1697 1484 1727 sola
1500 1701 1572 1726 tan-

870 1760 941 1786 tum
971 1753 1119 1792 epitome
1140 1749 1310 1791 judicavit
1336 1749 1389 1778 hic
1416 1747 1457 1776 de
1490 1754 1570 1776 vera

870 1804 937 1836 ficu
954 1801 1124 1834 Ruminali
1141 1810 1160 1831 a
1182 1801 1285 1831 Festo
1310 1803 1423 1829 actum
1451 1795 1569 1826 fuisse.

871 1856 912 1887 In
937 1854 1085 1895 epitome
1110 1861 1189 1882 vero
1211 1849 1294 1880 nihil
1317 1852 1369 1878 est
1391 1845 1479 1887 quod
1504 1854 1570 1875 non

872 1907 1007 1947 utrique
1036 1904 1114 1935 ficui
1146 1911 1243 1943 aeque
1281 1899 1474 1931 conveniat.
1519 1897 1572 1927 De

873 1956 985 1989 Navia
1002 1954 1089 1986 enim
1107 1952 1174 1983 ficu
1195 1951 1284 1982 idem
1306 1949 1465 1980 dicebaut
1483 1946 1572 1986 quod

873 2008 914 2038 de
927 2004 1111 2038 Ruminali.
1126 2002 1236 2033 Tacit.
1250 2000 1373 2031 Annal.
1388 2007 1470 2030 xm.
1487 1997 1496 2013 ‘
1512 1998 1573 2027 Eo-

875 2056 952 2087 dem
984 2064 1072 2086 anno
1108 2051 1317 2084 Ruminalem
1354 2048 1508 2079 arborem
1541 2046 1573 2076 in

876 2106 1028 2144 comitio,
1057 2113 1130 2145 quae
1158 2110 1259 2141 super
1294 2096 1577 2138 octingentos'et

880 2157 1022 2198 triginta
1038 2159 1116 2186 ante
1130 2162 1246 2191 annos,
1258 2150 1359 2181 Remi
1376 2149 1576 2189 Romulique

881 2206 1058 2239 infantiam
1090 2201 1249 2242 texerat‚'
1275 2203 1340 2232 διο.
1384 2200 1436 2231 De
1469 2199 1578 2230 Navia

881 2257 969 2289 enim
986 2255 1146 2296 loquitur.
1180 2252 1244 2283 Sed
1264 2252 1381 2282 Festus
1397 2252 1406 2267 ‘
1422 2249 1558 2280 Curiam
1572 2248 1579 2259 '

882 2307 1082 2348 simpliciter
1104 2304 1190 2335 dixit
1215 2311 1313 2343 quam
1338 2300 1393 2330 alii
1420 2300 1428 2316 ‘
1445 2299 1579 2331 Curiam

884 2354 1087 2390 Hostiliam,’
1105 2364 1180 2395 quae
1196 2352 1332 2383 diversa
1348 2355 1399 2380 est
1417 2349 1457 2380 ab
1474 2350 1581 2379 altera

884 2408 1000 2446 Curia,
1021 2415 1119 2447 quam
1143 2400 1368 2441 βουλευτήριον
1382 2400 1496 2431 Graeci
1523 2408 1579 2429 vo-

885 2461 976 2488 cant.
1001 2457 1010 2473 ‘
1027 2455 1127 2487 Curia
1145 2453 1292 2485 Hostilia
1308 2451 1369 2482 sub
1388 2449 1584 2485 veteribus:

885 2508 934 2539 ita
951 2511 1089 2538 notatur
1106 2506 1139 2536 in
1156 2503 1387 2544 descriptione.
1405 2501 1508 2536 urbi&
1526 2500 1581 2529 ubi

885 2558 958 2588 haec
975 2562 1010 2588 et
1026 2557 1090 2587 illa.
1146 2554 1200 2585 Sic
1217 2555 1306 2584 enim
1325 2553 1356 2583 in
1374 2554 1403 2581 S.
1420 2550 1558 2589 regione
1577 2560 1583 2579 :

888 2610 896 2626 ‘
913 2608 1028 2638 Curia.

916 2658 1018 2689 Curia
1033 2656 1183 2689 Hostilia
1193 2654 1255 2686 sub
1267 2649 1460 2685 veteribus!
1479 2650 1563 2681 Dae.
