1876 3025
283 185 396 227 1002

338 290 605 344 pugnabant,
631 301 732 342 quae
767 288 858 329 tela
888 287 1099 338 seruntur,
1133 302 1220 329 non
1245 292 1456 330 tenentur.

726 194 875 225 SEXTI
912 193 1111 223 ΡΟΜΡΕΙΙ
1146 193 1284 224 FESTI

1515 286 1629 329 Cato
1652 300 1730 329 eos

337 358 593 399 ferentarios
615 356 742 405 dixit,
777 355 854 408 qui
875 355 964 396 tela
985 368 1036 395 ac
1059 355 1267 408 potiones
1288 355 1502 396 militibus
1533 366 1733 407 pugnan-

339 425 457 465 tibus
483 420 827 464 ministrabant.d

283 492 515 534 Velitatioe
549 491 670 531 dicta
701 494 768 531 est
796 490 914 530 ultro
936 489 1136 543 citroque
1166 490 1423 543 probrorum
1444 488 1655 542 objectio,
1677 487 1732 528 ab

341 559 546 612 exemplo
568 557 762 599 velitaris
781 571 954 612 pugnae.
1015 556 1222 598 Plautus:
1247 556 1418 598 Nescio
1439 556 1546 610 quid
1567 555 1736 596 velitati

344 626 453 666 estis
476 625 581 665 inter
602 637 700 664 vos.

286 692 579 733 Venditiones
600 692 706 732 olim
727 688 1007 732 dicebanturf
1025 690 1268 731 Censorum
1290 691 1546 739 locationes,
1569 689 1736 743 [FEST.

343 759 462 812 quod
484 759 606 799 velut
628 759 799 798 fructus
822 758 1103 812 publicorum
1122 758 1319 799 locorum
1341 759 1563 799 venibant.

287 826 525 867 Vener-arig
557 826 738 866 verbum
759 826 1053 880 compositum
1075 837 1133 866 ex
1154 826 1295 874 venia,
1316 829 1357 865 et
1376 825 1557 866 orando.

286 891 564 934 Ventabanth
595 893 802 934 dicebant
823 893 1020 947 antiqui:

345 963 519 1017 adjecta
540 962 588 1004 fit
609 963 921 1004 adventabant.

1051 893 1164 934 unde
1187 892 1505 946 praepositione
1557 891 1736 944 [PAUL.

292 1030 549 1072 Ventabant
570 1031 735 1084 antiqui
758 1031 962 1071 dicebant
983 1031 1078 1071 sine
1100 1031 1427 1085 praepositione,
1448 1041 1528 1083 pro
1575 1027 1740 1077 [FEST-

349 1099 663 1140 adventabant.

292 1165 382 1207 Ver
403 1163 598 1207 sacrumi
621 1165 812 1207 vovendi
834 1177 930 1206 mos
951 1164 1034 1205 suit
1054 1164 1210 1206 Italis:
1231 1166 1400 1218 magnis
1418 1165 1530 1205 enirn
1563 1162 1743 1217 [PAUL-

348 1235 553 1287 periculis
590 1234 768 1275 adducti
802 1234 1035 1282 vovebant,
1066 1246 1360 1287 quaecumque
1401 1231 1603 1285 proximo
1646 1242 1744 1270 vere

349 1306 453 1341 nata
474 1306 620 1343 essent
655 1301 772 1355 apud
806 1314 854 1342 se
887 1300 1111 1349 animalia,
1145 1300 1462 1341 immolaturos.

1524 1298 1610 1339 Sed
1646 1309 1748 1338 cum

351 1369 531 1410 crudele
555 1369 775 1411 videretur
806 1381 969 1422 pueros
1001 1380 1054 1408 ac
1086 1367 1260 1421 puellas
1293 1368 1549 1407 innocentes
1589 1364 1747 1405 interfi-

353 1449 461 1487 cere,
492 1437 729 1490 perductos
764 1439 807 1478 in
842 1436 1036 1477 adultam
1064 1441 1244 1477 aetatem
1267 1435 1491 1483 velabant,
1522 1438 1655 1487 atque
1687 1432 1750 1474 ita

353 1508 475 1544 extra
497 1504 605 1545 fines
628 1518 733 1546 suos
755 1504 1009 1558 exigebant.

296 1570 578 1612 Verberitare
613 1573 729 1614 idem
762 1573 873 1614 Cato
906 1570 1222 1625 frequentative
1245 1570 1300 1610 ab
1326 1582 1395 1617 eo,
1426 1568 1549 1623 quod
1568 1571 1636 1609 est
1657 1579 1751 1607 ver-

354 1639 477 1689 bero,
502 1639 632 1680 dixit.

954 1715 1097 1748 NOTAE

341 1779 355 1801 ‘¹
382 1781 446 1815 Qui
469 1781 530 1811 tela
553 1791 589 1811 uc
609 1781 747 1821 potiones
771 1780 924 1812 militibus
945 1781 1003 1811 mi-

297 1831 492 1871 nistrabant]
524 1832 726 1870 Ferentani,
744 1830 1002 1861 ministratores.

302 1884 391 1913 Nam
405 1883 542 1914 accensi
554 1882 656 1913 iidem
671 1882 726 1923 qui
738 1881 1000 1921 ferentarii,&c.

303 1933 402 1963 Idem.

344 1988 358 2003 θ
386 1982 550 2022 Velitatio]
591 1982 707 2013 Plaut.
738 1982 770 2013 in
799 1982 1003 2013 Menaechm.

307 2033 419 2063 Nescio
434 2033 507 2072 quid
534 2043 585 2063 vos
610 2033 732 2064 velitati
748 2033 825 2064 estis
845 2033 927 2063 inter
952 2042 1006 2063 vos

306 2085 392 2113 duos.
419 2082 500 2113 Ant.
517 2082 607 2122 Aug.

347 2131 357 2152 f
384 2131 584 2162 Vemlilioues
605 2132 678 2161 olim
700 2131 898 2171 dicebantur]
928 2131 1006 2163 Ven-

305 2184 376 2214 dere
388 2192 448 2223 pro
460 2183 571 2216 locare,
582 2182 671 2213 sicut
688 2184 696 2199 ‘
711 2192 823 2213 emere
835 2181 843 2195 '
859 2187 895 2213 et
911 2183 919 2198 ‘
931 2181 1005 2212 red-

306 2234 411 2264 imere
424 2232 433 2245 '
472 2242 533 2273 pro
572 2232 580 2248 ‘
597 2231 789 2263 conducere
805 2230 812 2243 ⁷
857 2232 1005 2262 Veteres

306 2282 479 2314 dicebant.
520 2282 640 2313 Cicero
668 2292 692 2314 1.
720 2282 753 2313 in
784 2282 882 2313 Verr.
911 2282 920 2298 ‘
938 2281 1006 2312 Ubi

306 2334 365 2365 illa
390 2333 613 2372 consuetudo,
636 2333 669 2363 in
696 2332 791 2363 bonis
819 2331 1006 2372 (praedibus

309 2382 532 2425 praediisque)
547 2383 750 2422 vendundis,
766 2383 911 2413 omniurn
930 2391 1007 2413 con-

310 2437 431 2476 sulum,
448 2445 641 2473 censorum,
658 2440 878 2476 quaestorum,
897 2438 932 2465 ut
949 2443 1008 2474 op—

310 2488 392 2518 tima
409 2486 603 2518 conditione
617 2487 660 2516 sit
676 2486 714 2525 is,
727 2485 803 2525 cuja
816 2494 867 2516 res
882 2485 938 2521 sit,
952 2494 1008 2515 cu-

307 2538 381 2578 jum
399 2538 586 2578 periculum
601 2536 621 2566 ?'
643 2536 710 2566 Ubi
726 2537 758 2566 in
775 2536 859 2566 bonis
874 2535 1009 2566 venduu-

311 2590 372 2627 dis,
390 2589 453 2619 hoc
469 2594 533 2627 est,
551 2589 582 2618 in
598 2588 693 2618 bonis
711 2587 872 2618 locandis.
896 2587 978 2617 Duc.

355 2645 370 2666 ς
399 2637 562 2676 Veneruri]
588 2637 693 2667 Imuio
718 2638 829 2676 potius
848 2647 863 2666 a
885 2637 1011 2676 Venere,

314 2698 351 2720 ut
368 2690 505 2729 proprie
521 2688 664 2719 venerari
687 2688 731 2718 sit
748 2688 874 2718 Veneri
891 2686 1015 2717 sacrifi—

317 2749 410 2782 care,
425 2739 592 2770 Venerem
610 2738 762 2771 adorare.
809 2739 854 2769 Et
877 2738 954 2769 inde
975 2736 1015 2768 ad

1055 1780 1138 1810 alios
1156 1779 1362 1810 traductum.
1388 1778 1484 1810 Idem.

1099 1830 1113 1851 ¹¹
1131 1830 1321 1869 Ventalmnt]
1344 1829 1432 1860 Haec
1448 1832 1528 1859 sunt
1544 1826 1652 1859 Pauli.
1676 1826 1755 1858 Fes-

1058 1881 1084 1912 ti
1115 1881 1218 1912 verba
1250 1880 1297 1911 sic
1322 1880 1355 1910 in
1386 1878 1543 1910 Schedis:
1587 1877 1757 1908 Ventahant

1058 1931 1176 1962 dixisse
1202 1931 1345 1971 antiquos
1368 1928 1538 1960 verisimile
1561 1930 1606 1959 est
1634 1937 1703 1958 cum
1727 1930 1758 1958 et

1057 1979 1276 2021 praepokitione
1300 1979 1422 2018 adjecta
1433 1999 1597 2011 ........
1610 1979 1758 2008 adventa-

1060 2031 1145 2062 bant.
1170 2058 1171 2061 ,
1193 2031 1302 2061 Deest
1323 2030 1457 2064 dicatur,
1475 2029 1526 2058 vel
1550 2028 1649 2058 adhuc
1674 2027 1758 2058 dica-

1061 2090 1140 2121 mus,
1157 2080 1209 2110 vel
1226 2079 1305 2120 quid
1323 2080 1443 2110 simile.
1468 2079 1565 2109 Idem.

1107 2130 1115 2150 ί
1142 2129 1199 2161 Ver
1213 2126 1349 2169 suerum]
1384 2129 1470 2159 Vide
1487 2138 1588 2169 supra
1610 2128 1643 2159 in
1659 2128 1668 2145 ‘
1683 2128 1759 2159 Ma·

1061 2180 1196 2212 mertini
1212 2179 1233 2211 :'
1265 2184 1300 2210 et
1332 2179 1481 2211 Nonium
1512 2180 1545 2209 in
1575 2179 1673 2210 ‘Ver
1701 2179 1762 2210 Sa·

1062 2230 1191 2263 crum2'
1216 2235 1251 2261 et
1275 2230 1397 2261 Euseb.
1422 2229 1479 2260 lib.
1499 2238 1554 2260 ιιι.
1570 2230 1611 2261 de
1631 2239 1761 2270 praepa·

1061 2282 1189 2312 ratione
1208 2281 1372 2320 Evangel.
1392 2280 1462 2311 Fut.
1484 2280 1590 2311 Ursin.

1110 2331 1172 2362 Ver
1186 2331 1324 2371 sacrum]
1342 2329 1436 2361 Ἔτος
1455 2328 1535 2369 ἱερὸν
1548 2329 1660 2360 Str-ab.
1705 2329 1760 2359 Sic

1063 2381 1243 2412 dicebatur
1272 2380 1429 2421 quicquid
1470 2380 1557 2410 iutra
1589 2378 1761 2410 Kalendas

1063 2433 1209 2463 Martias
1225 2435 1260 2462 et
1276 2431 1383 2471 pridie
1396 2429 1568 2461 Kalendas
1582 2429 1690 2460 Maias
1707 2438 1763 2459 na-

1065 2487 1147 2517 tum,
1176 2482 1250 2512 Deo
1279 2481 1480 2512 vovebatur.
1529 2481 1652 2520 Neque
1683 2489 1762 2510 vero

1066 2533 1163 2573 primi
1176 2533 1396 2563 inmemorem
1410 2531 1487 2561 Itali
1502 2537 1655 2562 tenuere.
1674 2531 1762 2561 Nam

1067 2584 1134 2614 tale
1151 2583 1231 2622 quid
1249 2582 1280 2612 in
1299 2582 1407 2612 literis
1424 2582 1528 2611 sacris
1545 2589 1562 2610 a
1579 2579 1762 2610 Veteribus

1068 2632 1260 2663 factitatum
1284 2630 1384 2661 fuisse
1410 2632 1561 2670 legimus.
1607 2629 1694 2659 Vide
1713 2639 1764 2658 su-

1070 2692 1132 2723 pra
1155 2683 1187 2712 iu
1213 2683 1220 2698 ‘
1243 2679 1439 2711 Mamertini
1453 2679 1473 2709 :¹
1493 2679 1563 2709 Liv.
1580 2678 1600 2708 l.
1620 2686 1710 2709 xxu.
1729 2683 1764 2707 ct

1075 2741 1210 2765 xxxiv.
1228 2736 1263 2763 et
1279 2731 1421 2770 Dionys.
1437 2729 1493 2760 lib.
1512 2737 1533 2759 ι.
1562 2728 1641 2759 Duc.
