1876 3025
412 536 790 597 NOTITIA
853 535 1361 594 LITERARIA

862 693 907 715 DE

306 817 597 878 SEXTO
667 814 1090 877 POMPEIO
1149 811 1454 884 FESTQ

178 965 231 991 EX
245 965 300 992 JO.
315 965 403 991 ALB.
419 964 599 991 FABRICII
619 964 884 990 BIBLIOTHECA
902 963 1058 995 LATxNA,
1077 963 1171 988 LIPS.
1185 964 1265 991 1773.
1284 961 1360 987 LIB.
1378 959 1429 986 IV.
1448 958 1532 984 CAP.
1551 959 1578 984 4.

556 1022 754 1049 PAUCULIS
774 1022 967 1051 ADJECTIS,
993 1021 1212 1048 EXCERPTA.

147 1248 329 1297 SEXTUS
360 1257 613 1296 Pommzms¹
650 1258 812 1295 FESTus
849 1255 920 1292 sub
943 1252 1177 1291 Christianis
1219 1249 1532 1302 Imperatoribus‚
1564 1254 1609 1286 ut

144 1335 215 1373 par
235 1329 296 1361 est
316 1322 487 1369 credere,
508 1322 651 1368 floruit,
684 1321 884 1371 Verriique
923 1317 1056 1357 Flacci
1083 1318 1229 1355 libros2
1249 1314 1469 1358 contraxit;
1505 1319 1609 1351 certe

147 1388 301 1439 scripsit
319 1395 412 1440 post
435 1387 670 1434 Martialem,
686 1399 801 1438 quem
821 1388 1101 1422 commemorat
1121 1382 1159 1419 in
1184 1386 1195 1402 ‘
1212 1379 1371 1431 Vespa.'
1431 1377 1531 1416 Nam
1552 1390 1611 1416 ar-

145 1458 390 1504 gumentum,
425 1465 503 1503 quo
523 1451 690 1490 Vossius
723 1450 887 1502 probare
909 1455 1087 1493 conatur,
1111 1446 1270 1484 Festum
1304 1445 1349 1483 iis
1371 1444 1609 1495 temporibus

146 1517 362 1569 scripsisse,
383 1517 525 1568 quibus
547 1529 660 1555 sacra
680 1528 775 1554 crux
808 1514 846 1551 in
867 1513 1014 1550 honore
1034 1511 1169 1548 habita
1191 1517 1265 1557 est,
1284 1509 1377 1561 quia
1407 1521 1547 1559 nempe
1568 1507 1608 1545 in

145 1596 255 1629 voce,
296 1585 305 1603 ‘
327 1582 549 1633 supparus‚'
569 1586 579 1603 ‘
601 1581 650 1618 ad
672 1592 777 1617 nunc
798 1579 1018 1629 suppa1·os,'
1052 1575 1191 1627 inquit,
1227 1580 1238 1596 ‘
1259 1574 1499 1626 appellamus
1520 1572 1607 1611 vela

144 1647 250 1685 linea
270 1647 309 1684 in
340 1659 495 1685 crucem
531 1644 732 1698 expansa‚'
765 1646 840 1681 &a
874 1655 952 1681 non
990 1641 1087 1679 adeo
1124 1648 1273 1679 certum
1313 1653 1401 1678 esse
1439 1638 1605 1684 videtur,

144 1712 329 1763 quoniam
352 1711 474 1750 labari
496 1724 589 1749 usus
615 1709 732 1748 etiam
755 1709 826 1746 sub
850 1707 974 1759 Impp.
996 1705 1173 1743 Ethnicis
1194 1704 1280 1751 fuit,
1312 1703 1400 1742 vide
1423 1702 1606 1741 Lambec.

144 1790 219 1816 111.
240 1790 280 1828 p.
304 1778 397 1814 378.
429 1782 469 1814 et
496 1774 762 1814 Tertullianus
795 1772 893 1824 ipse,
927 1770 1038 1821 cujus
1071 1770 1200 1808 locum
1233 1769 1380 1821 profert
1415 1768 1464 1806 ad
1501 1768 1607 1806 Festi

142 1842 262 1880 verba
283 1840 490 1888 Dacerius,
508 1841 580 1878 sub
600 1838 769 1877 Ethnico
788 1837 887 1888 Imp.
911 1835 1080 1886 scripsit.

199 1906 305 1943 Festi
326 1906 414 1943 loca
447 1904 627 1956 quaedam
664 1901 846 1942 emendat
875 1902 940 1939 Jo.
963 1899 1157 1938 Meursius
1189 1913 1228 1950 p.
1255 1900 1342 1937 103.
1365 1911 1447 1949 seq.
1470 1897 1605 1935 Critici

144 1970 373 2017 Arnobiani,
395 1977 434 2008 et
452 1969 656 2008 Piccartus
677 1968 714 2006 in
736 1965 920 2019 perieulis
943 1965 1110 2004 Criticis.
1168 1964 1307 2016 Lipsiae
1327 1964 1364 2001 in
1386 1962 1487 2000 Bibl.
1510 1962 1602 1999 Am-

190 2092 330 2122 *Sextus
361 2091 536 2132 Pompeius
567 2090 683 2122 Festus
707 2100 724 2120 a
747 2089 847 2119 Paulo
887 2087 953 2129 jam
984 2092 1016 2117 et
1041 2086 1166 2127 sepulta
1180 2085 1288 2124 verba,
1303 2089 1399 2125 atque
1424 2084 1494 2124 ipso
1520 2093 1602 2123 saepe

144 2135 301 2170 Diacono,
323 2134 495 2175 Pompeius
518 2134 631 2165 Festus
657 2133 716 2169 bis,
747 2133 847 2162 semel
893 2130 1065 2161 confitente
1091 2130 1208 2159 nullius
1230 2139 1305 2158 usus
1323 2134 1377 2158 aut
1393 2127 1602 2160 auctoritatis,

142 2178 248 2209 Julius
265 2178 407 2208 Festusa
425 2179 588 2208 Macrobio
603 2176 848 2218 appellaturlib.
894 2173 1065 2215 praeterire,
1094 2178 1126 2203 et
1150 2172 1272 2212 reliqna
1293 2182 1387 2211 quam
1416 2170 1600 2200 brevissime

145 2232 197 2251 111.
210 2222 367 2252 Saturnal.
392 2221 523 2251 Festum
539 2220 730 2261 Pompeium
741 2219 849 2249 laudat

143 2275 268 2304 quoque
285 2264 453 2295 Charisius
467 2264 523 2294 lib.
540 2274 578 2294 11.
593 2274 625 2304 p.
642 2266 715 2294 196.
762 2262 848 2292 Festi

142 2308 301 2341 Postumi,
329 2312 364 2337 ut
384 2307 513 2347 aequalis
536 2307 594 2341 sui,
617 2306 736 2336 mentio
763 2305 846 2344 apud

144 2350 287 2381 Gellium
316 2350 371 2380 lib.
390 2360 462 2380 xxx.
491 2360 519 2380 c.
545 2352 596 2380 13.
631 2349 726 2379 Noct.
747 2348 846 2378 Attio.

142 2394 259 2424 Confer
293 2393 417 2424 Barthii
441 2392 612 2424 Adversar.
640 2402 678 2422 11.
701 2394 731 2422 3.
785 2391 847 2420 Sub

142 2436 289 2478 Pompeii
310 2436 437 2467 nomine
461 2440 722 2467 commemoratur
743 2434 847 2464 Theo-

142 2480 230 2510 dulfo
247 2479 414 2510 Aurelian.
429 2479 533 2510 Carm.
550 2490 598 2509 xv.
616 2481 666 2509 17.
681 2482 690 2495 ‘
708 2483 741 2508 et
754 2477 849 2508 modo

142 2523 343 2563 Pompeium,
360 2522 454 2553 modo
469 2528 510 2557 te,
527 2522 666 2557 Donate,
678 2520 846 2562 legebam.'

185 2569 202 2585 ⁷·
221 2567 337 2597 Festus
365 2567 398 2597 in
428 2571 437 2585 ‘
455 2564 644 2607 profanum‚’
680 2570 847 2606 postquam

142 2610 247 2640 Verrii
271 2610 460 2640 sententiam
491 2614 707 2644 memorasset,
738 2608 849 2648 ‘cujus

142 2652 346 2693 opinionem‚'
364 2653 477 2693 inquit,
501 2657 509 2669 ‘
528 2662 628 2692 neque
653 2651 686 2681 in
712 2652 772 2682 hoc
788 2661 844 2681 ne-

143 2707 204 2736 que
230 2696 264 2726 in
284 2696 353 2726 aliis
384 2695 599 2735 compluribus
627 2695 759 2725 refutare
790 2705 844 2723 ne-

143 2749 230 2769 cesse
258 2745 318 2775 est,
345 2750 417 2769 cum
437 2739 632 2780 propositum
656 2739 786 2771 habeam
807 2747 846 2767 ex

143 2788 230 2812 tanto
242 2783 390 2813 librorum
409 2783 473 2821 ejus
498 2792 627 2812 numero
642 2781 846 2811 intermortua

892 2217 1036 2257 redigere
1062 2217 1092 2246 in
1114 2216 1208 2246 libros
1225 2215 1396 2245 admodum
1416 2223 1546 2254 paucos,
1566 2223 1602 2242 ea

893 2265 1015 2296 autem,
1038 2271 1057 2290 a
1076 2260 1191 2300 quibus
1213 2258 1376 2293 dissentio,
1393 2263 1426 2287 et
1445 2262 1553 2296 aperte
1571 2262 1602 2286 et

892 2303 1040 2338 breviter,
1066 2309 1100 2332 ut
1125 2302 1237 2336 sciero,
1263 2301 1381 2341 scripta
1404 2301 1436 2329 in
1454 2300 1501 2329 liis
1517 2299 1601 2329 libris

893 2348 973 2376 meis
987 2346 1197 2380 invenientur,
1220 2344 1273 2385 qui
1288 2343 1499 2373 inscribuntur
1511 2353 1601 2372 Pius-

893 2399 1011 2419 conum
1050 2398 1243 2419 vennonum
1290 2396 1362 2416 cun
1403 2384 1601 2415 EXEMPLIS.'

895 2432 989 2469 Quod
1005 2442 1083 2473 opus
1098 2430 1186 2462 Festi
1211 2431 1371 2461 diversum
1392 2429 1487 2459 fuisse
1510 2432 1601 2457 notat

894 2476 1034 2516 Scaliger
1072 2480 1104 2505 et
1127 2474 1169 2506 A.
1197 2473 1354 2505 Dacerius
1380 2471 1506 2513 (contra
1531 2470 1598 2501 An-

893 2519 973 2550 tonii
1011 2518 1183 2559 Augustini
1221 2515 1428 2555 sententiam)
1466 2515 1504 2544 ab
1548 2525 1598 2550 eo,

893 2562 983 2603 cujus
995 2562 1144 2602 reliquias
1157 2561 1321 2596 habemus,
1337 2564 1369 2589 et
1384 2558 1465 2598 quod
1479 2557 1517 2587 de
1532 2568 1597 2587 ver-

894 2608 1003 2637 borum
1028 2605 1256 2644 significatione
1279 2603 1466 2643 inscriptum
1488 2601 1594 2635 fuisse,

891 2661 907 2680 e
924 2649 1088 2679 Macrobio
1104 2653 1238 2679 constat.
1286 2646 1378 2677 Adde
1403 2645 1530 2674 Festum
1548 2643 1595 2682 ip-

892 2704 959 2723 sum
974 2692 1005 2722 in
1023 2697 1031 2710 ‘
1047 2691 1193 2722 Tatium-³
1232 2691 1382 2722 Ceterum
1403 2688 1435 2717 in
1452 2686 1595 2728 praesenti

892 2747 1014 2777 quoque
1029 2735 1286 2766 VerriusaFesto
1300 2734 1415 2775 passim
1427 2731 1597 2772 reprohen-

894 2780 987 2809 ditur.
