1876 3025
282 179 343 209 DF.
377 176 610 208 VERBORU
620 177 649 206 M

684 174 1096 206 SIGNIFICATIONE
1132 174 1225 204 LIB.
1259 174 1411 204 XVIII.

1471 164 1555 206 993

106 273 283 314 Tuscus
313 273 439 313 vicus
470 271 630 312 Romae
661 278 725 312 est
756 271 917 318 dictus,
949 270 1067 324 quod
1096 270 1155 310 ibi
1177 269 1346 310 habita·
1377 270 1555 324 [ΡΑυι.

167 345 322 380 verunt
351 340 504 388 Tusci,
541 339 617 392 qui
650 338 881 380 recedente
912 339 968 379 ab
999 337 1230 378 obsidione
1262 338 1462 378 Porsena
1490 350 1555 377 re-

162 412 428 448 manserunt.

106 474 317 515 Tutulum
341 474 545 514 dicebant
567 473 907 513 Flaminicarum
940 472 1098 525 capitis
1121 476 1426 513 ornamentum
1448 471 1557 513 vitta

163 554 387 594 purpurea
406 541 571 581 innexa
593 540 804 588 crinibus,
827 544 873 579 et
903 539 947 578 in
970 539 1247 580 altitudinem
1269 543 1557 580 exstructum.

164 609 329 648 Ennius
348 621 358 649 :
392 609 608 657 Fictores,
630 607 816 659 Argeos,
837 610 879 647 et
899 606 1124 647 tutulatos,

106 674 345 715 Tutulumd
366 676 516 716 vocari
539 675 662 716 aiunt
685 673 1025 714 Flaminicarum
1057 674 1218 727 capitis
1239 686 1364 714 orna-
1394 672 1556 725 [FEST.

162 748 368 792 mentum,
388 743 506 796 quod
528 743 605 783 fiat
626 743 732 782 vitta
756 753 979 794 purpurea
999 741 1160 782 innexa
1181 742 1393 789 crinibus,
1416 744 1459 780 et
1479 753 1557 780 ex-

164 814 378 850 structum
400 811 443 850 in
467 810 741 852 altitudinem
761 822 771 849 ε
806 808 984 862 quidam
1008 809 1167 861 pileum
1190 810 1386 849 lanatum
1417 808 1557 848 forma

162 879 265 918 etali
305 877 585 929 figuratum,¹¹
630 890 717 930 quo
750 876 973 916 Flamines
1006 889 1059 916 ac
1092 876 1327 917 Pontifices
1360 878 1554 923 utuntur,

163 944 313 985 eodem
330 945 500 984 nomine
517 944 681 985 vocari.
719 943 911 984 Ennius:
932 942 1150 997 Libaque,
1169 943 1356 993 fictores,
1374 943 1556 996 Argaeos

163 1018 202 1051 et
223 1012 452 1053 tutulatos.

725 1152 841 1165 eeeeee

152 1254 190 1283 ll
216 1251 279 1283 Ed.
300 1252 391 1283 Scal.
417 1250 547 1282 ‘forma
573 1251 682 1282 metali
707 1251 912 1292 figuratum.’

845 1154 960 1165 aaaaaa

956 1250 1043 1283 Vide
1060 1253 1142 1284 Not,

760 1372 900 1404 NOTAE

146 1460 160 1481 ‘¹
186 1462 347 1502 Tutulum]
370 1461 478 1493 Varro
497 1462 556 1494 lib.
573 1472 625 1494 Vl.
648 1462 690 1494 de
709 1463 804 1503 ΙᾸῐιςζΔ

102 1512 179 1544 Lat.
198 1513 297 1543 Ennii
315 1521 432 1543 versus
450 1513 566 1550 refert,
584 1514 640 1554 qui
666 1513 707 1543 ad
735 1514 805 1544 Nu-

103 1573 191 1595 mam
220 1564 432 1596 referuntur:
460 1566 599 1596 Menses
615 1565 805 1600 constituit,

104 1614 261 1655 idemque
275 1615 395 1645 ancilia
407 1636 414 1644 .
428 1636 436 1644 .
450 1637 457 1646 .
472 1615 637 1655 Libaque,
652 1614 804 1653 fictores,

106 1664 242 1704 Argios,
259 1669 293 1695 et
310 1665 503 1695 Tutulatos.
526 1665 603 1695 Ant.
620 1665 705 1703 Aug.

150 1714 313 1755 Tutulum]
339 1715 483 1755 Proprie
501 1715 629 1745 tutulus
645 1715 736 1744 locus
752 1724 804 1744 ur-

104 1764 155 1794 bis
173 1765 366 1803 altissimus,
392 1764 480 1795 unde
501 1764 533 1794 in
552 1764 692 1795 muliere
709 1768 806 1795 notat

104 1816 303 1855 capillorum
352 1816 384 1845 in
423 1824 544 1846 conum
582 1821 803 1855 congestum3

101 1866 111 1882 ‘
130 1870 325 1906 suggestum
353 1865 480 1896 comae'
509 1870 606 1895 vocat
626 1865 805 1905 Papinius,

101 1918 111 1931 ‘
134 1915 306 1946 Tun-itam
333 1914 499 1945 frontem'
523 1915 712 1946 Juvenalis0
763 1914 804 1945 In

103 1964 293 1995 flaminibus
310 1970 423 1995 autem
441 1975 605 1995 summum
631 1964 804 2006 fastigium

102 2014 182 2054 pilei
197 2015 383 2049 lanafistmc
395 2013 590 2054 est‚flamei.
607 2016 716 2045 Varro
727 2016 804 2046 l.vr.

103 2064 146 2094 de
159 2064 195 2094 L.
210 2063 335 2094 L.dnm
354 2064 493 2104 exponit
511 2065 590 2095 illud
605 2065 703 2095 Ennii
716 2066 804 2096 eSa·

104 2114 215 2145 turnio
242 2115 411 2145 carmine:
440 2116 448 2131 ‘
468 2115 631 2156 Libaque,
654 2115 805 2155 fictores,

104 2164 235 2204 Argeos
252 2170 286 2195 et
304 2166 469 2196 tutulatos
483 2165 503 2196 :’
525 2165 534 2182 ‘
554 2165 733 2204 Tutulati,'
757 2166 806 2196 in-

104 2215 188 2255 quit,
211 2215 220 2230 ‘
237 2215 321 2246 dieti
340 2216 397 2256 qui
423 2216 456 2246 in
484 2215 589 2246 sacris
614 2216 806 2256 capitibus¹

104 2265 187 2305 (leg.
207 2266 346 2305 apicibus
372 2266 478 2306 Scal.)
501 2268 510 2284 ‘
528 2266 654 2298 habere
682 2267 805 2302 solent,

104 2320 142 2346 ut
159 2316 303 2346 Metam.
338 2316 379 2347 Id
395 2317 537 2347 Tutulus
553 2317 746 2357 appellatur
761 2317 804 2348 ab

104 2375 144 2396 eo
170 2366 261 2406 quod
291 2366 563 2397 matresfamilias
589 2367 701 2398 crines
725 2377 804 2398 con-

105 2417 236 2447 volutos
274 2417 315 2447 ad
349 2418 512 2448 verticem
549 2417 685 2457 capitis,
722 2427 804 2458 quos

103 2465 230 2497 habent
260 2466 310 2497 uti
340 2467 482 2502 velatos,
514 2466 633 2497 dicunt
663 2468 803 2503 tutulos,

104 2515 176 2545 sive
198 2516 239 2546 ab
264 2525 304 2546 eo
331 2515 418 2556 quod
437 2516 555 2547 tuendi
573 2526 675 2547 causa
692 2517 804 2556 capilli

104 2565 242 2601 fiebant,
266 2566 336 2596 sive
366 2567 407 2596 ab
429 2576 468 2596 eo
489 2566 578 2607 quod
606 2567 804 2598 altissimum

105 2615 136 2644 in
163 2616 244 2646 urbe
271 2616 359 2657 quod
388 2621 452 2652 est,
476 2626 516 2647 ea
543 2626 596 2646 res
625 2618 804 2657 tutissima,

106 2666 233 2695 tutulus
252 2667 415 2696 vocatur?
461 2668 568 2699 Quem
592 2668 701 2697 locum
719 2668 803 2698 Var-

107 2716 207 2754 ronis,
231 2717 307 2757 quia
331 2717 421 2756 turpi
451 2717 571 2747 mendo
595 2716 805 2747 deformatus

192 2770 304 2809 Dclplc.
327 2774 357 2800 et
380 2772 454 2801 Var.
482 2771 567 2801 Clas.

719 2771 828 2809 Pomp,
849 2770 931 2800 Fest„

860 1468 923 1504 est,
949 1464 1096 1495 tentavit
1126 1463 1205 1494 olim
1232 1462 1399 1502 Scaliger,
1428 1471 1488 1501 pro
1513 1462 1561 1492 ηιξ

858 1516 975 1545 velatos
1000 1513 1192 1544 rescribens
1217 1514 1322 1545 elutos.
1366 1512 1561 1543 Infeliciter

859 1575 951 1605 sane,
966 1574 1040 1595 nam
1057 1569 1188 1594 certum
1211 1568 1264 1594 est
1281 1562 1457 1602 scripsisse
1474 1562 1560 1592 Var-

860 1625 976 1646 ronem
990 1625 997 1645 :
1016 1624 1089 1655 quos
1103 1614 1214 1644 habent
1229 1616 1296 1644 rete
1309 1613 1436 1643 velato&
1471 1611 1560 1642 Rete

859 1665 947 1695 enim
969 1665 1060 1695 inter
1076 1664 1233 1694 mundum
1251 1662 1461 1699 muliebrem,
1485 1670 1561 1701 pro-

860 1715 934 1755 prie
962 1715 1048 1745 vitta
1072 1714 1225 1744 erinium.
1270 1713 1366 1743 Idem
1386 1713 1484 1742 Varr.
1503 1712 1561 1742 libe

860 1774 909 1795 ιν.
942 1765 950 1781 ‘
974 1765 1018 1795 Et
1049 1763 1137 1804 quod
1166 1763 1325 1803 capillum
1356 1763 1562 1801 contineret,

859 1815 987 1845 dictum
1011 1825 1030 1844 a
1054 1819 1126 1845 rete
1143 1811 1352 1844 reticulum:’
1375 1811 1562 1842 restitutio*

859 1873 936 1895 nem
962 1865 1050 1895 hane
1078 1864 1214 1895 firmant
1241 1863 1345 1894 verba
1368 1863 1442 1902 ipsa
1467 1862 1561 1892 Festi

859 1925 934 1945 cum
967 1915 1077 1945 verbis
1108 1914 1271 1944 Varronis
1307 1913 1444 1943 collata.
1499 1911 1562 1942 Ait

858 1966 980 1996 Festus
1010 1966 1155 1996 tutulum
1183 1974 1257 1995 esse
1285 1963 1394 1994 crines
1419 1963 1561 1993 innexos

860 2015 947 2046 vitta
963 2025 1136 2055 purpurea
1155 2020 1190 2046 et
1215 2015 1249 2045 in
1271 2013 1484 2045 altitudiilem
1503 2022 1561 2043 ex-

860 2070 1022 2103 structos,
1036 2065 1093 2095 ubi
1106 2074 1186 2095 sane
1199 2064 1325 2095 nullum
1344 2063 1444 2093 alium
1461 2072 1561 2103 quam

861 2115 1051 2145 Varronem
1081 2115 1190 2155 ipsum
1223 2114 1482 2154 interpretatur,
1505 2113 1562 2154 qui

863 2165 1048 2204 scripserat
1064 2165 1175 2196 crines
1196 2165 1394 2195 convolutos
1421 2162 1461 2193 ad
1488 2172 1561 2192 ver-

863 2215 966 2246 ticem
996 2214 1131 2254 capitis,
1157 2219 1230 2245 rete
1264 2214 1408 2251 velatos,
1432 2213 1562 2243 tutulos

860 2266 980 2298 dIctos.
1026 2266 1153 2296 Rursus
1169 2264 1257 2306 quod
1283 2264 1416 2294 dixerat
1439 2263 1562 2301 Varro,

859 2316 969 2348 habere
992 2317 1091 2347 solent
1115 2318 1151 2346 ut
1173 2315 1306 2353 Metam,
1328 2313 1416 2342 dixit
1438 2313 1560 2343 Festus

849 2366 958 2403 forma
973 2366 1100 2396 metali:
1122 2365 1169 2395 sic
1185 2365 1272 2395 enim
1296 2363 1476 2404 legendum
1501 2372 1562 2403 pro

849 2417 957 2454 forma
983 2426 998 2446 e
1020 2416 1078 2446 tali
1101 2415 1231 2445 monuit
1251 2414 1390 2444 Fulvius
1407 2413 1563 2444 Ursinus.

861 2467 936 2497 Hoc
967 2471 1031 2501 est,
1058 2465 1090 2495 z‘n
1109 2465 1249 2502 formam
1273 2467 1385 2500 metoe;
1415 2473 1491 2493 nam
1526 2464 1561 2493 in

858 2515 1000 2546 Schedis
1018 2520 1094 2545 erat
1107 2515 1246 2552 formam
1269 2523 1284 2544 e
1302 2514 1371 2544 tali.
1418 2513 1503 2544 Inde
1528 2514 1561 2543 in

860 2565 967 2595 veteri
994 2564 1216 2604 inscriptione
1239 2573 1315 2604 quae
1340 2573 1445 2603 penes
1465 2563 1561 2593 Fulv.

860 2615 975 2646 Ursin.
993 2613 1077 2645 fnit:
1104 2622 1265 2644 APONlAE.
1287 2621 1321 2644 Α.
1345 2620 1471 2643 Tuum.
1496 2620 1561 2642 01³0

862 2673 1020 2695 NATRICI.
1045 2664 1125 2694 Dae,

1405 2765 1476 2795 3R
