1876 3025
258 174 344 216 678

700 181 850 215 SEXTI
882 181 1084 212 POMPEI!
1117 181 1257 213 FESTI

261 277 651 322 Punctatoriolas⁸
690 278 814 320 leves
853 288 1025 332 pugnas
1062 275 1299 318 identidem
1339 276 1468 331 ipse⁹
1526 275 1703 330 [PAUL.

319 348 446 389 dixit.

262 415 422 456 Punici
442 414 658 463 dicuntur,
693 424 777 452 non
811 411 955 461 Poeni,
976 410 1181 464 quamvis
1215 423 1242 451 a
1277 409 1488 452 Phoenice
1510 410 1601 450 sint
1621 409 1706 450 ori-

317 482 440 523 undL

267 548 420 590 Punici
457 547 662 597 dicuntur,
701 558 790 587 non
819 543 1033 594 Poeni‚¹0¹¹

1091 543 1311 598 quamvis,
1347 550 1393 584 ut
1437 543 1500 583 ait
1539 542 1705 597 [FEs'r.

325 615 508 666 Verrius,
539 630 564 656 a
590 612 850 654 Phoenicibus
881 612 1093 663 oriantur,
1115 616 1160 654 et
1180 611 1398 653 Punicum
1417 611 1593 661 bellum,
1629 623 1707 650 non

866 732 1106 746 oeeeooeaeaeaeaeo

306 816 325 844 8
349 813 417 844 Ms.
432 812 665 850 Punctarz'olas,
681 811 814 851 melius,
839 815 1000 842 censente
1015 811 1103 842 Dae.
1141 809 1222 841 Vet.
1247 807 1307 839 lib.
1330 807 1623 839 Punitariozas.-9
1646 806 1709 836 Vir

265 856 356 887 doct.
380 857 413 886 in
440 865 546 895 marg.
573 855 626 886 ed.
653 855 741 886 Scal.
768 854 854 895 conj.
881 855 1057 885 Cam—10
1081 852 1164 884 Ant.
1182 852 1272 893 Aug.
1297 856 1332 882 et
1355 852 1442 882 Dae.
1467 849 1623 881 scribunt
1648 858 1710 880 non

263 899 396 931 Poenz'cz‘.

913 959 1056 992 NOTAE

306 1024 320 1046 *¹
344 1025 462 1057 Punici
483 1026 644 1064 dicuntur,
665 1035 724 1055 non
743 1024 848 1065 Poeni]
871 1025 959 1056 Scri-

264 1077 379 1108 berem
407 1087 465 1107 non
491 1075 622 1111 Poenz‘ci,
640 1080 677 1106 ut
701 1076 867 1106 Punicum
891 1075 962 1107 bel.

264 1128 344 1166 lum,
358 1137 419 1157 non
434 1127 615 1157 Poenicum.-
640 1126 720 1156 licet
736 1126 828 1157 Paem·
844 1131 878 1157 et
895 1127 961 1157 Pu-

263 1178 354 1209 nicia
363 1177 579 1208 Phoenicibus
592 1176 745 1207 dicautur
758 1176 961 1216 aspiratione

264 1227 410 1258 sublata.
442 1228 527 1259 Quae
545 1236 624 1258 vero
640 1227 694 1258 hic
711 1227 833 1258 Festus
849 1228 962 1258 multis

265 1277 376 1308 verbis
385 1277 544 1318 scripsit;
561 1287 619 1308 nos
631 1278 762 1318 assequi
774 1287 839 1309 non
852 1278 962 1318 potui-

265 1336 359 1358 mus:
385 1332 421 1358 et
444 1326 586 1358 fortasse
602 1337 667 1358 non
682 1328 793 1358 omnia
808 1328 850 1359 ad
874 1328 963 1359 idem

267 1377 405 1409 verbum
418 1377 597 1408 referenda
609 1383 699 1410 sunt.
721 1379 799 1409 Ant.
815 1379 900 1419 Aug.

310 1428 442 1470 Punici]
468 1429 583 1460 Punici
602 1430 758 1468 dicuntur,
788 1439 854 1460 non
886 1430 962 1460 Poe-

267 1477 348 1517 nici,
377 1479 528 1519 quamvis
555 1489 574 1509 a
604 1479 776 1510 Phoenicz'b.
806 1480 962 1512 oriantur.

268 1528 313 1559 Et
338 1528 505 1560 Punicum
533 1529 662 1567 bellum,
684 1539 857 1569 quanquam
875 1531 965 1561 Poeni

267 1579 477 1618 appellantur.
512 1580 600 1611 Nam
618 1590 692 1619 quae
710 1579 859 1611 solebant
874 1580 965 1621 effer-

266 1639 301 1660 re
312 1639 369 1668 per
385 1629 436 1660 Pu
451 1630 595 1670 longam,
621 1630 750 1660 Ennius
772 1630 806 1660 in
830 1631 890 1661 Poe
908 1640 966 1661 ex-

269 1679 361 1718 tulit,
382 1680 494 1711 Poenos
515 1681 630 1716 dicens,
654 1681 707 1711 sed
722 1684 898 1721 corruptum
920 1685 967 1712 est

267 1729 389 1760 incuria
400 1730 613 1760 librariorum
628 1741 635 1759 :
653 1730 709 1770 qui
729 1740 769 1761 ea
782 1741 857 1771 quae
876 1731 967 1762 femi-

268 1778 341 1808 nino
351 1788 464 1818 genere
475 1780 630 1818 dicuntur,
641 1780 767 1820 scripsit
778 1781 949 1812 masculino
961 1793 967 1810 :

270 1830 373 1860 etiam
403 1830 467 1870 ipsi
494 1829 603 1861 Graeci
629 1831 675 1861 ila
702 1831 878 1870 loquuntur,
915 1831 968 1871 qui

273 1878 467 1917 Philologus,
481 1879 835 1918 philargyrosfeminas
850 1880 969 1911 dicunt.

270 1927 382 1958 Poenos
394 1930 474 1967 apud
495 1929 632 1959 Ennium
645 1929 727 1959 viros
744 1933 858 1968 putans
872 1930 967 1960 libra-

270 1977 339 2006 rius
367 1978 543 2017 appellari,
568 1980 717 2016 mutavit,
740 1980 820 2019 quod
840 1989 897 2019 per
911 1981 967 2010 ad-

262 2025 432 2062 jectionem
460 2037 494 2057 ea
520 2036 585 2058 vox
616 2028 798 2068 explanata
819 2038 885 2060 non
911 2030 967 2070 sit,

271 2085 339 2105 cum
354 2078 455 2107 tamen
470 2076 619 2115 ejusmodi
637 2078 771 2108 nomina
788 2083 855 2109 tam
873 2079 905 2109 in
921 2080 963 2110 vi·

269 2125 334 2164 rili,
350 2136 441 2165 quam
464 2127 496 2157 in
509 2127 648 2164 femineo
667 2137 743 2158 sexu
764 2129 967 2170 accipiantur,

270 2185 343 2205 nam
360 2176 503 2207 dicimus
518 2181 586 2207 tam
599 2177 652 2207 hic
668 2178 779 2218 lupus,
795 2188 889 2219 quam
903 2179 968 2210 hoec

270 2225 360 2265 lupus
373 2236 386 2262 ;
414 2227 488 2266 quin
512 2237 558 2263 ea,
582 2238 648 2267 quoe
659 2229 838 2269 participia
853 2231 968 2270 appel-

272 2276 400 2315 lantur,
430 2287 505 2317 quae
530 2279 661 2318 aliquem
688 2281 834 2311 ordinem
859 2291 969 2312 rerum

270 2325 475 2367 significant,
498 2331 528 2359 et
551 2339 650 2364 casus,
674 2334 841 2370 tempora,
858 2340 970 2371 perso-

272 2387 331 2407 nas
348 2378 523 2418 recipinnt,
540 2383 666 2420 utroque
679 2390 793 2419 genere
807 2383 971 2413 enuncian-

271 2430 335 2457 ίαν.
378 2428 599 2460 Distinximus
617 2440 691 2471 quae
710 2432 802 2463 Festi
819 2437 909 2469 sunt,
925 2433 967 2464 ab

272 2477 327 2515 iis,
343 2487 417 2518 quae
434 2485 566 2510 nostra:
592 2486 630 2511 ut
652 2481 770 2511 lectori
792 2481 893 2513 fidem
918 2481 968 2513 fa-

273 2528 412 2568 ciamus,
441 2538 549 2570 neque
579 2539 638 2561 nos
675 2531 825 2567 credere,
860 2542 969 2574 neque

275 2579 480 2617 persuadere
492 2580 567 2610 aliis
584 2581 683 2621 velle,
699 2591 775 2622 qnae
791 2583 884 2613 Festi
902 2593 968 2614 non

272 2634 360 2664 snut,
391 2639 431 2660 ea
460 2639 535 2661 esse
566 2631 670 2663 Festi.
721 2632 789 2663 Sed
820 2633 971 2664 imitatus

275 2687 345 2709 sum
369 2680 518 2711 homines
542 2686 695 2713 veterum
713 2680 904 2723 signorum,
929 2695 970 2716 ac

274 2733 464 2761 statuarum
479 2731 645 2763 studiosos
664 2737 765 2774 atque
789 2733 971 2767 admirato-

1013 1034 1079 1065 τρε,
1095 1024 1151 1066 qui
1175 1023 1232 1055 nbi
1247 1023 1379 1063 signum
1395 1029 1619 1053 marmoreum
1644 1019 1711 1049 ele»

1015 1075 1210 1115 gantissime
1228 1074 1392 1114 scalptum
1408 1071 1546 1111 habent,
1562 1075 1664 1110 atque
1678 1068 1713 1099 id

1015 1125 1104 1157 forte
1120 1128 1263 1166 propter
1273 1127 1476 1155 vetustatem
1488 1121 1600 1162 aliqua
1615 1123 1712 1160 parte

1016 1176 1079 1215 sui,
1094 1182 1133 1207 ut
1158 1184 1252 1215 saepe
1271 1174 1323 1214 fit,
1345 1173 1537 1204 mutilatum
1552 1170 1610 1209 sit,
1633 1177 1714 1200 con-

1017 1226 1151 1267 quirunt
1169 1225 1296 1266 peritos
1312 1222 1475 1263 artifices,
1486 1221 1543 1263 qui
1558 1231 1576 1252 a
1589 1230 1625 1251 se
1637 1228 1713 1260 par-

1017 1282 1085 1308 tem
1112 1285 1264 1307 mancam
1281 1275 1484 1315 suppleant:
1510 1280 1639 1311 omne5‚
1657 1269 1714 1310 qui

1017 1327 1099 1358 illud
1123 1328 1253 1366 signum
1277 1324 1405 1363 vident,
1426 1327 1550 1354 norunt
1575 1326 1610 1352 et
1635 1319 1715 1361 quid

1018 1378 1060 1409 de
1077 1377 1185 1408 veteri
1210 1375 1355 1407 artificio
1371 1372 1570 1414 deperierit,
1586 1369 1715 1411 etquid

1018 1428 1060 1459 de
1076 1437 1164 1458 novo
1178 1427 1329 1458 additum
1345 1425 1408 1456 sit:
1434 1428 1549 1455 tamen
1562 1421 1609 1462 id,
1626 1421 1715 1462 quod

1017 1479 1168 1510 additum
1184 1483 1247 1513 est,
1262 1476 1349 1508 tanti
1366 1474 1528 1507 momenti
1544 1477 1596 1504 est
1608 1480 1716 1512 saepe-

1018 1539 1168 1564 numero,
1186 1533 1222 1558 ut
1248 1527 1374 1567 absque
1402 1525 1459 1556 illo
1483 1523 1586 1561 foret,
1611 1521 1715 1553 totius

1018 1579 1104 1620 signi
1121 1579 1249 1618 reliqua
1263 1576 1438 1618 proportio
1455 1585 1494 1606 ae
1509 1582 1718 1606 commensus

1018 1629 1157 1666 lateret,
1173 1633 1276 1668 atque
1289 1626 1452 1657 obscurus
1465 1629 1567 1655 esset.
1611 1622 1667 1653 Sic
1684 1623 1717 1652 in

1017 1679 1080 1709 hoc
1098 1678 1191 1708 Festi
1208 1678 1282 1708 loco
1298 1676 1456 1707 fecimus:
1481 1683 1557 1705 nam
1568 1673 1640 1704 sine
1654 1673 1719 1704 illis

1020 1728 1192 1767 membris,
1216 1736 1291 1767 quae
1316 1725 1519 1760 addidimus,
1549 1722 1631 1764 quid
1661 1722 1719 1753 ille

1020 1782 1158 1808 truncus
1176 1782 1281 1814 esset,
1297 1774 1398 1807 facile
1415 1774 1561 1807 discerni
1578 1782 1642 1804 non
1659 1782 1720 1814 po-

1020 1832 1122 1859 terat.
1166 1827 1243 1858 Non
1270 1825 1488 1857 mediocriter
1507 1828 1621 1855 autem
1648 1827 1720 1853 stu·

1020 1878 1129 1908 diosos
1149 1877 1311 1917 juvimus,
1327 1880 1491 1916 quantum
1511 1873 1719 1914 judicamus,

1022 1927 1078 1967 qni
1107 1927 1176 1957 solo
1205 1934 1312 1966 prope
1342 1928 1514 1964 aequatum
1540 1921 1720 1953 aedificium

1021 1976 1197 2016 diligentia
1211 1979 1328 2006 nostra
1344 1984 1363 2004 a
1378 1973 1606 2004 fundamentis
1617 1981 1721 2013 usque

1022 2026 1207 2057 redivivum
1245 2024 1478 2062 excitavimus,
1515 2032 1554 2054 ac
1591 2027 1719 2053 sartum

1023 2083 1152 2109 tectum
1178 2076 1408 2117 praestitimus.
1453 2076 1587 2106 Novum
1608 2079 1721 2106 autem

1023 2138 1089 2159 non
1113 2132 1164 2158 est
1180 2127 1322 2158 Ennium
1341 2127 1464 2157 Poenos
1485 2126 1620 2163 dixisse,
1644 2135 1721 2157 cum

1024 2179 1065 2210 de
1087 2177 1218 2209 feminis
1241 2178 1452 2218 loqueretur,
1466 2186 1540 2207 cum
1558 2181 1593 2207 et
1609 2176 1721 2216 Virgi-

1023 2230 1086 2260 lius
1114 2238 1247 2270 quoque
1272 2228 1411 2263 dixerit,
1433 2226 1601 2257 ‘ducente
1620 2226 1722 2264 Deo,’

1025 2290 1099 2310 cum
1128 2279 1170 2310 de
1187 2279 1321 2309 Venere
1352 2277 1573 2317 intelligeret.
1620 2276 1721 2308 Quod

1026 2330 1224 2361 Graeeorum
1261 2327 1450 2358 imitatione
1498 2327 1592 2365 fecit,
1631 2327 1721 2367 apud

1026 2389 1107 2420 quos
1125 2379 1141 2409 ὁ
1155 2378 1233 2419 θεὸς,
1253 2378 1304 2409 καὶ
1328 2377 1348 2415 ἡ
1370 2377 1449 2409 θεός.
1484 2377 1593 2408 Immo
1610 2377 1723 2417 potius

1023 2431 1176 2470 Homeri,
1193 2430 1306 2471 quide
1321 2430 1453 2460 Helena
1466 2428 1515 2459 ita
1528 2427 1647 2459 scribit
1665 2428 1723 2458 Ἰλ.

1022 2493 1055 2521 Ὑ.
1082 2483 1126 2518 Βῆ
1138 2480 1170 2512 δὲ
1183 2480 1405 2520 κατασχομένη
1421 2479 1499 2518 ἑανῷ
1514 2478 1624 2518 ἀργῆτι
1637 2485 1723 2518 φαει-

1024 2533 1077 2571 νῷ,
1085 2533 1179 2572 21735·
1198 2529 1300 2561 πάσας
1316 2530 1347 2561 δὲ
1363 2531 1464 2569 Τρῶας
1477 2527 1582 2560 λάθεν.
1597 2528 1676 2568 ἦρχε
1689 2528 1722 2560 δὲ

1024 2582 1147 2620 δαίμων.
1173 2580 1297 2620 δαίμων,
1321 2581 1383 2611 hoc
1416 2585 1481 2618 est,
1503 2580 1522 2617 ἡ
1546 2579 1721 2620 Ἀφροδίτη.

1024 2633 1157 2663 Vellem
1172 2632 1243 2661 liaec
1260 2630 1371 2671 potius
1388 2630 1634 2661 considerasset
1647 2630 1721 2660 Ma-

1025 2684 1172 2715 crobius.
1218 2683 1293 2714 Hoc
1310 2683 1397 2713 enim
1416 2682 1577 2723 Virgilius
1602 2682 1659 2711 illo
1676 2681 1721 2711 lo-

1025 2745 1066 2767 co
1090 2734 1270 2776 expressit.
1316 2733 1464 2764 Calvus:
1488 2735 1497 2750 ‘
1516 2733 1721 2764 Polleutein-
