1876 3025
277 165 362 205 956
719 174 869 206 SEXTI
902 175 1103 204 POMPEI!
1138 175 1276 206 FESTI

279 269 514 311 Terentum
542 270 667 311 locus
688 269 734 310 in
755 283 914 324 campo
937 269 1101 312 Martio
1125 271 1285 322 dictus,
1308 272 1430 326 quod
1452 285 1506 313 eo
1525 273 1626 315 loco
1648 287 1725 316 ara

340 338 458 379 Ditis
481 339 617 392 patris
635 339 678 379 in
701 344 818 379 terra
837 340 1142 381 occultaretur.

286 404 324 446 T
321 412 529 447 erentumy
559 407 604 447 in
634 419 790 460 campo
821 406 985 448 Martio
1016 407 1159 448 locum
1195 406 1358 448 Verrius
1387 408 1447 448 ait
1481 406 1532 447 ab
1563 408 1728 462 [FEST.

339 488 382 514 eo
405 473 637 515 dicendum
659 474 812 524 fuisse,
836 475 965 529 quod
988 476 1129 516 Terra
1164 475 1222 516 ibi
1250 490 1327 530 per
1357 475 1471 516 ludos
1503 478 1729 518 saecularis

341 542 460 583 Ditis
487 543 626 595 patris
657 540 717 581 ita
749 540 889 583 leviter
914 548 1074 584 teratur
1104 545 1159 584 ab
1188 544 1313 598 equis
1349 543 1651 597 quadrigariis,
1683 548 1731 585 ut

340 623 488 650 eorum
520 608 616 649 levis
645 610 861 651 ⁴mobilitas
893 611 1139 665 aequiparet
1164 617 1301 652 motus
1321 609 1485 664 rapidos
1505 610 1647 651 velocis
1668 611 1730 651 lu-

339 691 426 728 nae,
459 678 577 731 quod
608 692 738 732 quam
770 679 942 720 aniliter
972 680 1148 721 relatum
1182 679 1247 730 sit,
1285 678 1418 719 cuivis
1452 678 1730 720 manifestum

342 751 428 787 est.

284 812 437 862 Teres,
457 813 670 854 rotundus
692 813 736 854 in
756 813 1042 867 longitudine.
1552 814 1731 868 [PAUL.

284 880 420 921 Teres
457 881 502 921 in
535 880 805 933 longitudine
839 882 1145 924 rotundatum:
1177 883 1332 937 quales
1365 895 1536 923 asseres
1566 881 1733 936 [FEST.

342 954 501 989 natura
521 949 769 989 ministrat.9

285 1015 646 1067 Teretinatibus‚2
675 1018 749 1071 qui
782 1030 808 1058 a
837 1018 1014 1059 flumine
1034 1018 1201 1059 Terede
1221 1017 1329 1059 dicti
1349 1017 1671 1066 existimantur,
1691 1021 1736 1058 ct

343 1084 513 1137 syllaba
542 1084 639 1138 ejus
670 1085 796 1127 tertia
825 1090 1007 1137 mutata,
1039 1092 1083 1128 et
1113 1100 1193 1141 pro
1220 1087 1392 1128 Terede
1413 1086 1573 1127 Teram
1603 1085 1735 1127 scribi

346 1151 607 1193 debuisse.10

287 1218 565 1261 Tei-mentum
579 1225 594 1241 ὃ
616 1234 695 1273 pro
719 1233 787 1270 eo,
808 1222 928 1275 quod
950 1235 1064 1263 nunc
1086 1222 1248 1263 dicitur
1265 1221 1587 1271 detrimentum,
1606 1222 1736 1263 utitur

348 1287 531 1328 Plautus
557 1288 599 1327 in
622 1288 940 1332 Bacchidibus.

897 1399 1134 1411 eeeeeeeeeeee

334 1477 354 1505 9
378 1474 465 1505 Haec
483 1474 617 1515 quidem
635 1485 709 1506 esse
727 1476 816 1507 Festi
834 1482 930 1508 notat
953 1478 1115 1516 Scaliger,
1134 1477 1191 1507 sed
1217 1487 1282 1507 non
1305 1487 1345 1507 ex
1365 1482 1447 1507 vett.
1470 1476 1550 1507 libb.
1571 1476 1737 1508 desumta.

291 1521 376 1548 ——10
402 1517 502 1558 Legit
519 1519 606 1550 Dae.
625 1519 668 1549 Ee
678 1528 733 1558 pro
752 1520 865 1560 Ter-eti,
882 1521 1099 1552 Terediscribi
1116 1521 1269 1552 ‹lebana-sc.

950 1621 1090 1653 NOTAE

294 1681 367 1720 χρι.’
413 1687 420 1698 ‘
434 1683 556 1721 Tenus,
572 1683 657 1719 finis,
673 1684 802 1725 usqne!
858 1685 988 1726 Estque
1090 1685 1266 1725 Terentnm]
1283 1684 1366 1717 Jure
1380 1685 1500 1714 Festus
1511 1682 1625 1713 Verrii
1643 1682 1746 1713 ratio-

296 1733 396 1763 Temis
411 1733 546 1769 are'Aos,
561 1734 648 1765 finis.
672 1735 769 1766 Idem.
1044 1746 1120 1767 nem
1134 1735 1300 1776 explodit.
1344 1735 1532 1765 Terentum
1556 1733 1644 1764 enim
1671 1732 1744 1764 dic-

336 1790 348 1810 Y
381 1784 560 1825 Terentum]
584 1785 671 1816 Vide
695 1787 703 1802 ‘
717 1786 905 1817 Saecnlares
918 1785 925 1797 '
957 1790 992 1817 et
1047 1791 1116 1817 turn
1129 1787 1161 1816 in
1175 1796 1292 1826 campo
1306 1786 1435 1816 Martio
1451 1786 1627 1816 aTarento
1643 1793 1743 1825 prop·

293 1837 302 1853 ‘
321 1837 505 1868 Pascales:
564 1837 692 1869 Anson.
732 1839 764 1868 in
798 1838 964 1869 Ternario
983 1850 989 1867 :
1048 1842 1100 1868 ter
1116 1836 1291 1877 Iapygiinn
1307 1836 1572 1875 promontorium
1583 1835 1659 1867 sito.
1677 1836 1743 1866 Zo-

292 1892 300 1904 ‘
315 1887 417 1918 Trina
436 1888 623 1919 Terentino
640 1889 812 1920 celebrata
837 1889 995 1920 trinoctia
1050 1888 1127 1919 zim.
1150 1886 1267 1923 ταύτην
1281 1886 1341 1927 ’γὰρ
1357 1885 1464 1925 εῖχενὸ
1478 1885 1573 1918 τόπος
1588 1897 1744 1926 προσηγο-

295 1937 396 1968 lndo.'
432 1938 517 1970 Quae
533 1939 573 1969 de
585 1940 680 1979 equis
696 1936 923 1981 quadrigariis
940 1941 994 1972 hic
1046 1936 1113 1978 ρίαν
1124 1938 1168 1976 τῷ
1183 1937 1263 1968 κατὰ
1278 1937 1336 1974 τὴν
1345 1936 1441 1977 ἄκραν
1454 1936 1616 1976 Ἰαπυγίαν
1632 1936 1745 1976 ὁμώνυ-

295 1988 465 2026 dicuntur,
494 1989 602 2020 aliena
627 1995 706 2020 sunt
731 2000 749 2021 a
774 1991 860 2021 ludis
891 2001 994 2022 saecu-
1046 2001 1101 2026 μος
1126 1988 1167 2019 ὢν
1195 1988 1336 2028 Τάραντι.
1381 1988 1444 2019 ‘Id
1473 1989 1503 2018 ei
1531 1989 1604 2019 loco
1624 1997 1745 2019 nomeu

297 2038 445 2076 laribus;
471 2044 506 2069 et
522 2038 667 2070 fortasse
692 2040 768 2071 ideo
795 2041 918 2072 acerbe
944 2051 994 2072 re·
1048 2039 1126 2078 fnit,
1141 2040 1289 2069 Tarento
1306 2044 1445 2079 propter
1460 2039 1643 2079 Japyginm
1668 2048 1744 2079 pro-

299 2089 464 2128 prehensa
481 2099 500 2119 a
527 2089 648 2121 Festo:
678 2091 726 2121 ita
751 2092 840 2122 enim
865 2092 911 2122 ait
937 2092 994 2122 ad·
1049 2089 1250 2120 montorium
1267 2088 1332 2118 sito
1348 2089 1562 2127 cognomini!
1578 2089 1661 2120 Duc.

298 2149 413 2169 versus
440 2139 610 2179 Verrium,
647 2146 684 2172 nt
723 2142 867 2181 opinor:
906 2142 994 2182 qnod
1091 2145 1103 2159 2
1128 2138 1371 2178 Teretinatibus]
1392 2140 1468 2170 Non
1494 2140 1615 2171 leviter
1640 2139 1748 2171 foeda·

300 2199 398 2230 quain
421 2190 556 2220 aniliter
573 2191 715 2221 relatum
731 2192 787 2230 sit,
805 2192 911 2223 cnivis
926 2202 994 2224 ma·
1052 2195 1104 2220 tus
1119 2190 1173 2220 hic
1191 2190 1294 2220 locus.
1340 2191 1430 2231 Lego
1447 2201 1454 2221 :
1483 2191 1525 2221 Et
1546 2200 1601 2230 pro
1631 2191 1746 2227 Tereti,

301 2239 459 2271 nifestum
478 2245 540 2271 est.
566 2241 642 2272 Ant.
654 2243 739 2280 Aug.
1053 2241 1166 2272 'serem'
1181 2240 1276 2271 scribi
1290 2241 1439 2272 debuisse.
1488 2240 1518 2271 A
1534 2241 1681 2280 Terede,
1697 2242 1746 2272 in·

344 2291 524 2332 Ter-emam]
552 2292 645 2323 Infra
659 2303 666 2323 :
686 2294 850 2325 Terentiam
865 2295 897 2325 in
913 2305 993 2326 cam-
1051 2293 1134 2332 quit,
1147 2293 1264 2323 Fluvio
1281 2292 1492 2331 Teredinates,
1506 2302 1570 2323 non
1585 2293 1745 2324 Teretina-

298 2352 336 2381 ρο
368 2342 488 2372 Martio
517 2342 614 2373 locum
639 2344 684 2373 uit
707 2353 762 2383 per
788 2345 808 2374 d
833 2345 996 2376 dicendum
1051 2347 1107 2379 tes,
1125 2344 1192 2374 dici
1212 2344 1372 2375 debuere.
1395 2343 1462 2374 Sed
1481 2344 1522 2374 de
1539 2343 1670 2375 Terede
1685 2344 1745 2375 flu-

292 2391 408 2430 snisse,
441 2393 519 2432 quad
550 2395 693 2424 terendus
720 2394 763 2424 sit
801 2396 1000 2427 saecularibus
1055 2395 1109 2425 vio
1124 2395 1203 2425 nihil
1220 2394 1297 2424 inihi
1313 2400 1536 2434 compertum.
1560 2395 1658 2426 Idem.

302 2443 393 2474 Ditis
417 2443 518 2483 patris
538 2445 638 2475 ludis:
660 2448 690 2475 et
715 2448 834 2477 teramr
857 2446 896 2477 ab
918 2448 1003 2488 equis
1099 2451 1113 2466 ²
1139 2445 1352 2485 Termeutum]
1377 2445 1407 2476 A
1433 2449 1509 2480 tero,
1527 2446 1671 2485 terimen,
1686 2448 1747 2476 ter-

302 2494 526 2534 quadrigariis,
536 2504 666 2534 quorum
680 2495 808 2534 agilitas
825 2497 997 2537 aequiparet
1049 2506 1131 2536 men,
1142 2503 1178 2526 nt
1196 2506 1214 2526 a
1230 2501 1237 2514 ⁴
1252 2495 1397 2534 moveo‚’
1421 2500 1430 2513 ‘
1444 2495 1635 2532 moviinen,’
1658 2497 1668 2514 ‘
1683 2506 1749 2527 nio·

303 2547 402 2574 „totus
428 2544 508 2585 ipsos
527 2545 639 2583 Lunae,
662 2547 742 2586 quod
763 2557 854 2587 quam
871 2549 997 2580 aniliter
1051 2547 1150 2586 men‚'
1167 2550 1230 2578 διο.
1264 2547 1392 2577 Versus
1409 2547 1524 2578 Plauti
1541 2552 1594 2578 est
1613 2550 1682 2578 act.
1699 2556 1749 2578 lv.

302 2595 432 2625 relatum
447 2595 500 2630 sit,
516 2595 615 2626 cuii-is
630 2597 827 2634 manifestum
851 2603 908 2630 est.
954 2600 998 2632 Et
1052 2609 1101 2630 sc.
1117 2603 1148 2630 9.
1179 2598 1278 2630 ‘Non
1310 2598 1444 2629 Pelides
1472 2603 1642 2629 termento
1672 2597 1750 2637 fuit,

304 2645 378 2676 haec
410 2645 474 2676 fuit
503 2647 673 2686 scriptura
707 2648 822 2680 Festi:
856 2655 890 2681 et
918 2650 999 2691 jure
1055 2655 1165 2690 praent
1183 2660 1246 2690 ego
1265 2651 1382 2681 herum
1400 2650 1601 2691 expugnabo
1618 2649 1751 2680 meum.‘

305 2696 426 2727 Festus
452 2697 574 2727 anilem
606 2698 718 2730 Verrii
748 2700 914 2733 rationem
943 2711 999 2734 ex·
1055 2701 1123 2733 Ubi
1139 2701 1337 2732 Salmasius:
1359 2705 1367 2718 ‘
1384 2700 1538 2739 Vereor‚'
1554 2700 1673 2741 inquit,
1690 2705 1751 2730 ‘ne

306 2746 425 2787 plodit.
448 2748 518 2779 Jos.
536 2748 621 2781 Scal.
1056 2753 1141 2783 male
1171 2752 1250 2784 oiim
1281 2752 1405 2784 lectum
1436 2751 1481 2783 sit
1510 2754 1657 2783 termento
1686 2759 1749 2791 pro
