1876 3025
306 182 368 212 DE
403 179 677 210 VERBORUM
712 176 1118 210 SlGNlFICATIONE
1154 177 1247 206 LlB.
1283 177 1410 207 xvtt.

192 283 322 327 erant,
358 276 402 317 in
433 274 623 316 Pisonem
659 274 791 328 cujus
824 272 1022 314 meminit
1057 270 1227 313 Cicero.

1501 166 1584 208 851

1289 271 1498 324 Seplasia
1524 285 1584 311 me

193 344 390 394 Hercule,
409 351 453 384 ut
473 342 553 384 dici
573 342 820 393 audiebam,
848 348 890 383 te
910 347 960 383 ut
984 340 1174 395 primum
1195 341 1382 393 aspexit,
1407 338 1586 393 Campu-

191 427 288 453 nunz
309 412 549 453 Consulem
571 410 833 464 repudiavit.

140 478 450 534 Septentrionesi
469 483 637 533 septem
654 479 793 520 stellae
811 476 1090 532 appellantur
1103 489 1126 515 α
1143 480 1290 528 septem
1308 471 1442 514 bobus
1457 474 1587 528 junc-

193 549 264 598 tis,
289 561 402 602 quos
424 548 577 589 triones
597 561 622 587 α
644 553 755 586 terra
788 544 928 585 rustici
959 544 1195 598 appellent,
1218 541 1335 596 quod
1355 541 1519 595 junctis
1537 541 1587 580 se·-

192 615 278 657 nzul
295 623 449 657 terram
470 621 600 664 urent,
619 614 747 668 quasi
770 614 978 654 teriones.
1032 610 1212 655 Quidam
1234 624 1259 649 a
1279 616 1426 662 septem
1448 608 1588 658 stellis,

193 684 311 738 quod
344 684 389 725 id
424 688 587 726 astrum
617 682 767 724 Graeci
797 680 950 735 ἅμαξαν
982 679 1134 731 dicant,
1157 678 1251 734 quia
1274 676 1394 719 habet
1416 682 1586 730 partem

788 798 928 832 NOTAE

179 861 332 905 Seplasia]
362 862 459 895 Infra
491 863 654 903 agebatur
677 860 719 893 de
740 861 835 892 Trio-

137 913 248 953 nibus,
271 918 305 945 et
331 914 657 955 septemtrionibus:
695 913 834 954 Septem-

135 964 250 995 triones
285 968 401 1005 septem
435 965 536 996 stelloe
571 965 780 1005 appellantur,
817 973 836 993 a

136 1013 233 1044 bubus
246 1016 380 1055 junctis,
397 1025 470 1055 quos
495 1015 610 1047 triones
633 1014 758 1046 Veteres
781 1023 834 1053 αρ-

133 1065 262 1104 pellant,
278 1067 356 1106 quod
369 1066 472 1104 juncti
492 1069 582 1096 arent
601 1069 730 1100 terram.
747 1065 837 1105 quasi

136 1116 292 1147 teriones.-
316 1116 441 1157 quidam
466 1127 517 1148 eas
537 1117 642 1148 stellas
661 1117 837 1157 plaustrum

135 1170 261 1206 vocant,
285 1168 365 1208 quod
388 1167 420 1198 id
435 1171 556 1199 astrum
573 1168 681 1198 Groecz'
696 1166 838 1206 ”Αμαξαν

137 1217 252 1252 dicant,
274 1219 347 1259 quia
368 1219 459 1250 habet
484 1223 603 1260 partem
623 1220 777 1260 quandam
793 1223 839 1250 te·

137 1270 235 1300 monis
262 1272 373 1310 specie.
417 1271 561 1301 Ennius.-
603 1274 729 1311 superat
759 1274 838 1301 temo

137 1320 254 1351 stellas.
302 1321 389 1352 Haec
410 1321 556 1352 Festus:
594 1321 756 1362 inteiligit
781 1331 838 1351 au-

138 1373 205 1401 tem
223 1371 332 1402 locum
351 1372 452 1402 Ennii
468 1382 510 1402 ex
532 1371 724 1412 Iphigenia,
740 1381 839 1412 quem

137 1420 217 1451 olim
248 1420 282 1451 in
313 1422 540 1461 conjectaneis
572 1422 836 1454 illustravimus:

137 1469 251 1503 ‘Quid
278 1471 390 1503 nocti'
419 1471 581 1504 videtur?
627 1474 667 1505 In
695 1473 840 1504 altisono

138 1521 222 1552 Coeli
237 1521 349 1562 clipeo
363 1527 453 1554 temo
465 1527 602 1564 superat
614 1524 750 1563 Stellas,
764 1523 841 1555 sub·

138 1573 218 1603 lime
236 1573 338 1604 etiam
363 1573 479 1616 Atque
498 1576 601 1606 etiam
619 1585 745 1615 cogens
761 1584 840 1606 noc·

139 1622 182 1653 tis
199 1622 288 1655 iter.'
334 1622 477 1655 Addunt
506 1624 595 1656 docti
625 1625 687 1655 viri
718 1625 752 1655 in
780 1634 839 1656 nu-

138 1673 296 1704 mismate
327 1674 435 1706 veteri
468 1676 502 1707 L.
531 1675 681 1707 Lucretii
707 1675 839 1706 Trionis

141 1732 336 1763 expressam
368 1724 476 1755 videri
502 1726 678 1756 stellarum
707 1729 839 1765 septem

138 1771 300 1805 formam:
326 1778 361 1805 et
386 1783 447 1805 nos
473 1783 607 1815 qnoque
631 1774 784 1814 ejusdem
802 1776 839 1806 L.

141 1823 291 1854 Lucretii
302 1823 386 1855 duos
400 1829 579 1865 argenteos
592 1824 747 1860 vidimus,
759 1835 840 1866 quo-

140 1883 212 1904 rum
230 1874 364 1914 copiam
381 1874 473 1905 nobis
485 1873 839 1906 fecithumanissimus

141 1923 191 1953 vir
210 1923 472 1963 Christophorus
498 1924 687 1965 Neytterus
708 1923 840 1965 Augus-

139 1978 250 2004 tanus.
291 1973 332 2004 In
349 1975 457 2005 altero
472 1979 547 2006 erat
565 1976 660 2006 Luna
677 1975 839 2006 Cornicu-

139 2024 220 2064 lata,
234 2028 268 2055 et
282 2025 390 2056 stellae
403 2035 479 2056 cum
493 2025 727 2066 inscriptione,
740 2034 840 2057 Tmo.

140 2083 302 2106 chRE'rt.
347 2075 390 2106 In
416 2076 525 2106 altero
551 2075 715 2111 Delfinus,
738 2080 774 2107 et
790 2075 839 2106 in-

138 2125 279 2164 scriptio
296 2133 326 2157 L.
346 2134 512 2157 chuETr.
527 2135 628 2158 Tmo.
651 2127 722 2157 Jos.
740 2127 824 2158 Scal.

181 2174 338 2216 Seplasia]
382 2175 471 2207 Vide
502 2175 629 2208 Ascou.
658 2177 753 2208 Sect.
785 2179 838 2208 ll.

140 2224 252 2256 Cicer.
270 2226 304 2256 in
319 2226 437 2259 Pisou.
480 2226 568 2258 Inde
589 2227 737 2268 seplasia
760 2236 838 2268 spe-

141 2275 210 2305 cies
227 2285 354 2313 omneS‚
374 2282 409 2307 et
427 2277 658 2318 seplasiarius,
676 2276 838 2308 παντοπώ-

141 2330 213 2364 λης,
239 2326 439 2366 speciarius,
461 2327 600 2368 espicier.
644 2327 734 2359 Vide
750 2327 838 2359 infra

142 2379 218 2414 post
233 2375 425 2407 ‘sternam’
448 2378 530 2409 Duc.

184 2423 192 2444 ¹'
208 2425 454 2466 Septentriones]
474 2428 527 2458 De
539 2427 839 2469 Septentrionibus

143 2474 215 2505 haec
246 2475 468 2516 intelligenda
498 2482 602 2509 sunt:
641 2478 685 2509 de
715 2478 839 2519 quibus

142 2524 251 2554 Varro
277 2524 335 2555 lib.
361 2534 409 2557 v1.
434 2526 477 2556 de
501 2526 602 2567 Ling.
630 2527 706 2560 Lat.
746 2527 839 2559 ‘Has

142 2580 272 2615 septem
299 2576 412 2606 stellas
439 2576 568 2616 Graeci‚
593 2582 630 2609 ut
660 2578 840 2615 Homerus,

144 2630 267 2656 vocant
284 2624 434 2664 Ἅμαξαν,
461 2631 498 2658 et
515 2627 741 2669 propinquum
768 2630 840 2670 ejus

144 2676 276 2716 signum
306 2676 450 2714 Βοώτηντ
486 2678 594 2708 nostri
624 2688 681 2710 eas
706 2685 839 2720 septem

146 2727 260 2758 stellas
277 2727 394 2768 boves,
410 2732 444 2759 et
460 2728 600 2769 triones,
617 2733 651 2760 et
665 2739 771 2771 prope
783 2740 840 2762 eas

887 865 998 888 axem.
1030 858 1174 889 Triones
1193 857 1280 888 enim
1298 860 1332 887 et
1348 856 1453 887 boves
1470 853 1587 894 appel-

886 907 1000 938 lantur
1020 918 1038 938 a
1063 908 1223 939 bubulcis
1245 906 1348 937 etiam
1365 914 1466 944 nunc,
1483 904 1588 935 maxi-

886 967 940 989 me
956 968 1031 989 cuin
1049 963 1145 989 arant
1164 964 1303 995 terram,
1320 966 1337 986 e
1364 956 1437 996 quis
1455 959 1493 985 nt
1518 954 1589 985 dic·

887 1010 912 1040 ti
927 1010 1079 1040 valentes
1089 1008 1241 1048 glebarii‚
1255 1008 1309 1049 qui
1325 1006 1423 1037 facile
1440 1004 1591 1045 proscin-

887 1059 971 1091 dunt
985 1060 1112 1100 glebas,
1124 1059 1171 1089 sic
1185 1067 1302 1089 omnes
1312 1057 1367 1098 qui
1381 1061 1503 1087 terram
1517 1065 1592 1086 ara—

888 1110 982 1150 bant,
1005 1120 1023 1141 a
1041 1115 1132 1140 terra
1151 1109 1312 1143 teriones,
1336 1107 1422 1138 unde
1445 1106 1591 1137 Triones

889 1166 927 1193 ut
944 1162 1141 1192 dicerentur
1162 1170 1178 1191 e
1201 1159 1326 1191 detrito
1340 1157 1361 1189 ι’
1396 1162 1431 1188 et
1448 1160 1590 1198 postea:

886 1213 1060 1245 ‘Possunt
1090 1212 1217 1244 triones
1246 1210 1314 1241 dici
1341 1207 1592 1249 septem,quo‹l

889 1263 938 1294 ita
954 1263 1029 1294 sitae
1045 1263 1167 1298 stellae,
1184 1266 1223 1293 ut
1249 1265 1356 1292 ternae
1384 1259 1517 1298 trigona
1541 1257 1591 1288 fa-

890 1312 1009 1345 ciant!
1052 1313 1141 1345 Haee
1156 1312 1280 1350 Varro,
1305 1315 1339 1342 et
1363 1309 1454 1342 Gell.
1472 1308 1530 1339 lib.
1550 1317 1592 1339 11.

890 1377 920 1399 c.
935 1370 988 1399 21.
1021 1367 1150 1398 Eadem
1170 1367 1295 1397 Festus
1311 1364 1374 1395 hoc
1395 1363 1472 1394 loco
1488 1362 1593 1402 scrip-

892 1422 1007 1450 serat:
1047 1422 1180 1449 tantum
1211 1415 1307 1447 addit
1335 1413 1435 1448 Ennii
1466 1421 1595 1449 versus,

891 1469 1030 1511 quinon
1048 1472 1181 1500 extant.
1227 1467 1296 1497 Pro
1319 1465 1368 1496 his
1389 1463 1593 1495 substituam

891 1518 1021 1550 denarii
1051 1518 1257 1549 mentionem
1274 1517 1313 1547 L.
1332 1513 1483 1546 Lucretii
1499 1514 1594 1544 Trioe

890 1569 956 1609 nis,
977 1569 1011 1600 in
1037 1578 1103 1610 quo
1127 1573 1260 1609 septem
1289 1566 1398 1597 stellae
1423 1564 1593 1595 videntur,

891 1619 970 1650 Ant.
987 1620 1074 1658 Aug.

934 1667 1185 1710 Septentriones]
1212 1667 1295 1698 Haee
1312 1667 1358 1697 ita
1375 1665 1452 1697 olim
1473 1664 1592 1695 odora-

891 1724 947 1752 tus
972 1729 1044 1751 sum
1069 1729 1112 1750 ex
1128 1717 1293 1749 Varronis
1318 1717 1376 1747 lib.
1402 1724 1451 1746 v1.
1495 1714 1593 1744 ‘Has

890 1775 1022 1812 septem
1050 1769 1166 1801 stellas
1194 1767 1322 1806 Graeci,
1347 1770 1384 1798 ut
1413 1765 1594 1799 Homerus,

892 1820 1180 1859 vocans'Auagav,
1207 1823 1242 1850 et
1267 1817 1494 1858 propinquum
1519 1814 1594 1855 ejus

892 1873 1023 1913 signum
1052 1870 1196 1907 Βοώτηνε
1234 1868 1342 1900 nostri
1372 1876 1430 1898 eas
1461 1869 1595 1905 septem

892 1923 1023 1963 stellas,
1049 1922 1163 1960 boves,
1189 1924 1225 1951 et
1254 1919 1394 1958 triones,
1423 1921 1458 1948 et
1488 1923 1595 1956 prope

894 1982 949 2004 eas
979 1981 1099 2003 axem:
1140 1970 1269 2001 triones
1298 1968 1387 1999 enim
1416 1970 1452 1997 et
1490 1965 1595 1996 boves

894 2023 1112 2063 appellantur
1141 2031 1161 2052 a
1186 2019 1343 2051 bubulcis
1371 2017 1474 2049 etiam
1505 2025 1595 2046 nunc

893 2073 1038 2104 maxime
1062 2081 1137 2103 cum
1166 2074 1265 2101 arant
1293 2074 1441 2100 terram:
1479 2076 1498 2098 e
1523 2066 1596 2107 quis

893 2128 932 2156 ut
955 2123 1040 2155 dicti
1064 2124 1218 2154 valentes
1247 2120 1404 2162 glebarii‚
1420 2119 1477 2160 qui
1494 2117 1596 2149 facile

893 2173 1118 2216 proscindunt
1144 2172 1283 2213 glebas;
1322 2171 1372 2202 sic
1399 2177 1515 2200 omnes
1541 2167 1596 2208 qui

893 2229 1021 2256 terram
1051 2224 1207 2262 arabant,
1235 2232 1255 2254 a
1282 2225 1389 2261 terra,
1419 2220 1596 2255 teriones;

892 2275 982 2308 unde
999 2276 1124 2308 triones
1151 2279 1190 2305 ut
1213 2273 1411 2305 dicerentur
1426 2281 1442 2301 e
1459 2270 1598 2300 detrito.

892 2327 998 2358 Temo
1014 2326 1123 2357 dictus
1136 2335 1155 2356 a
1171 2323 1343 2356 tenendo:
1369 2322 1396 2352 is
1413 2321 1500 2352 enim
1517 2329 1597 2351 con-

894 2377 984 2408 tinet
1003 2376 1137 2416 jugum,
1161 2379 1198 2406 et
1227 2375 1416 2415 plaustrum
1445 2370 1596 2411 appella-

895 2432 980 2466 tum,
997 2436 1016 2457 a
1034 2430 1130 2466 parte
1155 2429 1275 2461 totum,
1291 2429 1329 2455 ut
1346 2423 1465 2454 multa.
1511 2421 1595 2451 Pos-

895 2482 973 2509 sunt
989 2478 1115 2509 triones
1131 2476 1196 2507 dici
1219 2480 1362 2516 septem,
1376 2472 1465 2515 quod
1490 2471 1538 2501 ita
1555 2470 1596 2500 si-

897 2533 940 2560 tae
959 2528 1066 2559 stellae
1086 2532 1124 2559 ut
1151 2531 1258 2557 ternae
1287 2525 1422 2564 trigona
1446 2519 1598 2553 faciant.'

897 2578 985 2609 Haec
1007 2578 1129 2608 Varro.
1178 2576 1308 2606 Triones
1333 2574 1444 2614 potius
1469 2570 1553 2601 dicti
1578 2580 1598 2601 a

893 2630 973 2660 stria
994 2638 1095 2669 quam
1118 2625 1366 2667 proscindendo
1384 2623 1494 2654 sulcos
1511 2619 1594 2650 faci-

894 2684 969 2718 unt,
1000 2678 1144 2717 striones,
1169 2682 1203 2708 ct
1230 2688 1243 2706 s
1273 2676 1371 2706 litera
1403 2670 1596 2713 deperdita,

895 2729 1021 2761 triones.
1046 2729 1129 2760 Da(-⁵
