1876 3025
299 150 362 180 DE
399 146 667 178 VERBORUM
702 142 1112 175 sleNlFchTloNE
1146 142 1241 172 LlB.
1275 140 1380 171 XVI.

1465 131 1550 172 775

154 249 284 288 ventu
311 245 465 286 AEneae
495 245 538 284 in
560 242 736 284 Italiam
759 241 933 283 videtur
953 237 1285 291 conscripsisse,
1309 236 1369 277 ait
1399 235 1455 276 ab
1477 235 1552 276 ho-

154 314 271 355 mine
295 312 486 367 quodam
507 312 670 352 comite
692 311 848 351 AEneae
868 323 877 350 :
899 321 994 349 eum
1011 308 1126 347 enim
1145 309 1370 358 occupato
1388 307 1550 352 monte,

155 383 229 434 qui
243 395 355 422 nunc
375 381 606 421 Palatinus
620 386 634 410 7
657 379 830 427 dicitur,
847 378 995 418 urbem
1014 374 1283 418 condidisse,
1301 377 1436 426 atque
1453 383 1552 411 eam

157 448 347 489 Romam
371 449 635 489 nominasse.
663 445 976 500 Apollodorus
994 444 1038 484 in
1056 440 1287 482 Euxenide
1318 440 1393 488 ait,
1410 439 1552 479 AEnea

155 521 198 557 et
221 516 408 558 Lavinia
429 520 557 556 natos
578 514 811 568 Mayllem,
830 512 1016 560 Mulum,
1032 510 1325 562 Romumque,
1343 511 1476 560 atque
1495 506 1551 546 ab

158 584 305 626 Romo
346 585 445 625 urbi
484 588 669 625 tractum
713 594 887 622 nomen.

705 702 820 713 ‘‘‘‘‘‘

966 579 1170 621 Alcimus
1206 578 1270 618 ait
1308 574 1552 629 Tyrrhenia

824 701 941 712 eeeeee

144 785 162 812 7
187 782 265 813 Vet.
283 781 358 813 cod.
386 781 539 812 Palatius.
588 780 649 810 Vir
665 779 758 811 doct.
775 778 863 819 conj.
879 777 1051 808 Palatium.

759 889 899 921 NOTAE

99 956 193 987 Ἰλίου
208 955 415 988 διασωθέντων
429 956 487 989 σὺν
496 955 609 997 Αἰνείᾳ.
622 955 761 994 οἰκιστὴν
773 955 797 985 δ’

101 1007 196 1043 αὐτῆς
227 1007 389 1047 ἀποφαίνει
418 1008 474 1038 τὸν
512 1006 709 1047 ἡγησάμενον
743 1008 798 1043 τῆς

101 1058 239 1092 ἀποικίας
263 1060 390 1099 Ῥῶμον.
422 1062 535 1091 τοῦτον
568 1060 594 1090 δ’
627 1058 702 1090 εἶναι
736 1061 799 1090 τῶν

100 1109 218 1141 Αἰνείου
232 1110 348 1141 παίδων
373 1109 435 1141 ἕνα.
468 1110 620 1151 τέτταρας
649 1110 684 1140 δέ
703 1115 798 1149 φησιν

101 1160 203 1203 Αἰνείᾳ
217 1161 359 1200 γενέσθαι
385 1163 507 1200 παῖδας,
522 1160 693 1199 Ἀσκάνιον,
705 1161 796 1201 Εὐρυ-

103 1212 228 1255 λέοντα,
243 1213 410 1252 Ῥωμύλον,
424 1213 548 1253 Ῥῶμον.
588 1215 643 1245 De
662 1213 800 1253 Apollo-

101 1264 175 1295 dori
203 1265 382 1296 Euxenide
407 1265 489 1296 nihil
517 1264 651 1295 memini
679 1272 732 1294 me
755 1263 801 1294 le-

102 1324 193 1355 gere.
238 1316 390 1346 Alcimus
415 1316 553 1356 scripsit
570 1313 706 1355 ἱστορίαν
719 1314 799 1344 Ἰτα-

102 1365 217 1403 λικήνε
265 1376 374 1408 eoque
392 1368 525 1398 nomine
543 1367 668 1398 citatiu-
686 1366 729 1396 ab
756 1365 800 1395 A·

103 1418 248 1448 thenaeo.
293 1418 457 1458 Antigoni
483 1422 614 1459 praeter
636 1417 717 1448 alios
733 1425 801 1447 me-

102 1468 198 1500 minit
216 1469 412 1510 Dionysius.
451 1469 682 1509 Coeximpurum
698 1473 733 1499 et
750 1477 801 1498 re-

99 1521 192 1562 liqua
225 1527 378 1552 monstra
402 1521 580 1551 verborum
600 1521 671 1551 haec
695 1519 802 1559 scrip-

102 1576 188 1604 turae
206 1572 348 1613 vestigia
375 1570 585 1613 praeferuut:
636 1571 754 1610 Eosque
783 1579 802 1599 α

101 1624 195 1654 multo
222 1633 323 1653 errore
364 1623 536 1654 nominatos
574 1621 802 1660 Aberrigenes:

103 1683 230 1714 quorum
240 1673 368 1712 subjecti
383 1674 435 1713 qui
450 1672 574 1711 fuerint
595 1673 649 1702 Cae
671 1671 687 1688 ³⁵
706 1670 802 1701 Xz'ni-

102 1724 300 1763 darumjw·i,
316 1724 547 1764 vicinarumque
569 1722 690 1754 urbium
707 1723 802 1761 impe-

102 1776 162 1814 rio,
176 1776 229 1814 (γε.
275 1776 362 1807 Quae
388 1784 469 1806 vera
497 1779 549 1805 est
576 1774 694 1813 lectio,
718 1774 745 1803 si
764 1773 802 1803 il-

102 1826 160 1856 lud
193 1824 439 1856 Cae*m'darum
468 1834 601 1866 prorsus
632 1824 801 1864 integrum

103 1882 209 1917 esset,
226 1881 263 1908 ut
289 1877 399 1918 aliqua
417 1882 514 1916 parte
535 1875 802 1907 contaminatum

103 1933 174 1959 est:
200 1932 274 1959 erat
290 1928 379 1958 enim
396 1927 464 1958 tale
490 1926 570 1968 quid
595 1926 803 1957 Cacoxenida-

101 1989 182 2019 rum,
207 1983 266 2009 aut
288 1978 402 2009 nescio
429 1978 508 2020 quid
537 1978 655 2008 simile.
701 1978 803 2016 Nam,

104 2036 141 2061 ut
167 2030 268 2061 etiam
292 2039 334 2060 ex
365 2029 437 2060 aliis
465 2029 685 2070 scriptoribus
712 2029 805 2060 novi-

104 2090 189 2118 mus,
205 2080 262 2122 qui
286 2079 369 2111 dicli
394 2085 473 2111 sunt
498 2080 720 2120 Aborigines,
746 2090 804 2111 eo-

105 2141 176 2162 rum
193 2131 251 2162 alii
267 2131 401 2169 Cumas,
418 2131 474 2161 alii
491 2131 574 2161 alias
599 2129 699 2161 urbes
726 2139 805 2161 con·

104 2183 265 2214 diderunt
294 2183 327 2212 in
358 2182 473 2222 Italia,
501 2181 642 2222 proinde
672 2186 708 2212 ut
738 2191 804 2212 non

104 2244 218 2265 omnes
234 2233 333 2265 simul
350 2233 411 2264 sub
429 2242 494 2263 uno
515 2231 602 2263 duce
619 2232 726 2272 ibant,
745 2231 804 2262 sed

102 2295 301 2328 unaquaque
319 2295 396 2326 pars
418 2295 511 2316 suum
527 2284 646 2316 ducem
672 2284 804 2324 habuit,

106 2347 180 2368 cuni
197 2338 229 2367 in
243 2337 364 2367 multas
378 2340 491 2376 partes
504 2335 659 2366 distracti
672 2339 802 2366 essent:

104 2388 198 2428 cujus
214 2388 319 2419 simile
337 2388 378 2417 de
395 2386 532 2417 Gotthis
550 2385 722 2426 proditum
740 2391 803 2416 est.

106 2438 318 2479 Agathoclis,
336 2438 392 2478 qui
413 2437 454 2468 τὰ
479 2436 632 2476 Κυζικηνὰ
659 2436 806 2476 scripsit,

107 2490 305 2528 Athenaeus,
319 2489 524 2528 Stephaan
540 2488 597 2517 alii
609 2487 806 2519 meminere.

107 2539 304 2581 Legendum
324 2543 442 2578 postea
459 2549 467 2569 :
489 2538 586 2568 visam
610 2536 804 2575 essejustam

105 2591 243 2623 vocabuli
271 2590 376 2620 Romoe
406 2588 538 2619 nominis
571 2598 694 2619 causam
724 2598 804 2625 eam,

108 2653 174 2683 quae
208 2642 295 2682 prior
324 2641 452 2672 eundem
476 2641 573 2670 locum
602 2639 806 2670 dedicavisset

109 2694 210 2725 Fidei.
254 2693 348 2730 Visa,
373 2691 493 2730 inquit,
514 2690 605 2729 justa
629 2694 683 2720 est
704 2699 807 2720 causa

110 2744 251 2777 nominis
278 2744 392 2774 Romae
419 2742 451 2772 in
482 2740 609 2781 oppido
637 2750 723 2772 novo
748 2751 803 2780 ap-

855 954 1023 996 pellando,
1039 958 1157 994 utpote
1173 961 1248 983 cum
1265 961 1303 983 ea
1322 950 1432 982 Roma
1444 948 1555 990 prima

855 1007 962 1037 locum
979 1006 1171 1036 dedicasset
1184 1003 1293 1035 Fidei.
1339 1003 1395 1033 De
1416 999 1554 1031 flumine

855 1058 943 1089 Nolo
958 1055 1178 1098 quaerendum
1192 1063 1326 1085 censeo.
1345 1051 1461 1084 Calliae
1479 1060 1554 1082 ver-

853 1109 907 1144 ba,
926 1118 1001 1149 quae
1017 1108 1082 1137 huc
1108 1106 1292 1146 pertinent,
1319 1107 1439 1134 extant
1461 1101 1554 1142 apud

853 1159 1076 1199 Dionysium:
1105 1158 1247 1186 Καλλίας
1272 1155 1310 1195 δ’,
1338 1155 1354 1184 ὃ
1379 1153 1436 1184 τὰς
1460 1153 1556 1191 Ἀγα-

850 1208 997 1241 θοκλέους
1019 1207 1140 1249 πράξεις
1152 1204 1342 1246 ἀναγράψας,
1354 1204 1473 1242 Ῥώμην
1486 1203 1556 1233 τινὰ

849 1260 974 1302 Τρωάδα
984 1262 1046 1291 τῶν
1060 1256 1288 1298 ἀφικνουμένων
1295 1255 1357 1295 ἅμα
1369 1256 1434 1287 τοῖς
1445 1253 1556 1285 ἄλλοις

850 1311 965 1353 Τρωσὶν
1002 1310 1044 1342 εἷς
1076 1308 1214 1340 Ἰταλίαν
1251 1306 1411 1346 γήμασθαι
1435 1303 1555 1343 Λατίνῳ

851 1366 894 1405 τῷ
909 1363 1040 1400 βασιλεῖ
1058 1363 1120 1393 τῶν
1149 1357 1361 1401 Ἀβοριγίνων,
1378 1356 1428 1389 καὶ
1444 1357 1555 1396 γεννῆ-

853 1428 904 1447 σαι
928 1414 980 1445 δύο
1003 1414 1127 1450 παῖδας,
1164 1411 1281 1449 Ῥῶμον
1313 1408 1363 1440 καὶ
1387 1406 1556 1446 Ῥωμύλον.

853 1467 1029 1498 οἰκίσαντας
1043 1464 1076 1495 δὲ
1091 1463 1195 1502 πόλιν,
1211 1462 1272 1493 ἀπὸ
1286 1460 1344 1497 τῆς
1365 1458 1480 1500 μητρὸς
1502 1458 1556 1488 αὑ-

850 1520 914 1549 τῶν
928 1517 1033 1548 θέσθαι
1048 1516 1194 1553 τοῦνομα.
1241 1511 1438 1544 Heraclidae
1456 1510 1556 1540 Lem-

853 1569 886 1600 bi
919 1569 1106 1600 Athenaeus
1138 1574 1205 1596 non
1244 1562 1348 1594 semel
1390 1559 1556 1591 meminit.

856 1621 932 1652 Non
951 1620 1056 1650 solum
1075 1621 1187 1648 antem
1215 1614 1258 1645 de
1283 1623 1323 1644 eo
1352 1610 1556 1650 intelligitur

854 1671 888 1701 in
906 1671 972 1701 illis
990 1668 1114 1706 verbis,
1132 1676 1207 1708 quae
1225 1675 1266 1696 ex
1284 1662 1446 1704 Dionysio
1467 1660 1557 1693 infra

855 1730 990 1762 ponam,
1028 1719 1087 1749 sed
1118 1722 1152 1748 et
1188 1715 1364 1746 historiam
1401 1711 1556 1745 eandem,

854 1782 951 1814 quam
970 1770 1078 1809 tangit
1092 1768 1226 1805 Festus,
1242 1775 1284 1796 ex
1301 1764 1420 1795 eodem
1435 1772 1558 1803 propo-

853 1832 942 1861 nam,
968 1822 983 1851 ὃ
1006 1819 1037 1851 δὲ
1053 1818 1109 1850 τὰς
1134 1816 1241 1858 ἱερείας
1252 1815 1308 1846 τὰς
1325 1816 1357 1845 ἐν
1372 1814 1491 1854 Ἀργει,
1506 1810 1558 1844 καὶ

853 1872 894 1904 τὰ
910 1872 974 1903 καθ’
990 1869 1126 1907 ἑκάστην
1152 1866 1333 1909 πραχθέντα
1357 1865 1558 1904 συναγαγὼν,

854 1922 974 1955 Αἰνείαν
999 1920 1095 1961 φησὶν
1117 1920 1151 1950 ἐκ
1167 1919 1341 1949 Μολοττῶν
1364 1916 1406 1948 εἷς
1420 1914 1557 1946 Ἰταλίαν

856 1973 988 2006 ἐλθόντα
1002 1972 1068 2011 μετ’
1094 1969 1269 2002 Ὀδυσσέως
1295 1967 1434 2004 οἰκιστὴν
1448 1964 1559 2004 γενέσ·

856 2029 904 2056 θαι
919 2026 975 2062 τῆς
995 2022 1127 2057 πόλεως,
1151 2019 1300 2059 ὀνομάσαι
1321 2019 1346 2049 δ’
1375 2017 1472 2054 αὐτὴν
1497 2016 1557 2047 ἀπὸ

855 2078 923 2117 μιᾶς
937 2078 998 2107 τῶν
1015 2071 1290 2111 ἸλιάδωνῬώμης.
1313 2068 1431 2106 ταύτην
1444 2067 1477 2099 δὲ
1503 2068 1556 2098 λέ-

855 2141 905 2169 γει
920 2129 987 2159 ταῖς
1003 2126 1116 2157 ἄλλαις
1135 2122 1255 2164 Τρωάσι
1284 2118 1556 2161 παρακελευσαμέ-

856 2192 910 2217 νην
925 2178 1013 2219 κοινῇ
1025 2177 1093 2215 μετ’
1117 2175 1218 2206 αὐτῶν
1231 2174 1382 2214 ἐμπρῆσαι
1394 2171 1435 2202 τὸ.
1451 2169 1559 2209 σκάφη

856 2227 1066 2271 βαρυνομένην
1080 2227 1124 2267 τῇ
1137 2223 1255 2265 πλάνῃ.
1303 2221 1466 2254 Lenibum
1485 2220 1555 2250 He-

859 2281 1024 2319 racliden,
1061 2278 1102 2309 τὰ
1139 2276 1204 2308 καθ’
1243 2273 1379 2310 ἑκάστην
1420 2271 1560 2313 (χώραν)

858 2332 1038 2376 πραχθέντα
1053 2329 1256 2368 συναγαγεῖν,
1277 2331 1475 2366 cognoscet,
1501 2323 1559 2365 qui

860 2386 998 2428 propius
1016 2393 1054 2414 ea
1081 2380 1200 2414 verba,
1221 2388 1294 2419 qnae
1313 2386 1355 2407 ex
1379 2385 1419 2406 eo
1437 2375 1559 2415 produ-

860 2437 907 2467 cit
936 2435 1135 2470 Athenaeus,
1168 2427 1402 2461 consideravit.
1450 2425 1559 2455 Porro

859 2497 934 2518 cum
949 2487 1021 2517 haec
1037 2493 1078 2515 ex
1100 2486 1238 2513 auctore
1264 2478 1389 2510 Graeco
1405 2476 1558 2506 desume-

860 2543 913 2569 ret
930 2538 1060 2570 Festus,
1085 2534 1117 2564 in
1144 2531 1209 2563 illis
1237 2528 1347 2559 verbis
1374 2524 1556 2557 reddendis

860 2587 1054 2619 Graecissat.
1082 2584 1170 2616 Nam
1186 2580 1298 2621 ὡραίαν
1317 2576 1465 2618 παρθένον
1484 2584 1556 2604 ver-

862 2640 915 2677 tit,
935 2644 941 2654 ‘
960 2635 1218 2676 tempestivam)
1243 2631 1297 2661 De
1311 2628 1434 2658 Galata
1452 2624 1557 2663 scrip-

862 2695 934 2719 tore
954 2686 1095 2727 amplius
1113 2689 1315 2724 quaerainus.
1340 2678 1407 2707 Jos.
1423 2676 1504 2706 Scal..
