1876 3025
644 178 1004 211 FRAmuENTUM.
1436 172 1540 215 1041

100 286 179 314 cos
197 273 272 314 illa
286 279 418 327 posset
429 273 612 327 praecidi,
628 273 966 330 respondissetque
974 289 1088 329 posse
1104 290 1115 314 :
1131 275 1385 317 novaculam
1399 279 1546 320 subito

96 340 307 394 praecidit:
328 340 531 396 quojaclo
550 342 685 382 statim
713 340 894 382 Navium
909 355 965 383 ex
984 356 1055 393 eo,
1077 343 1310 398 Tarquinio
1331 344 1438 384 nihil
1451 360 1547 386 auso

100 414 238 447 contra
270 407 443 462 amplius
461 407 637 462 facere,
673 409 925 450 novaculam
956 410 1071 451 illam
1101 425 1147 451 ac
1172 419 1293 452 cotem
1324 412 1398 452 sub
1418 411 1547 453 locum

99 480 395 524 consecratum,
419 475 742 531 defodijussisse
761 493 772 516 :
793 477 970 531 etficum
991 478 1043 519 ab
1064 493 1106 519 eo
1135 486 1265 520 sacam
1287 479 1346 519 ibi
1366 493 1464 522 esse
1484 482 1549 522 in-

97 545 163 583 tra
194 541 240 583 id
266 543 441 597 spatium
474 543 564 594 loci,
596 545 667 599 qui
695 551 900 585 contentus
924 545 1017 600 fine
1048 560 1174 588 sacro
1205 549 1287 589 sit:
1319 562 1488 604 eamque
1515 551 1549 589 si

99 609 259 664 quando
298 625 472 652 arescere
502 612 742 667 contigisset,
774 614 963 663 subseri,
996 615 1188 669 sumique
1218 629 1265 655 ex
1294 630 1340 656 ea
1369 616 1549 657 surculos

86 677 256 732 jussisse
274 694 285 717 :
317 678 548 734 quofacto‚
570 685 717 722 tantos
738 681 849 721 intra
871 681 1060 735 temporis
1081 688 1251 734 tractus,
1283 698 1371 724 cum
1394 683 1486 725 aliie
1508 685 1549 725 in

100 758 142 784 eo
163 745 264 786 loco
288 747 527 800 complures
543 747 653 801 ficus
684 754 810 788 enata:
831 754 972 798 essent,
995 755 1117 803 atque
1139 763 1191 790 ece
1210 751 1375 792 cvulsae
1399 751 1548 792 deinde

100 810 146 852 de
166 827 279 853 sacro
302 812 370 853 illo
390 812 472 854 loco
490 814 683 854 radicitus
701 822 1018 856 removerentur
1037 832 1049 855 .·
1080 831 1211 857 omnes
1231 832 1318 873 quae
1335 818 1437 859 inibi
1456 826 1549 860 tunc

101 880 289 933 temporis
306 890 441 928 erant,
464 881 593 922 ficum
611 887 763 935 praeter
783 896 903 922 unam
919 881 1049 934 illam,
1071 884 1388 938 ejectasfuisse,
1403 886 1549 927 admo-

98 947 190 987 nitu
218 946 372 1003 fatali,
403 964 450 989 ac
465 949 590 1003 jussu
626 949 669 989 in
693 948 840 1003 primis
870 950 1126 1004 aruspicum,
1157 959 1204 992 et
1233 952 1390 994 divinis
1428 954 1550 994 etiam

100 1014 291 1068 responsis
315 1016 650 1069 promittentibus
672 1015 853 1071 quandiu
877 1032 923 1058 ea
945 1019 1122 1069 viveret,
1148 1020 1380 1061 libertatem
1403 1022 1552 1076 populi

102 1081 413 1124 Is.'i12c0lumem
448 1098 704 1134 mansuram,
735 1085 928 1139 ideoque
950 1086 1027 1126 coli
1047 1093 1085 1127 et
1105 1086 1261 1128 subseri
1279 1103 1326 1129 ex
1356 1089 1426 1130 illo
1453 1097 1551 1131 tem-

92 1165 195 1204 pore
216 1158 402 1205 coeptum.
466 1153 655 1194 Nauscit
687 1167 788 1195 cum
822 1167 997 1206 granum
1010 1152 1130 1209 fabae
1151 1169 1190 1195 se
1210 1156 1344 1210 aperit
1362 1158 1552 1198 nascendi

100 1220 252 1271 gratia,
275 1220 390 1273 quod
414 1233 496 1261 non
529 1221 586 1261 sit
615 1220 818 1261 dissimile
839 1221 954 1260 navis
966 1220 1135 1276 formae.
1198 1222 1381 1265 Navitas
1400 1238 1552 1266 secun·

99 1286 201 1326 dum
224 1287 507 1341 incorruptam
528 1287 851 1327 consuetudinem
873 1287 1023 1338 dictos,
1046 1303 1156 1342 quos
1178 1303 1290 1332 nunc
1311 1305 1383 1331 nos
1405 1299 1552 1333 nautas

101 1352 280 1404 dicimus,
304 1354 413 1394 testis
428 1361 484 1395 est
507 1354 619 1397 Cato
638 1356 680 1396 in
699 1369 767 1405 ea,
789 1368 922 1409 quam
943 1356 1122 1410 scripsit,
1137 1370 1223 1397 cum
1238 1358 1280 1397 in
1302 1357 1552 1413 Hispaniam

93 1420 432 1474 prcficisceretur,
448 1436 543 1464 cum
558 1424 636 1465 ait:
653 1423 837 1465 Navitae
854 1424 964 1478 quod
976 1438 1104 1464 secum
1115 1431 1384 1478 portaverant
1402 1428 1552 1468 vinum

101 1493 234 1541 atque
258 1489 416 1539 oleum,
434 1503 529 1530 usus
542 1497 702 1531 tantum
724 1504 766 1530 eo
789 1505 892 1530 sum.
927 1490 1112 1531 Naeviam
1133 1491 1290 1547 sylvam
1313 1494 1552 1535 vocitatam

101 1560 228 1597 extra
242 1556 378 1596 urbem
401 1557 457 1597 ad
476 1557 696 1597 miliarium
719 1562 931 1612 quartum,
946 1559 1066 1612 quod
1090 1559 1239 1601 Naevii
1256 1560 1474 1614 cujusdam
1495 1561 1552 1601 ibi

101 1621 239 1662 domus
255 1622 410 1677 fuerit,
435 1638 459 1664 a
481 1639 559 1679 quo
582 1638 760 1666 nemora
783 1626 974 1666 Naeviag
1012 1626 1225 1680 appellata.
1256 1628 1377 1668 etiam
1399 1628 1551 1683 juisse,

107 1688 272 1730 Verrius
307 1692 394 1732 ait:
434 1705 563 1745 quam
594 1693 819 1746 opprobrii
851 1693 952 1733 loco
984 1693 1105 1747 olgjici
1135 1694 1186 1733 ab
1215 1694 1392 1749 antiquis
1415 1695 1551 1746 solere,

102 1758 222 1811 quod
245 1759 288 1799 in
311 1772 364 1799 ea
381 1760 540 1799 morari
562 1760 793 1800 adsuessent
810 1759 964 1813 perditi
984 1775 1030 1800 ac
1051 1775 1221 1816 nequam
1243 1762 1446 1813 homines,
1469 1768 1552 1805 tes-

101 1825 160 1865 tis
182 1830 250 1865 est
273 1826 335 1866 Μ.
359 1826 467 1866 Cato
489 1826 529 1866 in
553 1840 614 1876 ea,
647 1842 769 1881 quam
800 1827 957 1880 scripsit
986 1827 1027 1867 in
1051 1828 1115 1868 M.
1136 1829 1323 1871 Caelium
1346 1831 1383 1871 si
1406 1845 1453 1871 sc
1474 1845 1552 1885 ap-

102 1892 356 1945 pellavisset.
420 1892 546 1933 Orsus
568 1894 645 1934 iter
664 1909 775 1935 eram
798 1909 823 1936 a
846 1900 976 1948 porta
995 1895 1169 1947 Naevia,
1195 1901 1324 1951 atque
1339 1898 1490 1939 exinde
1510 1899 1552 1939 >in

101 1972 264 1998 nemora
285 1957 427 1999 Naevia
445 1961 536 2012 [19]
551 1975 574 1999 a
592 1960 706 2001 domo
723 1961 868 2015 procul
891 1960 1049 2002 Naevia.
1090 1962 1203 2004 Unde
1218 1964 1357 2006 dicunt
1376 1979 1552 2019 prover-

103 2026 219 2066 bium
234 2033 374 2066 natum
391 2041 481 2076 esse,
499 2042 522 2067 a
546 2027 659 2067 domo
682 2027 844 2078 Mevia,
859 2029 977 2082 quod
997 2030 1180 2070 refertur
1202 2045 1228 2071 a
1248 2031 1421 2074 Verris).
1461 2031 1551 2072 Nu-

104 2093 193 2134 dius
211 2094 352 2135 tertius
373 2094 535 2135 videtur
556 2096 815 2149 compositum
839 2109 895 2136 ex
917 2110 1029 2137 nunc
1051 2103 1085 2136 et
1109 2097 1173 2137 die
1195 2097 1315 2137 tertio
1360 2129 1368 2137 .
1411 2098 1456 2139 N
1485 2132 1493 2140 .
1545 2131 1553 2140 .

104 2162 297 2202 dicuntur
327 2164 369 2204 in
404 2177 503 2216 agro
534 2178 629 2218 quos
749 2194 756 2203 .
876 2196 886 2207 .
1004 2164 1086 2204 alio
1113 2165 1270 2204 nomine
1295 2166 1507 2220 appellant
1527 2182 1553 2208 a

103 2238 225 2283 parte
245 2237 388 2281 totum,
409 2230 678 2286 significantes
695 2233 823 2285 quasi
846 2232 944 2272 inde
966 2231 1164 2285 appellati
1187 2233 1277 2273 sint

469 2298 670 2340 dicantur
692 2313 750 2352 pa
867 2330 874 2338 2
997 2330 1005 2339 .,
1126 2331 1134 2339 .
1252 2330 1261 2339 .
1338 2307 1353 2329 g
1403 2301 1551 2343 dicitur

105 2367 264 2407 caelum
285 2379 435 2406 cavum
553 2397 563 2407 .
712 2398 719 2405 .
871 2400 877 2407 .
993 2365 1160 2407 dicatur
1181 2366 1281 2407 dam

109 2430 294 2485 Nuptam
315 2446 474 2482 novam,
501 2446 683 2486 sponsam
703 2432 767 2487 (ut
790 2433 912 2473 etiam
933 2433 1132 2473 mulieres
1155 2434 1312 2486 quibus
1339 2435 1379 2474 in
1401 2435 1553 2489 nuptiis

755 2562 897 2594 NOTAE

150 2631 163 2652 ἔ
188 2626 287 2657 Quod
315 2626 468 2666 sequitur
494 2625 721 2667 fragmentum
741 2648 748 2657 .
766 2650 773 2657 .
793 2648 800 2656 .
856 2631 993 2657 ‘cavum
1011 2635 1029 2657 a
1046 2627 1141 2666 chao,
1168 2626 1255 2657 unde
1280 2625 1391 2656 omnia
1408 2628 1494 2663 orta,
1517 2629 1553 2655 et

110 2680 158 2706 tur
171 2678 277 2706 caetum
296 2686 332 2706 ca
348 2698 354 2705 .
370 2697 394 2706 ..
411 2685 475 2717 quo
493 2677 681 2716 pertineat,
705 2677 799 2717 igno·
855 2686 873 2707 a
890 2685 973 2708 cavo
994 2677 1111 2708 cadum
1134 2676 1287 2708 dictum:

108 2736 155 2758 ro.
203 2727 309 2757 Varro
326 2726 424 2757 lib.1.
452 2727 494 2757 de
523 2727 618 2769 Ling.
647 2729 722 2759 Lat.
741 2727 801 2765 ait,

193 2781 307 2821 Delplt.
323 2784 351 2811 et
372 2780 446 2812 Var.
462 2780 546 2811 Clas.
713 2781 823 2820 Pomp.
842 2780 926 2811 Fest,
1394 2781 1411 2808 3
1436 2778 1466 2807 U
