1876 3025
271 151 356 194 978

730 160 879 192 SEXTI
914 159 1118 189 POMPEII
1151 158 1289 190 FESTJ.

276 256 517 299 Τοηεςὶίίαοῑι
539 270 639 299 esse
654 256 835 298 Verrius
853 255 1003 310 palum
1020 255 1213 296 dolatum
1233 254 1276 295 in
1298 267 1462 295 acumen
1482 259 1520 294 et
1551 253 1715 307 [FEST.

328 325 511 380 cuspide
532 325 846 379 praeferratum,
868 328 919 364 ut
938 324 1171 372 existimat,
1193 336 1312 377 quem
1347 322 1505 375 configi
1526 322 1568 362 in
1589 322 1717 362 litore

326 394 454 435 navis
487 392 710 448 religandae
743 405 894 433 causa.

327 459 383 501 ad
401 474 512 510 eam,
533 466 577 501 et
596 459 816 501 tonsillam
835 463 934 513 pegi
955 459 1062 500 laeto
1088 459 1134 499 in
1157 459 1315 501 littore.

955 391 1182 433 Pacuvius
1218 392 1262 432 in
1292 391 1469 432 Medio:
1489 395 1501 414 ¹
1533 386 1719 430 Accessi

1376 458 1524 499 Accius
1545 458 1590 498 in
1612 455 1719 497 Phi-

324 529 461 570 nidis:
477 533 523 550 ²¹²
547 528 732 577 Tacete,
754 532 798 567 et
820 526 1021 567 tonsillas
1042 527 1184 568 littore
1205 526 1323 568 laeda
1343 526 1473 567 edite.

268 596 477 650 Topperx
509 594 756 648 significare
787 594 851 635 ait
879 593 1084 635 Artorius
1116 595 1218 644 cito,
1259 594 1463 644 fortasse,
1500 590 1716 640 celeriter,

878 713 995 725 eeeeee

999 713 1114 725 eeeeee

311 797 326 825 l
351 794 413 824 Vir
430 793 520 826 doct.
539 793 573 824 in
589 801 693 833 marg.
706 792 761 824 ed.
777 791 865 824 Scal.
881 790 1024 832 conjicit
1037 791 1208 822 Medo.-2
1226 790 1304 822 Vet.
1321 789 1379 821 lib.
1396 787 1582 820 Plzoenz‘ssis.
1626 785 1715 817 Vide

270 838 315 870 N.
332 837 433 868 infra.

922 932 1064 964 NOTAE

308 1014 317 1034 2
332 1009 513 1050 Tonsillam]
530 1010 695 1041 Tonsillam
707 1010 753 1041 ait
763 1018 827 1041 esse
841 1007 969 1039 Verrius

263 1064 371 1104 palum
398 1062 534 1092 dolatum
562 1061 595 1090 in
619 1070 759 1096 acumen,
787 1063 817 1090 et
843 1059 969 1099 cuspide

264 1112 496 1153 proeferratum,
510 1114 543 1141 ut
555 1110 738 1141 existimant
752 1110 885 1150 quidam,
898 1118 967 1139 cum

259 1164 380 1204 figitur
394 1164 428 1193 in
451 1162 555 1192 littore
573 1161 661 1192 nat-is
676 1161 846 1199 religandae
862 1169 966 1190 causa.

267 1214 425 1246 Pacuvius
446 1214 479 1244 in
502 1213 618 1244 Medo.-
640 1211 764 1243 Accessi
780 1212 818 1241 ad
842 1220 918 1244 eam,
934 1213 965 1241 et

268 1266 423 1297 tonsillam
443 1264 516 1304 pegi
537 1264 611 1293 laevo
626 1263 660 1293 z'n
674 1263 791 1292 littore.
831 1261 918 1291 Idem
936 1260 969 1291 in

269 1317 440 1348 phinidis.-
467 1315 589 1354 Tacete,
606 1317 637 1344 et
656 1313 796 1343 tonsillas
811 1312 915 1342 littore
936 1311 969 1342 in

269 1369 345 1399 1aevo
361 1368 454 1397 edite.
478 1366 548 1398 Jos.
565 1365 656 1395 Scal.

315 1416 497 1457 Tonsillam]
529 1415 640 1447 Aliter
669 1413 819 1445 Isidorus
848 1412 908 1444 lib.
933 1421 969 1443 x.

268 1479 344 1509 cap.
374 1471 424 1499 ll.
452 1464 661 1503 ‘Tonsillae‚'
685 1464 806 1504 inquit,
833 1463 968 1493 ‘uncini

269 1519 373 1551 ferrei
403 1519 455 1559 vei
484 1518 584 1555 lignei
613 1517 654 1547 ad
685 1525 768 1557 quos
795 1515 826 1545 in
852 1515 969 1544 littore

269 1571 398 1602 defixos
415 1569 548 1600 navium
561 1566 659 1598 funes
677 1563 887 1606 religantur.’
901 1564 968 1595 Sed

268 1622 387 1652 melius
404 1621 521 1651 Festus
539 1619 608 1649 sive
624 1617 778 1648 Verrius.
802 1616 883 1646 Dac.

313 1677 326 1691 ¹¹
350 1671 464 1702 Accius
488 1670 521 1699 in
545 1667 706 1708 phinidis]
737 1667 830 1697 vera
857 1665 970 1697 lectio.

269 1724 348 1755 Non
377 1720 556 1755 I'hoenissis,
582 1724 618 1750 ut
644 1718 708 1749 viri
732 1717 836 1748 docti.
877 1715 970 1747 Accii

269 1772 433 1804 Phinidas
463 1780 553 1810 saepe
583 1769 726 1801 Nonius.
771 1768 874 1808 Lege,
911 1767 970 1797 Τα-

269 1829 334 1856 cete
359 1827 390 1855 et
415 1823 555 1855 tonsillas
580 1823 685 1852 littore
708 1821 741 1851 in
771 1820 848 1850 loevo
872 1818 971 1850 edite:

272 1876 324 1905 vei
341 1876 375 1905 in
389 1875 473 1912 laeto,
491 1878 642 1912 utsupra
666 1870 753 1910 apud
771 1870 972 1900 Pacuvium.

271 1926 310 1956 In
328 1926 414 1956 Mss.
429 1929 502 1954 erat
520 1924 635 1958 inledu,
652 1922 704 1952 vei
717 1922 819 1951 illeda.
843 1919 950 1950 Idem.

313 1982 329 1998 ¹
355 1975 487 2016 Topper]
519 1974 582 2004 lna
607 1972 765 2002 videntur
799 1969 971 2005 mendosa,

272 2027 397 2058 Ennius
421 2035 491 2055 vero
506 2024 572 2059 sic,·
596 2023 677 2053 etin
690 2021 797 2052 veteri
817 2020 904 2050 libro
917 2019 971 2048 lia-

272 2075 355 2106 bent
378 2079 490 2105 notam
516 2074 545 2104 R
569 2073 686 2103 literae.
718 2071 757 2101 In
783 2069 869 2100 Attii
899 2078 972 2098 car-

272 2127 361 2156 mine
374 2128 482 2155 mutat
500 2122 649 2154 Faernus
666 2125 803 2151 noster:
824 2118 925 2158 patris
941 2121 972 2147 te

271 2176 473 2215 ejecitsoras.
518 2174 569 2204 Ex
593 2171 740 2212 Odyssia
766 2175 881 2200 vetere
901 2177 972 2198 ver-

273 2238 326 2258 sus
353 2225 451 2257 relati
477 2224 598 2256 senarii
626 2226 704 2253 sunt
732 2220 849 2260 magis,
875 2228 972 2260 quam

272 2278 421 2310 heroici:
459 2276 534 2308 ideo
572 2274 724 2314 suspecti
765 2276 854 2302 sunt.
895 2271 971 2300 Ant.

275 2330 362 2368 Aug.

318 2377 450 2419 Topper]
474 2377 531 2408 Sic
548 2376 580 2406 in
606 2373 814 2412 eodem,lioc
841 2375 908 2409 est,
939 2369 971 2399 in

276 2429 377 2460 Nelei
403 2427 563 2461 carmine,
592 2435 658 2455 non
682 2423 771 2464 apud
803 2420 974 2454 Naevium.

274 2480 334 2510 Est
357 2484 470 2509 autem
498 2476 636 2516 egregia
656 2475 806 2505 Gnome:
834 2473 974 2510 Namque

273 2531 397 2561 neillum
407 2529 489 2570 pejus
497 2530 629 2558 macerat
644 2527 820 2563 humanum,
835 2522 974 2558 Qnamde

274 2590 359 2611 mare
374 2589 501 2610 scevam.
544 2577 633 2609 Vires
654 2576 723 2617 quoi
745 2578 816 2606 sunt
839 2582 972 2612 magnae,

278 2631 395 2671 Topper
427 2629 623 2668 confringent
658 2627 842 2666 importum
872 2624 976 2654 undae.

276 2681 345 2712 Sed
364 2690 483 2711 vereor
500 2689 541 2711 ne
558 2679 602 2710 sit
621 2678 703 2708 Livii
727 2674 914 2707 Andronici
931 2682 974 2704 ex

276 2731 384 2762 veteri
409 2731 577 2771 Odyssea,
599 2738 666 2760 non
690 2726 801 2764 Nelei,
818 2730 874 2758 aut
893 2725 975 2757 Nae-

1021 1007 1078 1038 vii.
1116 1005 1169 1038 Ad
1199 1005 1338 1037 verbum
1374 1004 1462 1035 enim
1495 1012 1536 1034 ex
1568 1002 1719 1034 Homero

1019 1058 1127 1090 Ὀδυσ.
1145 1057 1181 1089 θ’.
1219 1058 1264 1088 Οὐ
1279 1057 1339 1097 ’γὰρ
1356 1054 1458 1095 ἔγω-γε’
1480 1067 1511 1086 τι
1526 1052 1604 1093 φημὶ
1619 1053 1719 1084 κακώ-

1018 1121 1109 1149 τερον
1120 1107 1200 1139 ἄλλο
1215 1106 1375 1143 θαλάσσης
1384 1106 1497 1146 ’Ἄνδρα
1508 1116 1542 1135 τε
1555 1104 1719 1144 συγχεῦαι,

1021 1159 1046 1190 εἰ
1062 1159 1111 1190 καὶ
1125 1158 1211 1198 μάλα
1237 1156 1383 1198 καρτερὸς
1397 1156 1454 1193 εἴη.
1481 1160 1516 1186 et
1539 1164 1604 1186 non
1623 1154 1720 1185 dubi-

1020 1221 1073 1242 um
1094 1215 1145 1241 est
1161 1219 1233 1241 esse
1256 1219 1299 1240 ex
1317 1208 1472 1249 Odyssea
1498 1206 1617 1242 veteri,
1641 1209 1720 1236 sunt

1020 1267 1131 1293 autem
1158 1271 1272 1292 versus
1298 1258 1461 1291 Saturnii.
1499 1257 1638 1288 Neillum
1662 1265 1720 1287 au-

1020 1318 1086 1342 tem
1104 1321 1163 1352 pro
1180 1311 1321 1341 nihilum.
1355 1308 1470 1339 Verba
1488 1306 1636 1347 ejusdem
1663 1314 1718 1336 ve-

1020 1362 1101 1393 teris
1128 1361 1316 1401 Odysscae:
1344 1360 1463 1399 Topper
1476 1357 1561 1395 fucit
1584 1357 1720 1387 homines

1019 1413 1101 1443 veris
1114 1412 1225 1450 saeris,
1244 1411 1308 1441 hoc
1333 1414 1399 1446 est,
1424 1417 1536 1439 verres
1557 1417 1649 1438 sues:
1676 1416 1720 1438 ex

1019 1463 1097 1493 illo:
1131 1461 1204 1499 ἥκεν
1230 1460 1369 1490 ἅπαντας
1386 1458 1428 1489 ’Ἣ
1453 1459 1519 1494 σῦς,
1543 1456 1579 1495 ἠὲ
1608 1456 1721 1488 λύκους

1019 1511 1192 1548 ποιήσεται.
1215 1512 1319 1542 Ὀδυσ.
1335 1509 1373 1540 κ’.
1389 1518 1493 1540 verres
1503 1518 1574 1539 sues
1589 1508 1719 1538 dictum

1021 1562 1242 1602 conjunctim,
1259 1565 1296 1591 ut
1312 1563 1320 1577 ‘
1336 1567 1409 1591 rete
1421 1557 1598 1599 jaculum,’
1612 1558 1621 1574 ‘
1636 1557 1721 1597 lapi-

1021 1613 1096 1643 dem
1123 1610 1278 1650 silicem,'
1309 1615 1344 1642 et
1370 1609 1503 1640 similia.
1540 1607 1630 1639 Veris
1654 1615 1720 1637 non

1021 1663 1192 1703 geminato
1210 1672 1238 1702 r,
1254 1661 1308 1700 qui
1323 1665 1397 1691 erat
1411 1668 1480 1689 mos
1493 1658 1625 1689 illorum
1637 1661 1720 1688 tem-

1023 1723 1152 1754 porum,
1177 1711 1313 1749 etfacit
1338 1720 1400 1751 pro
1415 1709 1529 1747 suxit:
1555 1709 1603 1739 ita
1629 1707 1720 1748 apud

1022 1764 1205 1795 Plautum:
1232 1768 1266 1793 et
1290 1762 1322 1792 in
1349 1763 1399 1791 12.
1421 1764 1456 1791 et
1481 1767 1586 1790 PAm'r
1611 1758 1642 1788 in
1666 1758 1722 1788 iis-

1022 1815 1098 1846 dem
1117 1824 1178 1855 pro
1189 1814 1291 1854 paxst.
1327 1811 1544 1852 Toppersacit‚
1556 1808 1722 1847 vel-faxit:

1021 1864 1179 1902 ποιήσειεν
1194 1863 1242 1895 ἄν.
1266 1863 1331 1894 Illa
1347 1871 1426 1893 vero
1442 1873 1448 1890 :
1477 1861 1592 1900 Topper
1610 1859 1667 1890 citi
1682 1859 1722 1889 ad

1021 1917 1098 1947 <edis
1120 1915 1259 1947 venimus
1287 1914 1401 1950 Circae,
1430 1911 1523 1941 simul
1553 1911 1722 1940 ‹luonorum

1021 1969 1147 2006 portant
1159 1966 1199 1995 ad
1209 1963 1412 1995 navesvnili‹1.·
1427 1961 1489 1991 alia
1506 1961 1539 1990 in
1552 1960 1660 1990 iisdem
1674 1959 1724 1988 in-

1021 2016 1223 2047 serinuntur:
1249 2013 1361 2054 potius
1383 2010 1601 2047 sententiam,
1618 2018 1717 2048 quam

1022 2065 1127 2095 verba
1156 2063 1296 2094 Homeri
1321 2061 1533 2101 exprimunt:
1558 2059 1592 2089 οὐ
1614 2057 1643 2088 δ’
1666 2057 1723 2096 ἄρα

1023 2117 1138 2155 Κίρκην
1152 2115 1200 2153 Ἐξ
1216 2114 1304 2144 ἀΐδεω
1321 2111 1463 2142 ἐλθόντες
1488 2108 1648 2147 ἐλήθομεν.
1666 2108 1723 2139 ἆλ-

1023 2164 1066 2196 λὰ
1086 2163 1160 2203 μάλ’
1187 2162 1251 2193 ὦκα
1267 2160 1361 2192 ‘Hm'
1384 2158 1583 2197 ἐντυναμένη.
1610 2157 1672 2196 ἅμα
1695 2158 1722 2188 δ’

1023 2215 1193 2255 ἀμφίπολοι
1214 2212 1308 2253 φέρον
1332 2212 1415 2253 αὐτῇ
1443 2212 1548 2247 Σῖτον,
1575 2209 1625 2240 καὶ
1649 2208 1721 2249 κρέα

1023 2266 1140 2302 πολλὰ,
1157 2265 1208 2297 καὶ
1233 2266 1344 2296 αἴθοπα
1367 2262 1449 2294 οἶνον
1468 2260 1602 2302 ἐρυθρόν.
1636 2261 1722 2292 Duo-

1022 2327 1129 2349 norum
1145 2317 1232 2347 milia
1247 2315 1335 2346 dixit
1352 2314 1453 2344 eliam
1477 2322 1518 2343 ex
1533 2312 1724 2342 imitatione

1026 2369 1178 2403 Homeri,
1195 2366 1254 2398 sed
1273 2364 1452 2399 allisionis,
1477 2361 1600 2394 ὀνείατα
1618 2361 1720 2402 μυρία.

1024 2421 1139 2453 Quare
1157 2421 1302 2459 apparet
1319 2416 1380 2454 ita,
1405 2415 1453 2446 uti
1478 2413 1662 2455 posuimus,
1676 2413 1723 2443 le-

1025 2469 1137 2510 genda
1163 2477 1236 2499 esse
1263 2466 1364 2496 verba
1389 2464 1493 2495 Livii:
1515 2473 1589 2505 quae
1614 2471 1723 2503 neque

1025 2519 1147 2551 senarii
1165 2522 1255 2556 sunt,
1271 2525 1380 2556 neque
1399 2514 1514 2546 Livius
1531 2512 1601 2544 aliis
1619 2511 1724 2542 versi-

1024 2572 1086 2603 bus
1098 2569 1287 2610 Odysseam
1301 2566 1413 2604 vertit,
1428 2574 1526 2606 quam
1545 2562 1724 2594 Saturnio:

1026 2626 1157 2653 tantum
1175 2619 1285 2657 abest,
1302 2622 1338 2648 nt
1356 2615 1503 2646 debeant
1519 2622 1592 2643 esse
1607 2612 1724 2642 Hexa-

1025 2671 1138 2708 metri,
1161 2669 1248 2710 quod
1278 2673 1390 2698 tamen
1419 2663 1575 2695 videntur
1598 2661 1722 2691 sentire

1027 2719 1214 2753 doctissimi
1240 2718 1314 2749 viri.
1351 2716 1437 2748 Nam
1464 2717 1543 2745 ante
1567 2711 1723 2744 Naevium
