1876 3025
269 147 356 189 748

716 159 863 190 SEXTI
899 158 1101 189 POMPEI!
1136 159 1275 189 FESTI

325 265 432 294 usus
446 259 502 293 est
514 252 556 292 in
576 251 837 307 auspicando,
856 250 1051 292 discedere
1071 265 1153 292 una
1163 252 1359 306 jubetur,
1380 252 1496 306 quod
1519 258 1613 293 tunc
1634 253 1706 294 illo

327 320 545 360 discedente
566 326 732 361 certum
748 324 812 361 est
831 319 1063 360 exercitum
1083 319 1205 359 etiam
1226 333 1302 360 esse
1315 319 1535 370 remissum,
1548 324 1595 361 ut
1611 334 1710 362 cum

328 401 444 441 opus
461 389 531 437 sit,
552 393 647 427 tunc
666 387 700 427 sz'
729 385 839 436 velit,
871 384 1069 426 discedere
1089 386 1248 439 possit.

1310 385 1419 426 Nam
1453 386 1643 437 consules,
1673 394 1711 428 et

327 467 499 494 censores
515 460 532 487 9
562 468 641 494 non
661 454 702 494 in
720 457 978 507 perpetuum
995 451 1235 505 Auguribus
1242 452 1506 506 praesentibus
1526 458 1710 504 utuntur,

325 527 376 562 ut
409 522 470 563 ait
496 520 582 575 Ap.
604 519 797 571 Pulcher,
829 518 897 560 sed
928 525 1087 559 tantum
1116 520 1160 560 in
1186 521 1389 574 auspicio,
1422 534 1534 574 quos
1564 527 1710 574 postea

325 587 574 638 dimittatis,
605 601 630 627 a
663 601 741 642 quo
772 586 856 642 lege
885 599 1052 627 secures
1073 587 1236 628 habitae
1256 593 1350 628 sunt
1363 587 1496 642 prius,
1526 601 1640 642 quem
1671 593 1710 628 et

318 655 496 708 priorem
532 668 629 696 esse
665 655 729 695 ait
761 652 975 694 Antistius
1006 651 1158 704 Labeo,
1189 655 1336 709 quique
1367 654 1501 695 eadem
1537 667 1709 709 quoque

323 722 417 776 lege
444 719 687 774 significari,
718 726 763 760 ut
786 720 903 773 prior
930 720 982 760 sit
1011 720 1053 760 in
1087 721 1339 774 auspicando
1373 722 1544 770 dicitur,
1572 725 1620 762 ut
1649 721 1710 761 ait

321 787 424 829 idem
445 786 582 828 Labeo
604 787 645 827 in
670 786 771 828 libro
792 786 840 828 de
859 787 1003 828 officio
1026 787 1198 842 auguris
1216 803 1229 827 .·
1251 795 1387 843 potest
1408 796 1540 830 autem
1557 787 1709 844 Augur

868 927 984 941 cccccc

989 928 1105 941 eeeeee

306 1010 326 1038 9
349 1007 405 1038 Ita
429 1007 516 1038 Scal.
544 1007 577 1037 in
604 1010 780 1047 contextu,
800 1006 995 1038 ‘discedente
1018 1010 1087 1037 tum
1115 1011 1166 1038 est
1189 1007 1365 1038 exercitum
1383 1007 1476 1038 etium
1491 1016 1556 1037 esse
1571 1016 1642 1037 nam
1655 1029 1663 1037 .
1676 1028 1683 1036 .
1699 1028 1707 1036 .

265 1051 436 1085 remissum,
454 1056 491 1080 ut
507 1060 581 1081 cum
598 1059 681 1090 opus
698 1051 753 1085 sit,
773 1054 846 1081 tunc
862 1050 889 1081 si
911 1051 998 1086 velit,
1020 1050 1175 1081 discedere
1200 1051 1318 1091 possit,
1343 1051 1479 1081 consules
1491 1053 1521 1081 et
1544 1049 1710 1081 censores!

266 1092 324 1123 sed
343 1093 418 1124 vide
437 1093 560 1124 Notam
576 1102 668 1123 suam
692 1092 792 1124 infra.

917 1200 1057 1232 NOTAE

264 1286 385 1326 exlege
400 1296 516 1317 sccures
538 1286 652 1318 habitae
678 1290 747 1318 sunt
770 1287 867 1327 prins,
889 1297 956 1318 eum

262 1341 294 1368 et
309 1338 441 1377 priorem
455 1348 518 1368 esse
533 1338 577 1368 ait
593 1338 753 1368 Antistius
767 1338 885 1369 Labeo.-
907 1347 955 1368 ea-

262 1388 329 1418 dem
345 1397 458 1427 quoque
471 1388 537 1426 lege
552 1387 727 1428 significari
747 1388 881 1427 priorem
895 1396 957 1418 esse

262 1437 296 1467 in
323 1437 507 1477 auspicando
535 1437 664 1475 dicitur,
692 1441 725 1468 ut
748 1438 792 1467 uit
819 1437 900 1468 idem
921 1439 955 1468 in

262 1486 339 1516 libro
361 1488 398 1517 de
420 1488 516 1528 officio
539 1488 679 1527 auguris.
721 1488 827 1519 Potest
852 1492 955 1519 autem

260 1541 315 1567 aut
332 1537 363 1567 id
378 1537 412 1567 in
434 1537 560 1568 consilio
568 1537 688 1576 facere,
711 1542 764 1568 aut
779 1538 807 1568 si
821 1548 878 1578 quo
893 1539 954 1569 alio

260 1590 342 1618 volet
357 1589 419 1618 loco
432 1588 527 1627 pullis
548 1590 665 1628 pultem
680 1589 825 1626 obji'ciens
839 1589 953 1619 solisti-

257 1646 339 1667 mum
346 1637 430 1673 facit
445 1638 637 1678 auspicium
654 1642 707 1669 aut
720 1639 859 1676 etiamsi
869 1640 953 1673 velit,

259 1688 345 1719 intra
369 1689 556 1727 pomerium.-
581 1689 630 1719 sin
651 1692 764 1728 autem,
789 1689 822 1720 in
845 1691 954 1728 templo

258 1737 409 1768 consistit.
456 1738 606 1768 Primum
634 1740 721 1779 quod
749 1738 803 1769 hic
829 1739 953 1769 dicitur

259 1798 403 1828 augures
442 1788 558 1820 adesse
589 1789 727 1820 Consuli
765 1789 950 1820 exercitum

257 1839 450 1879 imperanti,
475 1844 509 1870 et
533 1840 670 1870 comitia
688 1840 880 1871 centuriata
895 1840 950 1870 lia-

257 1888 365 1927 beuti,
390 1890 489 1929 plane
510 1889 541 1919 id
562 1889 781 1920 confirmatur
804 1890 853 1919 liis
868 1890 951 1919 Var-

258 1939 350 1969 ronis
382 1939 492 1969 verbis
522 1948 564 1969 ex
591 1939 708 1979 quinto
732 1939 774 1969 de
798 1949 951 1969 sermone

258 1989 389 2020 Latino.
434 1989 511 2020 Hoc
540 1998 628 2019 nunc
651 1989 750 2020 aliter
772 1989 823 2028 fit,
850 1994 953 2029 atque

258 2039 356 2079 oliin3
374 2039 461 2080 quod
480 2038 596 2079 Augur
612 2039 747 2070 consuli
760 2038 855 2069 adest
873 2044 952 2074 tum,

259 2098 334 2120 cum
364 2090 535 2120 exercitus
554 2090 752 2130 imperatur,
779 2099 817 2121 ac
841 2090 952 2130 praeit,

258 2139 338 2179 quid
368 2149 444 2170 eum
471 2145 628 2179 oporteat
656 2139 781 2171 dicere.
827 2140 953 2170 Consul

259 2190 391 2231 Auguri
422 2191 588 2231 imperare
611 2191 711 2228 solet,
740 2195 777 2220 ut
803 2189 950 2220 inlicinm

259 2245 370 2276 vocet,
387 2250 451 2271 non
468 2249 622 2274 accenso,
639 2244 696 2271 aut
713 2239 874 2280 praeconi.
910 2239 950 2270 Id

257 2290 439 2331 incoeptum
455 2290 570 2325 credo,
586 2299 661 2321 cum
681 2290 814 2320 abesset
830 2299 950 2321 accen-

258 2351 337 2372 sus:
363 2346 398 2372 et
424 2341 505 2371 nihil
528 2341 703 2378 intererat,
727 2340 781 2371 eui
806 2341 950 2380 impera-

257 2397 330 2422 ret:
362 2395 398 2421 et
421 2390 505 2421 dicis
533 2400 632 2420 causa
654 2390 779 2421 fiebant
796 2390 949 2431 quaedam

258 2452 367 2483 neque
390 2443 472 2473 item
499 2440 602 2476 facta,
630 2450 738 2482 neque
762 2442 841 2471 item
859 2441 950 2472 dicta

257 2501 411 2532 semper:
436 2496 470 2522 et
499 2491 531 2521 in
557 2499 612 2522 111.
635 2491 678 2522 de
703 2492 752 2522 Re
780 2491 946 2522 Rustica:

256 2545 265 2561 ‘
279 2544 329 2575 Ibi
349 2543 494 2584 Appium
513 2542 687 2573 Claudium
709 2541 880 2582 Augurem
897 2551 949 2572 se-

257 2595 394 2625 dentem
424 2595 608 2625 invenimus
642 2595 675 2624 in
704 2593 883 2632 subselliis,
911 2598 949 2624 ut

260 2644 408 2680 Consuli,
436 2644 463 2674 si
500 2644 579 2685 quid
615 2653 693 2674 usus
723 2643 947 2684 poposcisset,

258 2699 345 2724 esset
361 2697 507 2736 praest0.’
550 2695 656 2726 Porro
672 2694 720 2726 ita
731 2694 947 2735 magistratus

1011 1286 1142 1327 Auguri
1180 1286 1448 1319 denunciabant:
1482 1295 1517 1320 Q·
1548 1294 1630 1317 Fam
1660 1294 1704 1316 TE

1011 1346 1105 1368 vono
1124 1347 1213 1368 ΜιΗι
1233 1347 1267 1368 in
1287 1346 1452 1368 AVSPlClo
1472 1345 1562 1368 ESSE.
1586 1335 1706 1377 Augur

1010 1388 1260 1428 respondebat:
1284 1398 1386 1419 voto.
1432 1388 1555 1418 Consul
1581 1392 1705 1427 autem,

1008 1442 1046 1467 ut
1064 1437 1123 1477 ait,
1145 1438 1382 1478 auspicabatur
1407 1442 1464 1467 aut
1486 1437 1574 1467 intra
1591 1446 1705 1477 pome-

1009 1487 1108 1526 rium,
1139 1493 1198 1518 aut
1223 1488 1256 1518 in
1280 1487 1406 1527 templo
1430 1486 1639 1517 consistens:
1670 1486 1703 1516 in

1008 1539 1126 1579 quibus
1166 1539 1246 1570 locis
1283 1548 1416 1578 semper
1445 1538 1475 1568 ei
1514 1538 1703 1577 auspicanti

1010 1588 1153 1628 praeibat
1168 1589 1299 1629 Augur,
1316 1594 1352 1619 ut
1371 1594 1483 1618 notum
1501 1593 1553 1618 est
1571 1597 1612 1617 ex
1630 1597 1703 1617 ver-

1009 1638 1071 1674 bis,
1100 1650 1174 1681 quoe
1206 1641 1307 1680 paulo
1338 1645 1415 1670 ante
1445 1648 1487 1669 ex
1511 1639 1629 1679 quinto
1659 1638 1702 1668 de

1008 1699 1162 1721 sermone
1176 1691 1297 1721 Latino
1312 1690 1423 1721 retuli.
1466 1689 1562 1720 Idem
1580 1688 1702 1719 aitnon

1007 1741 1155 1772 dubitari
1174 1742 1321 1781 priorem
1339 1750 1412 1771 esse
1429 1740 1623 1780 Consulem,
1646 1739 1703 1779 qui

1008 1792 1098 1832 prior
1115 1791 1226 1822 fasces
1250 1791 1385 1828 habeat,
1409 1791 1472 1821 hoc
1491 1795 1556 1829 est,
1580 1791 1635 1830 qui
1659 1799 1702 1820 ex

1007 1843 1082 1883 lege
1100 1843 1191 1882 prior
1206 1841 1314 1873 factus
1333 1842 1375 1872 sit
1389 1841 1528 1876 Consul,
1545 1845 1582 1870 ut
1598 1849 1701 1880 supra

1006 1894 1138 1923 loc-utus
1155 1898 1207 1923 est
1225 1892 1257 1923 in
1275 1892 1378 1922 verbo
1402 1892 1410 1907 ‘
1430 1892 1552 1921 Parare
1567 1890 1594 1921 ι’
1610 1889 1699 1930 quod

1007 1942 1235 1982 reponendum
1253 1947 1304 1972 est
1322 1946 1398 1981 post
1418 1942 1426 1957 ‘
1441 1940 1575 1981 Pappi.’
1615 1942 1702 1971 Ean·

1006 1992 1080 2022 dem
1120 1997 1233 2022 autem
1272 1993 1380 2031 legem
1419 1990 1701 2030 interpretatione

1006 2043 1046 2073 ad
1074 2043 1224 2082 auspicia
1259 2051 1392 2083 quoque
1423 2038 1626 2071 trahebant:
1652 2040 1700 2070 uti

1005 2093 1136 2124 scilicet
1167 2093 1260 2133 cujus
1287 2093 1415 2133 priores
1442 2096 1556 2122 essent
1578 2089 1699 2129 fasces,

1006 2142 1154 2181 ejusdem
1183 2142 1303 2182 prioris
1331 2146 1444 2172 essent
1475 2146 1510 2171 et
1537 2140 1699 2180 auspicia.

1008 2192 1058 2222 Ex
1080 2191 1165 2230 istis,
1189 2197 1224 2222 et
1249 2201 1290 2222 ex
1320 2190 1393 2221 aliis
1422 2199 1519 2230 quam
1547 2190 1699 2229 plurimis

1006 2241 1129 2280 passim
1165 2250 1336 2281 possumus
1375 2240 1567 2277 advertere,
1599 2248 1698 2280 quam

1005 2291 1092 2332 aequi
1110 2291 1188 2322 boui
1205 2290 1405 2322 beneficium
1422 2290 1519 2321 Pauli
1535 2290 1699 2329 interpre-

1006 2341 1275 2380 taridebeamus‚
1290 2341 1344 2382 qui
1363 2341 1540 2371 maximam
1552 2350 1568 2369 a
1584 2346 1696 2380 poste-

1004 2392 1105 2422 ritate
1131 2391 1272 2431 gratiam
1290 2401 1325 2421 ευ
1350 2390 1510 2420 initurum
1535 2391 1697 2430 speravit,

1004 2443 1031 2473 si
1054 2442 1096 2473 de
1113 2442 1198 2473 bono
1215 2447 1355 2473 auctore
1372 2442 1456 2472 male
1473 2448 1695 2482 promereret,

1003 2502 1102 2534 quem
1130 2493 1266 2523 meliore.
1290 2492 1341 2523 sui
1365 2497 1461 2531 parte
1477 2491 1697 2529 mutilaverit,

1003 2543 1052 2574 ita
1069 2549 1118 2582 ut,
1134 2552 1208 2574 cum
1225 2552 1266 2573 ex
1292 2541 1431 2573 Atlante
1455 2551 1577 2572 nanum
1594 2550 1628 2571 se
1646 2540 1695 2571 fa-

1002 2602 1079 2624 cere
1103 2602 1201 2634 posse
1224 2592 1413 2631 contendit,
1436 2601 1478 2622 ex
1499 2591 1630 2621 homine
1648 2591 1695 2621 in-

1003 2648 1101 2684 tegro
1117 2652 1270 2674 mancum
1295 2648 1330 2674 et
1343 2643 1494 2674 mutilum
1508 2642 1603 2674 nobis
1617 2651 1692 2682 pro·

1002 2697 1119 2735 ponat.
1142 2693 1211 2724 Jos.
1228 2692 1313 2724 Scal.
