1876 3025
251 135 334 177 760

708 148 855 179 SEXTI
891 148 1093 179 POMPEII
1129 149 1264 180 FESTI

308 241 415 283 chus
437 242 481 283 in
504 255 570 293 ea,
600 255 731 296 quam
754 244 1020 297 conscripsit
1041 244 1094 285 de
1115 246 1209 298 lege
1232 246 1306 286 Pr.
1328 245 1514 294 Ennii,¹4
1533 249 1576 288 et
1597 259 1693 300 per-

306 310 477 362 egrinis,
499 324 595 351 cum
625 312 712 352 ait:
744 325 808 352 eae
844 311 1060 361 nationes,
1081 326 1182 353 cum
1207 314 1305 354 aliis
1324 315 1468 363 rebus,
1489 328 1568 367 per
1590 327 1694 356 ava-

306 377 467 427 ritiam,
483 381 616 430 atque
631 379 879 428 stultitiam,
897 381 1167 432 respublicas
1189 394 1291 422 suas
1311 382 1559 423 amiserunt.

251 443 441 486 Restate
463 458 542 497 pro
564 446 699 487 distat
720 447 780 487 ait
803 447 996 488 Ennius:
1027 460 1204 500 ponere,
1223 462 1321 489 cum
1343 449 1382 489 is
1403 448 1535 499 dicat,
1554 449 1693 502 impe-

305 517 390 562 tus,
413 518 491 553 aut
514 514 642 566 longe
661 513 815 554 mediis
834 514 1083 566 regionibus
1105 520 1293 556 restat.¹⁵

251 578 411 620 Restat
432 580 598 621 Ennius
619 582 774 634 posuit
793 593 872 634 pro
890 581 1034 623 distat.

1514 583 1696 636 [PAUL.

251 645 488 688 Restibilis
509 661 608 700 ager
626 648 687 698 fit,
704 648 781 702 qui
802 649 979 690 biennio
997 650 1198 692 continuo
1218 650 1373 692 seritur
1392 651 1532 692 farreo
1550 650 1694 702 spico,

306 713 353 754 id
372 718 452 764 est,
476 716 680 757 aristeto:
712 716 831 770 quod
865 730 919 757 ne
946 716 1039 768 fiat,
1061 719 1218 769 solent,
1241 719 1318 772 qui
1339 717 1509 772 praedia
1529 717 1695 766 locant,

308 782 534 834 excipere.

251 845 487 888 Restibilisf
513 864 612 905 ager
642 851 800 893 dicitur
828 855 903 908 qui
924 854 1091 895 biennio
1132 854 1319 894 continuo
1351 853 1500 894 seritur
1529 852 1696 905 [FEST-

291 914 445 970 farreo
486 918 617 972 spico,
654 920 699 960 id
735 926 819 971 est,
856 923 1068 968 aristat0,·
1098 922 1209 977 qnod
1240 937 1287 963 ne
1304 921 1408 976 fiat,
1448 920 1588 973 solent,
1625 921 1696 976 qui

300 983 458 1037 predia
480 985 636 1037 locant,
660 989 881 1043 excipere.

854 1119 1092 1132 ‘eeeoeeeeeeo

295 1207 335 1237 14
359 1205 444 1237 Ead.
470 1205 524 1237 ed.
549 1206 589 1238 Ρ.
607 1206 801 1238 Εηηὶἰ.-15
828 1208 913 1240 Vide
933 1210 1042 1240 Notas
1060 1206 1158 1239 infra.

896 1317 1037 1349 NOTAE

251 1396 324 1418 rum
341 1387 563 1431 publicarum,
588 1394 624 1421 ut
644 1401 684 1422 ea
702 1396 770 1422 tum
789 1403 807 1424 a
825 1393 949 1433 princi·

252 1439 352 1479 pibus
368 1444 576 1482 tenerentur,
599 1447 668 1473 tum
686 1453 704 1473 a
727 1445 873 1485 populis,
891 1445 948 1476 ali-

251 1490 387 1531 quando
400 1500 417 1521 a
430 1492 603 1531 singulis-’⁷
630 1494 827 1534 Legeudum
843 1494 947 1527 infra:

254 1541 291 1572 C.
311 1542 469 1573 Gracchus
491 1543 523 1574 in
546 1553 581 1574 ea
603 1554 691 1584 qnam
712 1546 892 1585 conscripsit
912 1548 949 1577 ‹Ie

251 1592 318 1630 lege
334 1592 439 1622 Penni
459 1594 496 1623 cle
514 1594 702 1633 peregrinis.
749 1595 783 1625 Is
803 1601 878 1627 erat
901 1597 950 1628 M.

252 1641 370 1675 Junius
389 1643 538 1680 Pennus,
555 1645 595 1675 de
607 1655 672 1685 quo
686 1646 805 1677 Cicero
818 1647 850 1677 in
866 1647 950 1677 Bru-

254 1697 311 1723 to:
354 1692 362 1708 ⁶
378 1694 416 1724 C.
448 1694 640 1726 Gracchum
683 1701 761 1727 tuus
801 1697 950 1737 gentilis,

252 1743 372 1785 Brute,
398 1746 447 1776 M.
465 1746 602 1777 Pennus
629 1746 730 1778 facile
751 1748 894 1788 agitavit
918 1750 951 1779 in

253 1794 428 1826 tribunatu
445 1797 581 1836 paulum
599 1802 703 1828 aetate
722 1798 951 1830 antecedens)

252 1843 392 1875 Pennus
410 1855 496 1876 anno
514 1846 556 1876 U.
574 1855 742 1878 ncxxvn.
782 1848 952 1881 Tribunus

253 1895 361 1933 plebis
380 1896 488 1936 legem
505 1898 582 1928 tulit
604 1908 670 1938 qua
687 1899 882 1939 peregrinos
898 1911 952 1931 ur-

254 1944 353 1976 bibus
369 1946 417 1977 uti
443 1947 628 1987 probibuit.
674 1950 784 1981 Cicer.
810 1949 852 1981 de
870 1950 954 1980 Offi-

254 1994 314 2025 ciis
330 1995 386 2026 lib.
403 2005 460 2026 111.
484 1996 492 2013 ‘
513 1997 601 2028 Male
615 1998 718 2029 etiam
732 1999 789 2039 qui
807 2001 954 2040 peregri-

256 2054 316 2075 nos
334 2046 473 2076 urbibus
489 2047 538 2079 uti
555 2049 741 2089 prohibuit,
757 2060 881 2091 eosque
897 2061 954 2083 ex-

256 2096 463 2138 terminavit,
490 2102 528 2128 ut
555 2098 692 2129 Pennus
722 2100 812 2139 apud
841 2106 955 2141 patres

255 2150 400 2186 nostros,
416 2148 545 2188 Papius
561 2148 691 2189 nnper.’
712 2149 806 2181 Idem.

297 2201 311 2216 θ
336 2197 464 2237 Restat]
491 2199 612 2235 Itestat,
635 2209 692 2239 pro
714 2200 809 2231 disent
827 2201 871 2231 nic
892 2202 955 2231 En-

255 2247 340 2277 nium
354 2257 478 2289 ponere,
492 2259 560 2279 cum
582 2250 610 2280 is
626 2251 730 2281 dicat:
757 2251 893 2290 Impetus
907 2255 955 2282 ast

257 2300 346 2338 louge
358 2301 467 2330 mediis
477 2301 650 2340 regionibu‘
659 2305 766 2332 restat.
784 2302 855 2334 Jos.
865 2303 955 2333 Scal-

301 2351 430 2390 Restat]
455 2352 557 2391 Lege,
585 2357 621 2384 ut
650 2353 777 2392 optime
802 2353 953 2384 Merula:

260 2404 371 2435 Restat
398 2415 453 2444 pro
479 2405 574 2435 distet
602 2406 645 2435 «tit
675 2406 810 2435 Ennium
834 2416 957 2445 ponere,

258 2464 326 2484 cum
350 2455 377 2485 is
401 2456 564 2494 alicnus-c,
598 2456 605 2470 ‘
625 2455 708 2495 Ait,'
727 2466 848 2496 nempe
876 2458 956 2486 Ver-

258 2507 351 2536 rius:
377 2506 492 2545 utjam
511 2506 657 2546 saepius:
684 2506 829 2537 Versum
861 2507 958 2537 Ennii

260 2557 308 2586 sic
325 2556 496 2595 Scaliger:
522 2555 658 2596 Impetus
673 2560 721 2587 ast
745 2558 834 2596 longe
851 2558 960 2587 mediis

260 2607 429 2645 regionibu'
458 2611 566 2639 restat.
608 2607 799 2644 Turnebus,
825 2608 960 2648 Impetus

261 2659 522 2698 1mudlr›n,‹„re,85c.
548 2658 604 2689 sed
629 2659 682 2689 liic
702 2658 860 2689 Verrium
888 2657 959 2690 falli

263 2713 359 2749 puto.
392 2710 525 2741 Restare
540 2709 655 2750 posuit
671 2709 799 2741 Ennius
817 2719 889 2751 pm,
907 2719 960 2741 re-

1003 1398 1056 1425 tro
1072 1402 1222 1434 manere,
1240 1391 1411 1424 residuum
1437 1400 1524 1423 esse.
1568 1392 1624 1422 De
1640 1400 1699 1422 na·

1003 1444 1099 1476 vibus
1115 1444 1203 1475 enim
1220 1444 1367 1484 loquitur
1388 1451 1529 1484 quarum
1552 1442 1700 1483 impetus

1002 1495 1035 1527 in
1052 1495 1162 1526 medio
1175 1505 1274 1526 cursu
1287 1493 1427 1526 fractus.
1444 1494 1540 1524 Idem.

1046 1546 1059 1566 f
1080 1546 1257 1587 Restibilis]
1295 1546 1447 1577 Glossae:
1488 1545 1496 1560 ‘
1514 1544 1701 1585 Restibilis,

1005 1598 1099 1638 ἀγρὸς
1113 1597 1157 1629 δὶς
1181 1598 1237 1628 τοῦ
1262 1596 1347 1628 ἔτους
1370 1594 1608 1636 ἠροτριωμένος.’
1631 1596 1703 1625 Jus-

1006 1649 1091 1680 Scul.

1050 1700 1211 1731 Restibiiis
1225 1697 1317 1738 ager]
1342 1697 1407 1729 Qui
1425 1695 1606 1738 quotannis
1622 1695 1703 1728 seri-

1007 1755 1062 1781 tur
1080 1751 1181 1781 Varr.
1196 1750 1255 1780 lib.
1277 1758 1326 1779 1v.
1342 1748 1384 1778 de
1402 1748 1439 1779 L.
1456 1748 1493 1778 L.
1517 1746 1525 1763 ‘
1543 1747 1636 1787 Ager
1652 1755 1703 1777 re-

1007 1802 1128 1833 stibilis
1157 1801 1213 1842 qni
1249 1799 1442 1831 restituitur
1472 1807 1512 1828 ac
1542 1797 1705 1828 reseritur

1006 1857 1174 1893 quotquot
1189 1851 1282 1881 annis
1298 1861 1305 1880 :
1324 1854 1447 1881 contra
1462 1848 1519 1889 qui
1536 1847 1704 1878 intermit-

1008 1902 1104 1942 titur,
1122 1911 1140 1932 a
1159 1900 1326 1938 novando,
1349 1898 1478 1929 novalis
1503 1897 1602 1938 ager!
1646 1897 1707 1928 Vi-

1008 1951 1108 1982 detur
1132 1951 1361 1982 arestituendo
1386 1958 1462 1979 eum
1487 1948 1615 1978 dictum
1644 1957 1706 1988 pu·

1009 2007 1096 2041 tare,
1109 2012 1182 2033 cum
1200 2002 1244 2032 sit
1259 2011 1277 2031 a
1291 2001 1447 2038 restando,
1461 1999 1586 2039 quippe
1598 1999 1654 2039 qui
1672 1999 1705 2029 in

1008 2053 1149 2083 alterum
1170 2052 1289 2082 annum
1313 2054 1433 2088 restat,
1450 2049 1512 2079 hoe
1527 2054 1592 2089 est,
1609 2048 1706 2079 resis-

1008 2104 1062 2138 tit.
1108 2103 1239 2133 Restare
1253 2100 1342 2132 euim
1367 2104 1419 2130 est
1442 2099 1577 2138 durare,
1595 2108 1708 2138 perse-

1010 2163 1138 2191 verare,
1167 2152 1336 2183 resistere.
1381 2150 1540 2189 Propert.
1587 2149 1595 2164 ‘
1616 2149 1706 2180 Dum

1009 2208 1113 2235 restat
1127 2202 1295 2234 Barbarus
1308 2200 1463 2231 Hector!
1508 2199 1607 2232 Quod
1622 2200 1708 2229 Var-

1011 2264 1046 2284 ro
1071 2254 1151 2285 (licit
1172 2254 1180 2269 ‘
1197 2255 1364 2293 quotquot
1388 2250 1507 2290 annis,'
1525 2249 1605 2280 illud
1629 2250 1708 2280 Fes-

1012 2310 1066 2335 tus
1079 2303 1240 2334 eominuo
1256 2300 1403 2339 biennio,
1415 2299 1505 2340 quod
1519 2299 1561 2330 de
1576 2299 1708 2329 duobus

1011 2355 1105 2385 annis
1123 2351 1291 2384 coutinuis
1310 2349 1579 2390 intelligendum,
1596 2358 1709 2389 neque

1013 2406 1101 2436 enim
1120 2403 1281 2435 restibilis
1294 2406 1346 2432 est
1358 2410 1438 2440 ager
1451 2400 1512 2430 nisi
1529 2399 1710 2440 quotannis

1014 2461 1155 2487 seratur.
1192 2456 1306 2487 Quare
1324 2452 1508 2482 restibilem
1525 2460 1709 2490 agrumex-

1014 2512 1143 2547 ponunt
1156 2505 1251 2545 ἀγρὸν
1261 2504 1304 2535 δὶς
1315 2504 1371 2534 τοῦ
1384 2502 1469 2533 ἔτους
1480 2501 1710 2543 ἠροτριωμένον,

1014 2559 1022 2573 ‘
1042 2558 1167 2598 Agrum
1186 2557 1234 2587 bis
1251 2565 1310 2595 per
1326 2564 1446 2584 annum
1465 2553 1607 2584 sementi
1625 2562 1711 2592 prae-

1015 2605 1195 2648 paratum‚'
1216 2606 1292 2646 quia
1317 2603 1449 2635 scilicet
1477 2603 1564 2633 inter
1587 2608 1710 2632 utram-

1012 2668 1076 2699 que
1104 2666 1244 2687 messem
1271 2664 1375 2685 annus
1403 2653 1557 2685 vertitur.
1603 2652 1651 2683 Ut
1677 2652 1710 2682 in

1013 2708 1125 2740 novali
1145 2707 1315 2739 biennium
1342 2705 1509 2746 integrum
1528 2702 1713 2735 intercedit
