1876 3025
307 188 369 216 Du
403 185 672 216 VERBORUM
708 182 1114 214 SlGNlFlCATlONE
1151 183 1240 211 [ΑΒ.
1276 181 1401 211 xvii.

195 289 291 323 tuno
313 285 478 322 vestem
499 286 811 329 consecratam,
845 291 1081 332 supparum.

1489 173 1574 213 937

1142 276 1202 317 At
1224 290 1337 318 nunc
1357 289 1575 330 supparos

191 349 442 404 appellamus
470 348 557 389 vela
579 348 692 389 linea
714 349 755 388 in
773 353 808 371 20
829 359 1000 388 crucem
1030 351 1241 400 expansa.n
1275 343 1434 384 liluller
1453 343 1573 385 vide-

192 426 258 459 tur
278 418 426 471 puella
447 430 621 470 supparo
657 415 817 464 induta,
839 413 904 454 vel
935 412 1146 468 Afranius
1183 414 1272 454 ait:
1304 412 1459 453 Puella
1496 426 1575 451 uon

191 490 310 535 sum,⁰
326 498 502 538 supparo
524 484 557 524 sz'
577 484 727 525 induta
749 496 858 523 sum.

134 554 359 607 Supparus
378 558 394 582 P
416 552 719 593 vestimentum
741 550 982 604 puellarum
1005 549 1179 595 lineum,
1198 547 1316 601 quod
1338 551 1379 587 et
1396 547 1574 600 [PAUL.

191 621 408 661 subucula
428 620 491 669 (id
511 626 590 668 est,
608 616 813 671 camisia)
835 617 1008 658 dicitur.
1030 615 1264 657 Afranius:
1297 615 1456 656 Puella
1487 629 1575 656 non

188 701 298 737 sum,
321 700 513 741 supparo
533 686 570 726 si
591 686 738 727 induta
758 698 866 725 sum.

132 755 397 809 Suppernati
420 754 632 803 dicuntur,
653 753 815 807 quibus
835 752 996 792 femina
1017 756 1117 792 sunt
1138 751 1312 791 succisa
1333 751 1375 791 in
1396 750 1574 791 modum

191 824 414 863 suillarum
435 835 676 876 pernarum.
737 821 928 861 Ennius:
961 820 1050 860 His
1086 832 1241 873 pernas
1278 819 1463 860 succidit
1495 819 1575 859 ini-

190 903 276 943 qua
299 891 501 942 superbia
522 889 670 930 Poeni.

135 954 412 1011 supper-nam
433 955 639 1006 dicuntur,
661 954 803 1010 (sitibus
821 953 994 1009 femina
1014 959 1113 994 sunt
1144 954 1321 995 succisa
1342 952 1382 993 in
1411 952 1573 1003 [FES'IR.

744 1075 864 1087 ooooo

173 1153 214 1182 20
239 1151 323 1183 Ead.
342 1151 481 1190 ed.jam.

867 1073 986 1085 eeeeee

782 1238 921 1270 NOTAE

172 1319 186 1334 ¹¹
212 1315 302 1345 Nunc
323 1324 470 1355 supparos
494 1316 680 1356 appellamus
699 1316 765 1347 vela
787 1315 825 1346 li-

129 1375 184 1395 nea
210 1365 243 1395 in
272 1374 391 1396 crucem
417 1366 566 1406 expansa]
590 1367 825 1396 Velamentum

128 1417 163 1447 in
180 1415 281 1455 signis
306 1416 504 1447 militaribus
521 1417 613 1448 cruci
631 1416 826 1457 superposi-

129 1471 200 1497 tum
229 1476 406 1506 supparum,
433 1466 503 1496 sive
526 1467 674 1507 siparum,
699 1466 826 1500 vocari,

129 1521 260 1548 certum
278 1522 327 1547 est
344 1526 385 1547 ex
402 1517 460 1547 illo
481 1517 694 1557 Tertulliani,
708 1517 717 1533 ‘
731 1517 826 1557 Sipa-

129 1575 165 1596 ra
185 1566 243 1596 illa
266 1567 463 1597 vexillorum
489 1571 524 1597 et
548 1566 674 1598 candes
697 1566 827 1596 labaro-

127 1617 225 1653 rum‚'
252 1617 322 1659 (vel
348 1623 383 1648 et
415 1617 676 1658 Cantabrorum)
704 1618 824 1649 ‘stolae

127 1668 276 1699 crucium
298 1668 398 1698 sunt.'
442 1669 494 1699 Ex
518 1667 568 1698 his
595 1673 707 1699 autem
734 1669 826 1699 Festi

129 1718 241 1749 verbis
262 1718 390 1758 optime
409 1718 547 1758 collegit
564 1718 662 1748 Voss
688 1719 824 1748 Festum

129 1769 252 1799 vixisse
262 1768 323 1798 sub
335 1768 601 1807 Imperatoribus
614 1768 825 1807 Christianis,

128 1829 202 1850 cum
213 1820 283 1859 jam
302 1819 334 1848 in
351 1819 474 1848 honore
496 1819 537 1849 ab
561 1819 713 1849 omnibus
729 1828 826 1849 sacra

128 1879 209 1900 crux
227 1870 420 1900 haberetur.
446 1869 543 1900 Idem.

169 1925 184 1940 ⁰
208 1920 318 1950 Puella
345 1929 406 1949 non
443 1920 525 1959 sum]
563 1920 663 1950 Hunc
693 1918 826 1956 Afranii

127 1979 260 2000 versum
277 1979 319 1999 ex
337 1970 488 2009 Epistola
500 1969 547 2000 sic
558 1969 674 2000 laudat
692 1970 825 2001 Nonius

126 2020 160 2050 in
184 2030 264 2051 voce
290 2022 299 2037 ‘
317 2029 500 2059 supparum
518 2019 547 2051 :'
571 2021 580 2037 ‘
596 2020 698 2059 Tace,
715 2021 827 2060 puella

127 2080 192 2101 non
222 2080 306 2109 sum,
336 2079 483 2110 supparo
512 2070 538 2100 si
573 2069 693 2100 induta
729 2069 826 2102 sum.’

128 2121 235 2152 Quem
250 2130 384 2151 versum
398 2120 489 2150 Festi
506 2120 686 2150 sententiae
701 2129 825 2160 repug-

129 2179 208 2201 nare
225 2171 273 2201 ait
290 2170 427 2200 Vossius
445 2179 519 2199 cum
544 2179 586 2200 ex
603 2178 643 2200 eo
659 2178 825 2209 supparus

127 2220 283 2251 videatur
314 2220 424 2259 potius
450 2219 691 2250 vestimentum
719 2220 825 2251 virile.

125 2269 279 2310 Ideoque
311 2279 371 2309 per
405 2270 703 2310 interrogationem
734 2271 826 2309 legit.

129 2320 137 2335 ‘
149 2319 254 2359 Tace,
268 2321 380 2360 puella
397 2330 461 2350 uon
477 2330 562 2360 sum,
574 2330 720 2360 supparo
734 2321 760 2350 si
778 2322 825 2351 in-

128 2370 210 2399 duta
239 2370 338 2400 sum?
381 2370 555 2411 Additqne
586 2370 691 2400 videri
721 2370 826 2401 verba

127 2429 200 2449 esse
225 2419 372 2450 mulieris
393 2429 429 2450 se
455 2420 601 2460 puellam
626 2420 826 2451 simulantis.

128 2474 137 2488 ‘
154 2469 273 2508 Tace,’
290 2469 411 2510 inquit,
426 2470 436 2487 ‘
450 2480 491 2500 an
509 2480 560 2500 me
587 2480 662 2501 esse
680 2471 826 2510 puellam

127 2529 243 2558 negas,
266 2529 341 2549 eum
367 2529 419 2550 me
439 2529 586 2559 supparo
610 2520 760 2550 indutam
778 2521 827 2551 vi-

128 2567 240 2599 deas?
285 2568 351 2598 Sed
375 2567 505 2599 fallitur
527 2569 576 2599 vir
600 2569 826 2602 doctissimuS.

127 2618 230 2659 Apud
248 2618 423 2649 Afranium
443 2619 530 2649 enim
546 2619 645 2650 liomo
662 2620 826 2660 loquitur,

127 2669 198 2709 qui,
223 2668 311 2709 quod
340 2677 523 2707 supparum
548 2668 687 2699 indutus
717 2675 821 2705 esset,

127 2717 270 2759 ideoque
299 2717 340 2749 ab
362 2717 460 2749 obvio
485 2717 577 2759 quasi
595 2718 708 2758 puella
731 2729 822 2751 com-

877 1315 1148 1356 pellatiis‚Tace,
1160 1312 1279 1354 inquit,
1290 1321 1398 1353 neque
1411 1311 1497 1342 enim
1516 1322 1577 1352 pu-

876 1366 943 1396 ella
967 1376 1050 1406 sum,
1070 1365 1220 1406 quamvis
1237 1368 1364 1394 vestem
1392 1363 1576 1403 puellarem

876 1416 1006 1447 induta.
1052 1414 1151 1447 Quod
1169 1419 1203 1445 et
1219 1418 1313 1444 recte
1332 1413 1515 1444 advertisse
1530 1413 1579 1443 vi·

875 1466 940 1498 deo
956 1466 1095 1497 doctiss.
1110 1466 1294 1505 Cupernm.
1312 1464 1410 1494 Idem.

917 1521 933 1543 1¹
957 1515 1135 1557 Supparus]
1160 1514 1329 1546 Camisiam
1353 1514 1479 1544 dixisse
1497 1514 1578 1544 Fes-

876 1572 946 1598 tum
963 1576 1028 1597 non
1043 1567 1201 1602 arbitror,
1213 1572 1248 1596 ut
1263 1575 1325 1596 nec
1341 1565 1458 1595 minare
1469 1575 1479 1595 :
1495 1564 1577 1595 licet

876 1622 1020 1658 utroque
1050 1616 1155 1647 verbo
1186 1616 1314 1647 Paulus
1340 1620 1465 1645 utatur.
1498 1614 1577 1646 Ant.

875 1668 961 1705 Aug.

919 1715 1094 1756 Supparus]
1128 1715 1296 1745 Camisiam
1320 1718 1459 1754 usurpat
1487 1713 1575 1744 Pau-

876 1765 939 1804 lus,
969 1765 1107 1796 verbum
1131 1775 1199 1795 suae
1229 1765 1354 1803 aetatis,
1371 1773 1410 1794 ac
1440 1773 1573 1794 suorum

875 1816 1043 1846 hominum
1060 1815 1231 1855 elegantia
1247 1814 1394 1854 dignum.
1415 1814 1512 1844 Cama
1525 1818 1577 1843 est

876 1865 1056 1896 barbarum
1086 1865 1309 1896 vocabulum:
1346 1864 1378 1894 id
1407 1863 1576 1903 significat

874 1917 1001 1960 lectum:
1049 1915 1230 1955 Hodieque
1259 1914 1292 1944 in
1319 1914 1487 1945 idiotismo
1518 1922 1578 1944 suo

875 1966 1027 1997 retinent
1043 1965 1201 2004 Hispani.
1235 1966 1348 1995 Cumas
1363 1965 1452 1995 enim
1468 1965 1576 1995 lectos

875 2021 1010 2047 vocant.
1055 2015 1110 2046 Ab
1126 2025 1167 2046 eo
1185 2015 1331 2046 tunicam
1351 2015 1470 2045 lineam
1496 2024 1577 2045 noc-

875 2071 1009 2098 turnam
1028 2071 1192 2097 vocarunt
1215 2065 1396 2096 Camisiam.
1442 2064 1576 2095 Auctor

875 2117 1038 2156 Isidorus,
1054 2122 1088 2147 et
1106 2116 1178 2156 ipse
1195 2115 1293 2146 homo
1307 2115 1492 2155 Hispanus.
1506 2115 1578 2146 Jos.

876 2166 962 2197 Scal.
1537 2192 1539 2194 .

917 2222 932 2242 ‘¹
956 2214 1162 2257 Suppernutz']
1196 2215 1329 2245 Praeter
1353 2214 1451 2245 Pauli
1468 2215 1576 2255 epito-

875 2277 950 2298 men
969 2266 1140 2297 reserabat
1158 2266 1279 2296 Festus
1295 2265 1419 2296 Catulli
1439 2274 1574 2297 versum

876 2317 917 2348 ad
933 2318 1122 2353 Coloniam,
1133 2321 1169 2346 ut
1183 2316 1369 2345 Politianus
1382 2316 1458 2345 olim
1470 2317 1574 2345 anim-

876 2367 1038 2398 advertit.
1084 2365 1150 2396 Sed
1174 2366 1207 2395 iu
1228 2364 1357 2394 duobus
1386 2365 1511 2404 verbis,
1534 2370 1572 2396 ut

876 2419 1037 2455 arbitror,
1054 2417 1153 2447 aliter
1168 2415 1303 2456 scripsit
1324 2416 1454 2454 Festus,
1468 2421 1573 2457 atque

874 2468 976 2499 hodie
1012 2466 1140 2497 librarii
1166 2465 1267 2496 edere
1293 2465 1383 2495 soliti
1411 2470 1501 2503 sunt,
1534 2466 1574 2496 In

866 2518 957 2555 fossa
990 2516 1103 2555 Ligari
1125 2515 1212 2554 jacet
1247 2518 1433 2555 suppernata
1461 2516 1572 2545 securi.

878 2567 1036 2598 Politian.
1052 2569 1221 2605 expernata
1237 2565 1374 2595 maluit:
1398 2564 1485 2605 quod
1499 2565 1573 2595 Ma-

876 2618 980 2648 rullus
1012 2616 1139 2646 irrisit:
1175 2615 1230 2645 alii
1259 2618 1401 2654 separata
1432 2615 1576 2654 scripse.

876 2673 968 2698 runt.
1012 2666 1081 2697 Pro
1109 2665 1222 2704 Ligari
1248 2671 1360 2694 autem
1389 2663 1515 2702 Liguri,
1538 2669 1573 2695 et

876 2716 1003 2756 Ligeris
1033 2715 1088 2747 alii
1118 2716 1348 2746 immutarunt.
1395 2714 1466 2746 Nos
1493 2714 1574 2755 quid
