1876 3025
274 134 297 174 'Q

293 133 359 175 v22

724 141 869 172 sEX'rl
905 139 1103 170 POMPEH
1140 140 1274 170 FESTI

276 238 529 279 Ratumena
560 241 686 290 porta
717 249 743 277 a
774 235 946 276 nomine
977 234 1205 287 cujusdam
1237 235 1399 287 aurigae
1426 234 1489 275 sic
1540 234 1718 287 [PAUL.

334 305 577 359 appellata.

276 372 419 413 Ratus
440 386 552 421 sum,
586 371 802 424 significat
821 369 988 423 putavi,
1010 368 1111 409 item
1131 372 1265 419 ratus,
1288 371 1445 417 certus,
1467 371 1512 408 et
1529 367 1691 408 firmus.

276 439 424 480 Ratus
447 444 578 489 sum,¹³
609 437 830 490 siguificat
851 436 1019 490 putavi,
1051 436 1129 477 sed
1151 436 1317 489 alioqui
1340 448 1416 488 pro
1438 434 1507 475 fir-
1556 434 1720 487 [FEST.

280 533 286 541 ι
330 520 418 556 mo,
440 511 577 556 certo,
599 505 777 559 ponitur
796 510 930 553 ratus,
952 508 997 543 et
1016 507 1172 544 ratum.
1218 503 1413 543 Ennius:
1437 502 1721 551 Occiduntur,

329 575 405 616 ubi
421 580 452 603 ¹⁵
467 579 482 595 ⁰
512 574 674 627 potitur
693 577 811 612 ratus
835 570 1055 611 Romulus
1078 569 1270 623 praedam
1291 581 1302 607 :
1323 573 1367 610 et
1383 569 1534 610 Attius
1554 569 1600 609 in
1622 568 1720 608 Me-

330 643 535 695 nalippo:
561 641 718 693 Neque
733 644 873 680 ratum
889 640 970 687 est,
994 637 1113 691 quod
1136 637 1271 686 dicam,
1288 649 1432 691 neque
1448 649 1551 690 quae
1564 636 1721 689 agitas,

331 709 528 750 discendi
547 712 615 748 est
635 707 772 747 locus.

276 778 406 819 Rava
427 789 517 817 vox
538 787 685 825 rauca,
706 778 751 814 et
771 786 927 827 parum
948 771 1131 826 liquida,
1147 773 1347 826 proxime
1361 784 1517 813 canum
1537 771 1718 824 [PAUL.

328 845 537 885 latratum
559 854 744 884 sonans:
775 841 893 883 unde
921 841 1056 881 etiam
1088 840 1344 882 causidicus
1378 840 1634 894 pugnaciter
1656 839 1720 880 lo-

330 923 471 965 quens
490 910 658 950 rabula.

274 976 437 1018 Ravam
456 983 474 1008 ¹³
506 989 662 1019 vocem
695 974 912 1031 signficat,
939 974 1000 1015 ait
1035 971 1254 1025 Verrius‚¹⁶
1285 989 1465 1026 raucam,
1488 980 1526 1014 et
1556 973 1720 1027 [FEST.

328 1058 486 1099 parum
509 1043 722 1100 liquidam,
746 1043 931 1097 proxime
965 1057 1110 1083 cauum
1142 1042 1340 1084 latratum
1357 1046 1592 1092 sonantem,
1614 1040 1719 1081 unde

328 1113 451 1153 etiam
472 1111 695 1153 causidicus
710 1110 955 1166 pugnaciter
970 1111 1173 1165 loquens,
1188 1111 1335 1152 rabula
1352 1108 1656 1165 appellabatur,
1673 1114 1719 1148 ut

328 1187 383 1221 est
405 1180 517 1235 apud
537 1180 772 1221 Lucilium.

878 1276 996 1289 ‘eme

999 1276 1116 1288 eeeee

314 1348 352 1376 15
376 1345 464 1375 Vide
483 1344 563 1375 Not.
580 1343 727 1375 iun—16
750 1343 814 1374 Ed.
828 1344 1106 1385 Scal.significare
1121 1345 1167 1375 ait
1190 1344 1339 1375 Verrius:
1362 1347 1397 1374 et
1413 1351 1488 1373 mox
1506 1350 1568 1381 pro
1584 1340 1593 1357 ‘
1605 1348 1719 1372 sonan-

273 1386 365 1425 tem‚'
384 1393 391 1404 ‘
404 1398 496 1418 sonus
512 1386 645 1418 autem.'

692 1387 799 1418 Item:
826 1391 834 1403 ‘
846 1386 898 1417 ubi
914 1387 942 1417 si
958 1388 1033 1427 quid
1051 1397 1229 1427 poscamus
1243 1386 1369 1428 (quod)
1385 1386 1424 1416 ad
1439 1384 1539 1416 ravim
1559 1393 1718 1424 poscamus

269 1432 368 1470 prius,
385 1434 414 1462 et
429 1430 503 1461 alibi
519 1429 707 1470 expurgabo
722 1430 822 1461 hercle
838 1430 940 1461 omnia
955 1431 995 1461 ad
1008 1440 1135 1461 raucam
1150 1429 1279 1461 ravim.'

918 1527 1061 1560 NOTAE

269 1592 372 1633 duplo
388 1592 493 1633 major
508 1591 634 1633 factus,
652 1601 789 1632 regnum
804 1590 966 1623 Macedo-

269 1643 334 1673 niae
352 1643 479 1677 attulit.
525 1644 553 1673 E
569 1648 701 1682 contra,
719 1644 728 1660 ‘
744 1641 965 1673 Praenestiuae

269 1697 377 1723 sortes
416 1691 632 1731 extenuatae,’
665 1692 756 1732 apud
794 1692 867 1722 Liv.
903 1701 964 1731 pro

269 1742 357 1771 malo
374 1747 509 1772 ostento
528 1741 655 1774 habitae
674 1746 765 1772 sunt.
806 1741 879 1772 Liv.
904 1740 963 1772 lib.

271 1800 365 1822 xxii.
393 1794 423 1822 1.
450 1796 484 1822 et
507 1791 568 1824 lib.
596 1801 676 1830 xxt,
700 1794 753 1823 62.
797 1791 894 1822 Idem
922 1791 964 1822 de

266 1842 582 1882 somniisjudicium
599 1842 687 1882 apud
708 1847 841 1873 veteres
857 1842 964 1872 inter-

267 1897 394 1931 pretes.
433 1891 625 1922 Membrum
642 1891 780 1932 aliquod
797 1895 855 1922 aut
871 1890 963 1921 aliud

268 1940 500 1980 quodcumque
524 1949 586 1980 per
606 1939 756 1980 quietem
779 1939 879 1969 solito
897 1949 964 1969 ma-

262 1990 320 2029 jus
337 1995 374 2020 et
396 1990 526 2021 auctius
543 1990 648 2020 visum
673 1990 752 2020 laeta
773 1988 961 2028 signifieat:

268 2043 480 2070 contractum
497 2044 533 2070 et
552 2039 755 2070 emaciatum
779 2039 962 2069 contraria.

266 2089 394 2120 Eodem
410 2089 584 2129 pertinent
599 2094 729 2129 septem
747 2089 868 2128 opimae
886 2098 963 2119 vac-

267 2149 316 2171 cae
344 2144 380 2170 et
403 2144 535 2180 septem
564 2139 672 2169 macie
699 2138 847 2169 defectae
880 2148 962 2179 quas

266 2199 285 2221 e
306 2188 441 2221 flumine
462 2190 685 2220 ascendentes
708 2188 793 2219 vidit
818 2188 891 2218 Rex
908 2188 962 2218 AE-

266 2241 417 2280 gyptius.
461 2239 549 2270 Vide
564 2239 816 2270 Artemidorum
831 2242 866 2269 et
879 2238 961 2269 alios

264 2292 447 2332 scriptores
463 2291 736 2321 oneirocriticon.
770 2290 911 2322 Salmas.
927 2290 960 2320 in

267 2341 408 2372 exercit.
425 2340 515 2371 Plin.
538 2341 636 2371 Idem.
660 2380 663 2381 ⁷

308 2396 322 2411 ¹¹
346 2392 446 2423 Βαίας
470 2392 551 2432 sum]
584 2392 615 2422 A
640 2402 720 2430 reor,
737 2395 830 2432 puto,
847 2390 961 2422 existi-

263 2450 328 2472 mo.
372 2441 460 2472 Item
476 2445 575 2482 ratus,
591 2446 719 2481 certus,
735 2441 823 2472 unde
839 2440 963 2471 ratissi-

264 2501 326 2522 ma.
350 2491 438 2522 Vide
455 2501 570 2531 supra.
593 2492 694 2522 Idem.

306 2545 320 2560 ⁰
344 2542 546 2580 Occiduntur,
562 2541 629 2580 ubi]
663 2541 814 2582 Legebat
836 2541 959 2582 Scalig.

267 2591 460 2622 Occiduntur
482 2591 553 2631 ibet,
572 2592 691 2631 potitur
707 2590 790 2622 Γαΐα’
810 2591 960 2621 Romulus

263 2641 409 2678 praedam.
453 2641 519 2671 Sed
547 2641 663 2671 melius
688 2641 721 2670 in
746 2640 958 2680 fragmentis,

267 2698 339 2729 quae
368 2690 408 2720 ab
434 2690 513 2721 Gul.
541 2691 722 2722 Fornerio:
751 2691 955 2725 Occiduntur,

1019 1592 1087 1622 ibus
1098 1592 1217 1631 potitur
1228 1590 1310 1622 ratu'
1330 1588 1473 1620 Romutu'
1487 1587 1636 1628 praedam.
1659 1587 1719 1618 Se-

1020 1641 1212 1681 quebatur:
1238 1642 1246 1658 ‘
1263 1639 1434 1681 Dispertit
1437 1658 1708 1669 ......
1713 1637 1720 1649 ’

1020 1691 1119 1722 Idem.

1072 1746 1088 1766 P
1116 1740 1254 1780 Raram]
1289 1741 1412 1772 Festus
1446 1739 1512 1777 hic,
1549 1742 1585 1769 et
1616 1737 1719 1769 verbo

1019 1795 1027 1808 ‘
1042 1790 1186 1831 Ravini,’
1214 1791 1297 1822 duos
1326 1799 1442 1821 versus
1463 1789 1579 1820 Plauti
1599 1787 1720 1824 refert,

1018 1851 1101 1881 quos
1118 1842 1220 1872 etiam
1239 1841 1369 1872 Nonius
1383 1839 1507 1870 adfert.
1552 1837 1652 1869 Alter
1668 1843 1720 1868 est

1017 1890 1049 1920 iu
1069 1890 1182 1921 Aulul.
1208 1891 1297 1921 ‘Ubi
1315 1891 1342 1920 si
1367 1889 1446 1930 quid
1469 1897 1658 1928 poscamus,
1675 1887 1717 1918 ad

1018 1941 1123 1971 ravim
1138 1950 1314 1981 poscamus
1329 1939 1446 1980 prius.'
1480 1939 1579 1969 Alter
1596 1939 1627 1969 iu
1646 1938 1720 1969 Cis-

1017 1984 1169 2021 tellaria:
1191 1991 1200 2007 ‘
1219 1988 1426 2029 Expurgabo
1453 1987 1583 2018 Hercle
1608 1987 1720 2018 omnia

1017 2039 1060 2071 ad
1077 2049 1212 2070 raucam
1229 2039 1355 2069 ravim.'
1377 2037 1456 2068 Ant.
1472 2038 1559 2075 Aug.

1063 2089 1183 2120 Ravam
1197 2089 1313 2128 vocem]
1332 2088 1442 2118 Ravus
1457 2085 1591 2126 proprie
1604 2085 1645 2116 de
1663 2094 1717 2116 co-

1016 2140 1087 2170 lore
1106 2139 1243 2179 dicitur,
1271 2148 1369 2180 quem
1384 2147 1445 2168 nos
1462 2137 1559 2176 vulgo
1576 2136 1717 2167 dicimus

1016 2200 1095 2221 roux
1116 2191 1241 2229 ardent,
1257 2189 1350 2230 quasi
1364 2187 1512 2225 rabidus,
1525 2187 1717 2217 ravistellus

1017 2244 1052 2269 et
1063 2240 1321 2278 ravastellus,un
1331 2246 1487 2268 rousseau.
1503 2235 1588 2266 Inde
1600 2235 1640 2266 ad
1651 2236 1716 2266 alia

1016 2290 1143 2330 quaevis
1153 2299 1226 2330 quae
1238 2288 1325 2319 flava
1335 2293 1451 2318 essent
1464 2292 1498 2317 et
1507 2291 1640 2317 matura
1649 2291 1716 2317 tra-

1016 2340 1120 2370 ducta
1137 2344 1190 2370 est
1214 2349 1278 2369 vox
1303 2348 1406 2369 ravus.
1444 2336 1500 2367 Sic
1524 2336 1715 2367 ‘frumenta

1016 2389 1119 2429 rava‚’
1135 2389 1168 2420 id
1185 2393 1249 2426 est,
1265 2387 1362 2419 flava.
1401 2387 1487 2418 Inde
1501 2387 1602 2417 etiam
1617 2387 1714 2426 ravis,

1016 2445 1052 2471 et
1076 2450 1152 2471 rava
1175 2450 1246 2479 vox,
1272 2448 1336 2469 vox
1355 2447 1467 2472 rauca,
1490 2446 1564 2468 cuin
1581 2437 1714 2468 scilicet

1016 2489 1059 2520 ob
1076 2490 1212 2520 nimiam
1229 2488 1418 2519 siccitatem
1443 2496 1508 2517 vox
1533 2486 1713 2517 raucescit.

1015 2540 1100 2572 Quae
1127 2539 1181 2571 hic
1212 2538 1436 2569 laudabantur
1465 2546 1483 2567 e
1513 2536 1645 2567 Lucilio
1679 2535 1712 2565 in

1014 2590 1087 2630 ejus
1098 2588 1297 2630 fragmentis
1313 2587 1410 2619 hodie
1428 2585 1553 2618 frustra
1568 2593 1711 2627 quaeraS.

1013 2640 1094 2671 Dae.
