1876 3025
316 165 379 194 DE
413 161 686 193 VERBORUM

195 329 275 370 viri

196 409 297 437 cons

195 465 241 505 in
262 477 328 506 eo.

196 531 366 574 lictores

195 599 387 640 istimate

198 681 339 709 consu

200 747 272 776 cos
296 739 447 777 autem.
502 765 511 773 .

199 816 327 844 nemo

721 159 1131 192 SichFchTloNE
1168 160 1265 189 Llss.
1290 160 1396 189 le.

1505 148 1589 190 691

197 871 342 912 dicant
359 875 561 910 senatores
579 867 729 924 equites
757 864 870 907 Trib.
934 864 1098 905 AErarii
1118 864 1370 906 condemnat.
1409 893 1418 904 .

198 939 336 980 tribus
356 938 425 980 35.
455 938 655 993 qnojure,
677 949 756 991 quo
778 947 900 983 more,
924 947 1003 988 quo
1025 932 1201 986 exemplo

200 1007 254 1048 de
275 1007 421 1061 capite
443 1006 487 1048 ci

200 1080 352 1116 vetant
371 1074 442 1115 12.

201 1143 368 1185 ncficos
392 1142 546 1197 quinq.

203 1215 320 1262 nant,
342 1211 446 1265 quia
461 1210 549 1264 ipsi
569 1208 660 1250 ind.

805 1353 947 1387 NOTAE

149 1440 305 1475 sacratae,
323 1439 443 1466 vetant
460 1437 511 1466 12,
526 1433 665 1472 tabniae,
677 1432 768 1473 leges
782 1431 851 1472 pri-

148 1488 235 1519 vatis
253 1487 439 1518 hominibus
456 1485 610 1527 irrogari,
640 1484 672 1515 id
691 1489 744 1515 est
760 1483 850 1514 enim

150 1537 386 1579 privilegium!
431 1536 575 1578 Reliqua
596 1535 744 1576 veneficos
761 1534 852 1574 quin-

150 1599 205 1629 que
222 1592 251 1619 et
269 1589 406 1628 triginta
427 1587 540 1626 tribus,
563 1588 617 1627 ᾅτ.
642 1586 756 1618 nescio
773 1595 815 1616 an
833 1595 852 1616 a

151 1640 326 1671 Cicerone.
373 1640 480 1670 Porro
512 1638 555 1669 de
585 1637 751 1678 privilegio
783 1645 853 1667 mo-

151 1690 281 1721 nendus
298 1695 352 1721 est
379 1690 501 1728 lector,
527 1697 644 1719 vocem
662 1696 735 1718 eam
753 1686 854 1717 aliter

155 1751 174 1771 a
197 1740 362 1772 Cicerone
379 1745 414 1770 et
434 1740 506 1770 aliis
530 1738 681 1779 ejusdem
698 1736 772 1768 fere
789 1736 854 1767 aevi

152 1790 374 1829 scriptoribus
401 1793 610 1829 usurpatam,
633 1797 672 1818 ac
690 1787 731 1818 ab
747 1786 854 1819 Jnris-

154 1839 316 1871 consultis
338 1845 374 1871 et
401 1839 488 1879 aliis,
517 1839 573 1879 qni
597 1837 746 1878 Augusti
772 1842 855 1868 aeta-

156 1896 222 1921 tem
238 1890 347 1921 secuti
364 1894 455 1921 sunt.
501 1888 603 1920 Tullii
625 1888 713 1920 enim
732 1892 768 1919 et
783 1888 857 1919 Sal-

154 1943 246 1974 lustii
264 1952 335 1973 aevo
352 1941 553 1983 privilegium
568 1949 703 1981 semper
719 1939 785 1971 fuit
801 1940 856 1970 lex

154 1995 188 2025 in
213 1993 337 2034 privati
361 1993 501 2033 alicujus
526 1991 713 2032 perniciem
739 2000 857 2030 perro-

155 2049 244 2084 gata.
289 2043 400 2075 Cicer.
426 2052 481 2074 ιιι.
510 2042 553 2073 de
575 2041 681 2083 legib.
712 2040 778 2071 ‘Id
796 2040 853 2071 mi·

156 2093 310 2132 randum,
334 2094 479 2134 majores
509 2092 593 2123 adeo
620 2093 653 2123 in
682 2094 855 2131 posterum

157 2144 361 2186 providisse,
380 2144 413 2174 in
432 2143 578 2184 privatos
594 2142 746 2173 homines
763 2141 856 2180 leges

157 2195 240 2227 ferri
271 2195 464 2233 noluerunt,
496 2194 529 2224 id
560 2198 612 2224 est
638 2192 726 2224 enim
753 2190 857 2232 privi-

159 2247 295 2287 legium,
320 2255 387 2286 quo
412 2244 491 2285 qnid
523 2241 723 2284 injustius?'
760 2240 857 2272 Idem

160 2296 333 2338 paradoxo
359 2300 502 2338 quarto:
538 2291 860 2325 ‘Familiarissimus

160 2356 237 2380 tuus
255 2349 296 2379 de
314 2352 348 2379 te
374 2346 586 2388 privilegium
610 2343 700 2379 tulit,
725 2347 761 2374 ut
778 2342 806 2373 si
823 2347 861 2372 tu

161 2400 193 2431 in
217 2405 372 2440 opertum
403 2399 509 2430 Bonae
536 2398 618 2428 Deae
645 2393 862 2432 accessisses,

904 1429 1106 1463 exsulares)
1152 1430 1197 1461 Et
1224 1427 1302 1459 alibi
1326 1436 1429 1467 saepe.
1477 1424 1521 1455 At
1539 1424 1608 1455 Au-

905 1487 1005 1522 gusto
1023 1481 1227 1522 posteriores
1242 1476 1496 1512 Jurisconsulti‚
1511 1476 1609 1516 privi-

904 1533 1020 1572 legium
1036 1532 1067 1562 in
1094 1531 1215 1563 bonam
1243 1535 1376 1571 partem
1406 1537 1467 1568 pro
1484 1528 1558 1567 lege
1575 1527 1609 1557 in

906 1583 1032 1625 privati
1050 1583 1190 1623 alicujus
1206 1581 1348 1622 gratiam
1363 1578 1507 1620 perlata,
1523 1586 1609 1608 sem-

908 1643 970 1674 per
994 1638 1212 1673 usurparunt.
1259 1630 1384 1660 Paulus
1400 1628 1461 1659 lib.
1480 1636 1513 1658 v.
1536 1636 1611 1657 sen-

909 1690 995 1716 tent.
1024 1685 1078 1715 tit.
1103 1687 1155 1715 12.
1180 1681 1425 1721 ‘Privilegium
1452 1679 1541 1711 Fisci
1558 1684 1612 1709 est

909 1735 998 1766 inter
1009 1744 1125 1766 omnes
1138 1733 1326 1764 creditores
1344 1731 1488 1771 primum
1501 1731 1612 1761 locum

909 1784 1052 1816 tenere.'
1099 1782 1200 1814 Unde
1218 1786 1253 1812 et
1274 1781 1443 1821 privilegia
1468 1779 1539 1820 ejus
1555 1778 1612 1820 qui

906 1836 986 1876 jure
1024 1833 1180 1875 singulari
1213 1831 1351 1863 fruitur.
1398 1831 1474 1863 Quo
1512 1838 1614 1859 sensu

911 1886 1003 1917 Gaui
1035 1885 1156 1916 dicunt
1184 1882 1339 1924 privilege
1369 1886 1406 1913 et
1432 1879 1614 1921 privilegi&

909 1935 977 1968 Sed
1016 1935 1120 1966 nolim
1164 1943 1222 1964 eos
1267 1933 1445 1964 imitentur
1486 1931 1613 1962 tirones

910 1986 966 2028 qui
984 1985 1093 2017 Latini
1111 1983 1274 2015 sermonis
1297 1982 1493 2013 castitatem
1510 1980 1617 2011 ambi-

911 2041 984 2075 unt,
1005 2035 1107 2066 immo
1124 2034 1236 2075 potius
1254 2033 1453 2064 Ciceronem
1471 2035 1507 2062 et
1531 2031 1615 2061 alios

912 2085 1110 2118 Latinitatis
1142 2084 1314 2125 principes
1346 2083 1455 2114 secuti
1489 2082 1616 2122 privile-

908 2138 999 2177 gium
1027 2145 1161 2176 semper
1192 2135 1225 2165 in
1249 2134 1372 2165 malam
1400 2138 1531 2174 partem
1558 2142 1616 2173 po-

912 2192 1008 2226 nant,
1031 2192 1067 2217 et
1099 2195 1159 2227 pro
1183 2185 1360 2226 privilegio,
1385 2183 1555 2225 quomodo
1576 2192 1616 2212 eo

913 2247 1095 2279 perperam
1112 2241 1254 2267 utuntur
1268 2233 1526 2269 Jurisconsulti,
1541 2242 1617 2273 per-

914 2294 1017 2329 petuo
1034 2297 1133 2318 voces
1160 2285 1256 2327 ‘jus‚'
1281 2284 1472 2326 ‘gratiam,’
1504 2286 1512 2301 ‘
1532 2294 1617 2325 prze-

916 2338 1103 2381 rogativam
1117 2337 1125 2350 '
1141 2341 1316 2377 usurpent.
1346 2335 1442 2366 Idem.
