1876 3025
283 165 395 206 1000

726 175 872 206 SEXTl
915 176 1117 205 POMPEII
1156 177 1293 207 FES'I'I

339 284 417 313 rex
438 271 668 313 Gallorum
699 271 753 311 ad
790 271 982 324 pondera
1015 271 1183 325 adjecit
1215 272 1422 325 gladium,
1446 276 1488 313 et
1508 273 1634 324 dixit,
1657 274 1726 314 Ve

340 339 500 390 victis;
524 352 653 392 quem
675 342 834 391 postea
857 344 1116 391 persecutus
1140 339 1299 380 Furius
1318 339 1532 381 Camillus
1551 354 1650 381 curn
1666 342 1728 380 in-

340 406 465 446 sidiis
486 407 832 446 circumventum
855 406 1118 456 consideret,
1146 411 1190 447 et
1209 412 1460 461 quereretur
1480 412 1627 448 contra
1648 409 1727 449 soe-

340 475 424 514 dus
446 474 554 523 fieri,
576 473 731 514 eadem
752 487 860 514 voce
882 487 1176 515 remunerasse
1197 475 1367 516 dicitur.

283 541 353 582 Ve
374 542 501 583 vobis
522 541 745 582 dicebatur
770 542 826 582 ab
848 542 1053 595 antiquis,
1076 546 1119 583 et
1138 556 1191 584 ve
1212 543 1388 584 nobis.¹³

1551 543 1727 594 [PAUL.

282 608 478 649 Vecorst
505 613 574 649 est
594 609 753 648 turbati
776 622 828 649 ac
849 609 950 649 mali
973 609 1129 650 cordis.

282 675 584 716 Vecticularia
598 681 615 697 ¹¹
645 676 736 717 vita
756 676 915 717 dicitur
935 690 1098 728 eorum,
1118 678 1195 731 qui
1215 679 1418 719 vectibus
1439 690 1516 730 pa-
1563 677 1726 730 [FEST.

340 744 472 783 rietes
509 743 679 784 alienos
717 744 970 797 perfodiunt
1004 744 1176 785 furandi
1210 746 1362 798 gratia.

1423 744 1535 786 Cato
1553 757 1562 785 :
1595 745 1729 785 vecti-

340 810 551 852 culariam
582 811 715 852 vitam
747 811 909 861 vivere,
940 818 1116 866 repente
1146 813 1322 865 largiter
1350 812 1522 861 habere,
1554 816 1728 865 repente

338 878 461 918 nihil.

283 945 508 998 Vectigal,
545 959 607 987 aes
622 951 637 967 Χ
669 946 837 996 dicitur,
862 947 977 1000 quod
999 948 1054 987 ob
1076 948 1300 996 tributum,
1323 951 1367 989 et
1386 946 1662 1000 stipendium,
1683 952 1727 986 et

339 1018 559 1066 equestre,
581 1020 625 1054 et
647 1014 911 1054 ordinarium
932 1015 1095 1067 populo
1118 1015 1310 1056 debetur.

283 1079 544 1132 Vegrandey
574 1081 809 1134 significari
846 1081 922 1122 alii
959 1082 1080 1122 aiunt
1114 1082 1229 1123 male
1263 1082 1452 1135 grande3
1482 1086 1529 1123 ut
1559 1093 1725 1129 vecors,

896 1212 1017 1223 oeten

328 1288 365 1316 13
391 1286 468 1316 Vct.
485 1286 543 1318 lib.
559 1287 590 1317 ti
606 1287 692 1317 nobis
710 1287 762 1318 vcl
779 1288 808 1318 ri
826 1288 917 1318 robis.

1018 1211 1120 1223 ooooo

937 1387 1076 1418 NOTAE

324 1460 333 1476 ¹
361 1458 486 1498 Vecors]
508 1459 587 1490 Sine
612 1461 726 1499 corde,
753 1463 921 1502 particula
939 1472 978 1493 ve

281 1509 422 1539 minuit:
448 1509 534 1539 Vide
551 1509 641 1541 infra
654 1516 661 1528 ¹
680 1512 874 1551 vegrande?
909 1513 977 1544 Sed

280 1560 352 1590 liaec
369 1564 448 1590 sunt
464 1570 505 1590 ex
531 1561 690 1601 Epitome
713 1562 809 1593 Pauli
827 1569 862 1594 et
885 1564 979 1594 Festi

279 1609 382 1639 verba
396 1609 518 1640 omissa
535 1612 611 1651 quia
627 1612 722 1642 sicin
737 1613 888 1645 Sclredis.
918 1614 977 1645 Ve-

279 1670 346 1689 cors
367 1663 411 1689 est
435 1659 553 1691 turbati
568 1665 599 1691 et
621 1663 695 1692 mali
717 1664 827 1694 cordis.
875 1664 977 1694 Pacu·

279 1710 347 1740 vius
364 1710 395 1740 in
411 1733 418 1740 .
436 1732 443 1739 .
461 1732 468 1740 .
486 1711 589 1742 Iliona
606 1712 658 1751 qui
674 1714 768 1743 veloci
784 1714 976 1753 superstitio·

280 1770 318 1790 ne
333 1771 401 1790 cum
417 1761 539 1791 vecordi
554 1762 681 1801 conjuge
693 1767 722 1794 et
743 1764 860 1795 Novius
874 1766 905 1796 in
921 1788 929 1796 .
947 1787 955 1794 .
970 1787 977 1795 .

278 1814 401 1840 coactns
415 1811 637 1843 tristimoniam
660 1823 699 1843 ex
717 1814 818 1845 animo
833 1816 977 1847 deturbat

279 1865 309 1891 et
322 1861 504 1893 vecordium.
528 1862 636 1894 Idem.

318 1916 330 1930 ¹¹
347 1911 568 1952 Vecticnluriu]
579 1912 825 1945 Vecticularius
835 1919 886 1946 est
897 1925 976 1946 con-

279 1961 401 1992 vicium
434 1963 645 2005 Graecorum,
668 1966 871 2005 τοιχωρύχος.
908 1968 976 1998 Jos.

280 2013 364 2043 Scal.

326 2062 546 2102 Vecticularia]
584 2063 784 2095 Vecticularii
801 2065 855 2105 qui
876 2070 972 2096 vecte

278 2121 393 2142 muros
435 2112 568 2143 furandi
612 2115 723 2154 gratia
765 2115 972 2154 perfodiunt.

277 2162 494 2194 Per-fossores
523 2163 692 2202 parietum
723 2170 824 2196 vocat
856 2166 973 2198 Plaut.

277 2212 401 2243 Graece
418 2212 616 2254 τοιχωρύχοι.
648 2214 824 2256 Iidemqne
840 2216 972 2247 vectica-

276 2263 502 2302 lariamfucere
523 2265 695 2306 dicuntur,
711 2273 746 2298 et
764 2277 877 2298 eorum
900 2268 971 2299 vita

277 2314 486 2346 vecticularia.
503 2316 589 2347 Dae.

317 2369 333 2384 x
350 2365 499 2404 Vectigal,
513 2376 566 2404 oes,
580 2366 649 2406 Esou]
665 2367 822 2409 Vectigal
834 2369 970 2409 proprie

275 2416 364 2456 quod
392 2426 452 2456 pro
483 2417 675 2448 invectione
710 2419 761 2449 vel
792 2420 970 2450 evectione

274 2466 438 2497 mercium
463 2466 609 2498 debetur
626 2478 634 2498 ι
674 2469 733 2498 sed
765 2471 972 2509 generaliter

276 2515 444 2556 significat
460 2526 557 2547 omne
570 2527 610 2547 ex
624 2528 689 2558 quo
702 2518 805 2558 Resp.
826 2520 970 2550 reditum

275 2567 390 2603 habet,
415 2567 518 2598 veluti
546 2569 691 2608 vectigal
717 2576 845 2608 portus,
871 2571 971 2602 decu-

274 2626 416 2652 marum,
434 2618 613 2654 vicesimae,
639 2619 830 2659 scripturae,
851 2622 970 2652 salina-

275 2676 360 2704 rum,
378 2668 603 2702 metallorum,
620 2671 682 2699 «Sec.
720 2669 897 2701 Interdum
911 2672 970 2702 eti-

276 2726 327 2747 am
346 2718 445 2748 latius
463 2723 557 2759 patet
574 2728 612 2749 ac
629 2728 689 2759 pro
707 2719 836 2751 tributo
859 2730 898 2752 ac
914 2721 971 2752 sti·

1034 1463 1157 1504 pendio
1173 1463 1328 1503 sumitur,
1344 1462 1487 1503 ideoque
1506 1461 1650 1501 vectigal
1668 1461 1727 1492 sti-

1033 1513 1244 1553 pendiarium
1257 1512 1394 1551 dicitnr,
1405 1519 1439 1543 et
1451 1511 1634 1550 vectigales
1651 1520 1727 1550 pro-

1033 1563 1151 1594 vinciae
1164 1563 1278 1603 agrive
1291 1572 1350 1603 pro
1361 1561 1599 1602 stipendiariis.
1616 1561 1727 1592 Cicer.

1033 1622 1088 1644 111.
1112 1614 1145 1644 in
1168 1614 1248 1644 Ver.
1264 1618 1350 1644 sect.
1374 1616 1405 1643 6.
1430 1612 1546 1643 ‘Inter
1573 1611 1725 1642 Siciliam

1033 1670 1229 1705 ceterasque
1267 1663 1470 1704 provincias,
1507 1661 1655 1702 judices,
1693 1662 1726 1692 in

1033 1724 1188 1754 agrorum
1207 1714 1417 1754 vectigalium
1436 1713 1566 1743 ratione
1592 1712 1654 1742 hoc
1678 1712 1728 1742 in-

1033 1770 1150 1803 terest,
1176 1764 1266 1805 quod
1297 1764 1420 1795 ceteris
1448 1768 1506 1794 aut
1531 1762 1726 1802 impositum

1032 1816 1179 1856 vectigal
1195 1821 1247 1846 est
1273 1821 1416 1853 certum,
1437 1813 1525 1855 quod
1542 1812 1727 1853 stipendia·

1033 1866 1117 1897 rium
1145 1866 1283 1902 dicitur,
1304 1872 1340 1897 ut
1366 1865 1537 1905 Hispanis,
1556 1864 1727 1904 plerisque

1032 1916 1225 1954 Poenorum,
1249 1916 1342 1956 qnasi
1368 1915 1517 1946 victoriae
1540 1915 1726 1955 praemium,

1032 1975 1071 1996 ac
1090 1975 1187 2005 poeua
1205 1965 1306 2003 belli‚'
1321 1968 1384 1996 «Sec.
1409 1965 1506 1995 Idem.

1073 2020 1086 2041 Ν
1116 2015 1293 2054 Vegrande]
1318 2016 1369 2046 Ex
1395 2014 1508 2045 Plauti
1525 2012 1725 2048 clitellaria.

1028 2074 1095 2095 non
1113 2066 1315 2103 Cistellaria,
1327 2065 1422 2095 citari
1436 2064 1523 2094 hunc
1541 2072 1673 2093 versum
1692 2063 1725 2093 in

1027 2116 1272 2155 Conjectanei‘s
1290 2115 1479 2145 docuimus.
1501 2114 1570 2143 Jos.
1585 2114 1669 2143 Scul.

1075 2164 1252 2204 Vegrande]
1278 2165 1364 2195 Male
1389 2164 1522 2203 grande,
1552 2162 1619 2201 alii,
1646 2172 1720 2202 pur-

1027 2226 1120 2247 vum:
1150 2215 1349 2246 ridiculum!
1371 2215 1467 2254 qnasi
1492 2214 1570 2243 male
1591 2214 1724 2251 grande,

1026 2266 1116 2297 aliud
1142 2266 1186 2296 sit
1202 2275 1299 2306 quam
1326 2275 1467 2305 parvum.
1513 2264 1553 2295 In
1569 2265 1724 2303 vegrande

1027 2321 1140 2348 autem
1161 2316 1329 2356 particula
1345 2325 1380 2345 ve
1397 2325 1485 2345 nunc
1499 2314 1677 2351 minuit‚ut
1691 2314 1723 2344 in

1025 2372 1034 2385 ‘
1050 2367 1192 2407 vecors‚'
1216 2368 1225 2384 ‘
1238 2365 1405 2404 vesanus‚'
1429 2365 1439 2382 ‘
1454 2364 1630 2405 vegrandis
1649 2374 1723 2405 gra-

1027 2418 1112 2456 dus‚’
1124 2418 1133 2435 ‘
1147 2417 1316 2458 vegrande
1334 2417 1537 2447 frumentum
1554 2414 1576 2453 ;'
1593 2416 1602 2432 ‘
1618 2415 1721 2454 Vejo-

1026 2470 1075 2500 vis
1095 2469 1103 2482 '
1128 2468 1230 2499 Ovid.
1263 2477 1319 2498 111.
1352 2468 1442 2498 Fast.
1468 2467 1589 2497 ‘Nunc
1620 2474 1722 2495 vocor

1026 2521 1067 2551 ad
1100 2529 1222 2549 nomen
1240 2530 1245 2547 :
1280 2517 1460 2558 vegrandia
1490 2515 1581 2547 farra
1612 2515 1722 2546 coloni

1026 2572 1110 2602 Qum
1127 2569 1214 2599 male
1229 2573 1421 2602 creverunt,
1436 2576 1601 2606 vescaque
1618 2575 1721 2605 parva

1026 2624 1160 2650 vocant.
1209 2618 1268 2647 Vis
1286 2627 1325 2647 ea
1347 2617 1372 2647 si
1392 2616 1483 2647 verbi
1500 2621 1562 2654 est,
1580 2625 1638 2646 cur
1653 2624 1720 2645 non

1026 2678 1088 2708 ego
1108 2668 1244 2707 Vejovis
1259 2666 1366 2697 aedem
1385 2665 1501 2697 lisdem
1524 2675 1588 2695 non
1607 2663 1719 2703 magni

1027 2719 1180 2762 suspicer
1195 2727 1268 2750 esse
1280 2717 1406 2750 Jovis?
1438 2717 1537 2748 Nunc
1555 2719 1719 2757 auget‚11t
