1876 3025
287 150 346 179 DE
379 146 652 178 VERBORUM
687 143 1096 176 SIGNIFICATIONE
1131 144 1227 174 [ΑΒ.
1260 143 1368 174 XVI.

170 260 260 287 olla.
322 275 330 285 .

297 325 409 365 quus
430 311 566 364 gloria
582 317 639 351 et.

297 381 429 420 rictas
449 379 702 419 humanum.

1476 132 1561 175 735

169 447 424 501 compositum
461 461 485 485 (ι
508 444 648 501 fando
680 458 794 485 versa
830 458 854 484 α
876 444 1004 485 litera
1042 443 1084 483 in
1111 442 1168 493 V,
1192 449 1237 483 ut
1267 442 1361 483 icem
1383 443 1424 483 in
1447 442 1563 484 cludo

156 514 325 570 factum
347 521 419 563 est,
442 527 466 553 a
486 527 564 567 quo
584 512 817 554 recludere.

114 583 281 636 Regale
302 585 367 623 est
387 582 562 634 dignum
583 593 697 633 rege.

1386 578 1563 628 [PAUL.

948 660 1079 700 gnum
1102 646 1261 698 Reges
1396 645 1563 698 [FEST.

114 717 333 771 Regalia¹¹
374 723 482 758 exta
512 716 805 770 appellantur,
847 728 945 768 quae
986 715 1250 769 potentibus
1290 713 1564 766 insperatum

170 788 380 828 honorem
420 785 704 838 pollicentur3
750 784 935 836 privatis
976 789 1020 824 et
1053 780 1358 823 humilioribus
1399 780 1566 821 heredi-

169 858 308 905 tates;
339 853 430 893 filio
454 852 635 892 familiae
659 850 1027 891 dominationem.

117 919 289 974 Regia,i
310 920 482 970 domus,
504 919 581 960 ubi
602 932 684 960 rex
705 918 893 960 habitat.

115 994 145 1039 -Γ
261 1019 271 1029 .
389 1017 399 1027 .
520 1017 529 1026 .
648 1016 657 1024 .
773 985 920 1039 aliquo
941 985 1073 1038 regiae
1094 983 1169 1026 fe.k
1230 1012 1240 1021 .

1380 916 1563 969 [PAUL.

1361 1014 1369 1023 .
1400 983 1565 1034 [FEsT.

118 1056 347 1109 Reglescit
361 1052 416 1080 ¹⁶¹
437 1068 534 1096 cum
557 1053 671 1094 dixit
691 1051 892 1102 Plautus,
912 1052 1114 1107 significat
1144 1052 1297 1101 crescit,
1320 1051 1391 1092 hoc
1413 1064 1537 1093 versu
1556 1068 1567 1090 ε

172 1124 250 1165 vix
273 1137 492 1178 supersum
523 1120 666 1172 dolori,
686 1120 757 1176 qui
788 1119 927 1160 indies
957 1133 1034 1161 vae
1066 1120 1225 1162 misero
1246 1119 1368 1171 mihi,
1392 1132 1443 1161 ac
1468 1132 1566 1173 per-

715 1280 952 1293 NNNWO

159 1389 199 1418 16
218 1384 305 1417 Vide
324 1384 404 1417 Not.

768 1499 908 1532 NOTAE

116 1602 257 1634 Pacuvii
281 1601 496 1641 exemplum:
527 1604 561 1631 et
585 1599 674 1640 quod
698 1609 716 1629 α
740 1599 773 1629 in
793 1609 813 1630 u

118 1658 324 1691 verteretur,
337 1652 601 1683 ostendebatur:
615 1660 688 1681 cum
702 1660 720 1680 a
732 1650 813 1681 clau-

117 1705 167 1743 do,
202 1705 359 1734 recludere
396 1703 440 1733 sit
467 1702 700 1742 compositum.
746 1700 815 1731 Sed

117 1755 170 1784 liic
186 1765 205 1785 a
222 1754 366 1787 tollitur,
388 1762 455 1783 non
479 1757 653 1783 mutatur:
680 1752 732 1781 vei
748 1760 815 1781 non

118 1805 188 1835 sola
215 1808 366 1835 mutatur
396 1803 455 1834 sed
484 1812 523 1833 au
556 1802 588 1832 in
621 1812 641 1832 u
677 1802 814 1842 longum

118 1855 275 1885 vertitur.
298 1854 376 1885 Ant.
393 1855 476 1893 Aug.

162 1905 331 1945 Refutare]
357 1903 497 1935 Citabat
528 1903 720 1943 exemplum
748 1902 813 1933 Pa-

119 1955 206 1986 cuvii
223 1955 254 1985 iu
271 1954 468 1985 Hermiona.
514 1953 688 1989 Addebat,
702 1953 734 1983 in
752 1953 814 1984 Re-

110 2006 219 2044 fulare
234 2015 253 2036 α
275 2006 307 2036 in
327 2015 346 2035 u
363 2009 528 2035 mutatum
546 2015 552 2033 :
577 2004 707 2035 dictum
723 2004 812 2035 enim

118 2066 192 2087 esse
208 2055 355 2094 afando:
374 2055 516 2095 proinde
534 2065 572 2085 ac
588 2054 620 2084 in
637 2055 735 2088 cludo,
751 2065 769 2084 α
782 2054 814 2084 in

119 2117 138 2136 ιι
153 2110 316 2136 mutatum
334 2109 397 2137 est.
442 2105 509 2136 Sed
522 2104 588 2135 ista
602 2109 681 2134 sunt
695 2103 815 2134 Gram-

118 2157 252 2193 niatica,
268 2156 301 2187 id
323 2161 387 2191 est,
407 2156 534 2196 inepta.
564 2155 716 2185 Primum
733 2154 815 2184 obli-

119 2207 256 2238 viscitur
288 2207 431 2247 simplex
457 2216 531 2237 esse
571 2206 686 2236 Fntare
715 2214 817 2245 supra

118 2257 244 2288 dictum
276 2267 295 2288 a
329 2257 472 2288 Catone.
519 2255 651 2286 Deinde
682 2255 817 2294 ignorat

120 2315 193 2338 esse
210 2307 394 2338 deductum
411 2307 452 2337 ab
468 2307 556 2346 ollis,
570 2316 643 2346 quae
659 2315 734 2336 cum
751 2304 816 2336 fer-

119 2363 237 2388 ventes
262 2359 361 2398 paulo
385 2359 461 2398 plus
484 2358 685 2395 exuberant,
706 2357 818 2388 soient

119 2405 192 2437 suto
208 2417 286 2438 vase
313 2407 354 2438 ad
384 2407 447 2438 hoc
471 2411 552 2447 apio
577 2408 712 2437 inversa
729 2416 816 2447 aqua

120 2458 308 2497 compesci:
325 2458 413 2499 quod
428 2457 682 2495 diciturfutare,
697 2462 730 2487 et
743 2466 814 2487 con-

111 2509 223 2546 futare
244 2508 344 2539 ollam.
387 2508 536 2539 Titinius
565 2507 704 2539 Setina:
730 2507 815 2538 ‘Co-

121 2568 203 2599 quos
227 2558 381 2597 ahenum,
404 2559 536 2599 quando
563 2558 678 2597 fervit,
703 2558 818 2598 panna

122 2608 277 2640 confutat
294 2608 390 2640 trua!
414 2610 467 2639 De
482 2610 556 2646 suto
578 2619 646 2640 vase
663 2615 697 2639 et
715 2618 817 2648 snpra

123 2660 279 2695 diximus,
297 2663 332 2689 et
349 2659 456 2688 Vari-0
474 2660 637 2694 meminit,
654 2664 688 2690 et
702 2668 760 2689 nos
777 2659 818 2690 ad

123 2710 308 2741 Varronem
324 2707 475 2748 quaedam
491 2709 579 2740 olim.
604 2708 674 2740 JoS.
692 2708 775 2739 Scia.

912 1605 927 1626 g
973 1620 981 1629 .
1027 1621 1036 1630 .
1081 1621 1088 1629 .
1132 1608 1230 1638 gnum
1248 1595 1337 1636 rege]
1377 1597 1481 1637 Lege,
1507 1596 1572 1627 Rea

865 1650 938 1688 gale
961 1649 1007 1679 ait
1039 1648 1168 1679 Verrius
1194 1648 1322 1686 dignum
1346 1655 1430 1685 rege.
1476 1645 1572 1677 Nihil

869 1699 1012 1739 amplius
1030 1699 1139 1729 deest.
1163 1699 1246 1728 Dae.

911 1748 926 1769 ¹¹
951 1748 1101 1787 Regalia]
1125 1749 1356 1787 Quaecumque
1373 1746 1462 1776 enim
1478 1746 1573 1776 lucu-³

869 1800 962 1831 lenta
979 1805 1014 1831 et
1030 1800 1110 1831 laeta
1126 1804 1252 1839 essent,
1266 1799 1387 1838 regalia
1399 1797 1574 1830 dicebant.

871 1850 967 1882 Idem.

914 1900 921 1921 i
938 1901 1057 1941 Regia]
1075 1900 1116 1931 Τὸ
1133 1898 1308 1935 βασίλειον.
1331 1897 1443 1929 Urbes
1456 1898 1573 1935 etiarn,

869 1951 926 1982 ubi
944 1952 1030 1981 aulae
1049 1960 1178 1990 regum,
1193 1950 1291 1980 dictae
1309 1948 1427 1987 regioe:
1442 1952 1480 1979 ut
1504 1948 1573 1978 Pli-

870 2002 945 2033 nius
963 2006 995 2032 et
1012 2001 1107 2031 Mela
1124 1999 1286 2041 oppidum
1310 1998 1367 2031 Jol
1384 1998 1393 2016 ‘
1406 1998 1506 2031 Jubae
1522 2008 1573 2029 re-

870 2053 957 2092 giam
971 2050 979 2063 ’
997 2055 1132 2082 vocant.
1157 2048 1258 2081 Idem.

913 2099 928 2121 k
952 2124 961 2133 .
1009 2123 1017 2132 .
1063 2124 1071 2132 .
1119 2123 1126 2132 .
1160 2101 1262 2140 aliquo
1279 2099 1375 2139 regioe
1385 2099 1452 2141 fe.]
1480 2098 1575 2131 Odo-

870 2157 964 2182 ratns
986 2161 1059 2182 sum
1075 2152 1139 2182 hoc
1157 2150 1386 2190 fragmentum
1403 2150 1574 2180 divulsum

872 2212 946 2233 esse
964 2212 1006 2233 ex
1024 2201 1152 2242 capite,
1172 2201 1181 2217 ‘
1196 2200 1313 2240 Regiae
1334 2198 1453 2234 feriae:
1475 2199 1573 2239 cnjus

871 2253 990 2284 ultima
1004 2252 1109 2283 verba
1125 2251 1212 2281 male
1229 2250 1284 2282 hic
1301 2249 1485 2281 haeserunt.
1508 2250 1574 2280 Lo-

872 2314 946 2335 cum
968 2303 1022 2334 adi
1041 2301 1141 2332 infra.
1164 2301 1261 2332 Idem.

915 2354 923 2375 ¹
946 2353 1116 2393 Reglescit,
1141 2352 1212 2393 δῖα]
1246 2349 1389 2383 Scribe:
1416 2350 1574 2390 Reglescit

870 2417 938 2437 cum
954 2405 1039 2437 dixit
1053 2405 1199 2445 Plautus,
1215 2402 1375 2443 significat
1391 2403 1524 2440 Crescit,
1539 2402 1573 2431 in

861 2457 922 2487 illo
951 2465 1060 2487 versu.-
1091 2455 1184 2485 Nihil
1212 2456 1370 2493 superest:
1400 2462 1437 2483 ve
1464 2453 1574 2483 misero

869 2506 970 2538 mihi!
984 2518 1019 2538 ac
1034 2506 1291 2546 reglescitdolor:
1301 2505 1382 2536 unde
1393 2504 1487 2535 etiam
1502 2503 1575 2533 Gli-

871 2568 933 2597 res,
946 2559 1000 2597 &a
1042 2557 1200 2597 Reglescit
1216 2565 1310 2597 ergo,
1328 2565 1389 2596 pro
1408 2554 1573 2594 Reglz'scz't.

872 2607 945 2640 JOS.
960 2608 1048 2638 Scal.

921 2656 1092 2696 Reglescit]
1108 2657 1176 2689 Pro
1191 2655 1344 2696 reglescit.
1372 2653 1458 2686 Vide
1472 2653 1480 2669 ‘
1494 2653 1574 2693 gissa

876 2707 943 2738 cit.’
970 2708 1048 2739 Duc.
