1876 3025
246 164 332 206 656
693 175 843 205 SEXTI
878 176 1082 206 POMPE11
1117 176 1254 208 Fsss'rt

247 270 539 323 progenerum
553 275 578 291 ¹¹¹
597 270 797 324 appellat
816 283 924 311 avus
944 272 1087 324 neptis
1109 285 1201 313 suae
1223 271 1381 312 virum.

250 336 530 392 Progenerum
550 336 731 391 appellat
751 351 851 378 avus
872 338 1001 392 neptis
1021 353 1101 379 szcae
1120 339 1267 380 virum.
1527 338 1694 392 [FEST.

250 403 483 459 Profcmum
500 410 517 426 ¹¹
539 404 647 459 qnod
664 419 742 445 non.
757 412 814 446 est
821 405 980 461 faulam
997 405 1232 460 appellatur
1253 422 1264 446 :
1287 404 1485 456 Plautus,
1507 404 1696 458 Sacrum,

304 487 358 513 cm
371 471 598 528 prcffamtm
620 471 765 513 habeas
779 473 905 527 parvi
911 472 1096 526 pendito.
1161 473 1310 515 Livius
1334 474 1391 513 in.

553 539 724 593 publici.
1233 540 1344 581 οὐρα.

247 606 484 648 Prohibere
519 608 729 649 coinitia⁰
760 608 919 649 dicitur
939 609 1093 648 vitiare
1116 608 1233 649 diem
1265 609 1432 658 morbo,
1452 609 1530 663 qui
1565 609 1694 662 vulgo

303 675 477 728 quidem
499 675 650 729 major,
683 681 872 716 ceterum
904 676 961 716 ob
993 675 1039 715 id
1059 676 1209 728 ipsum
1231 677 1473 718 comitialis
1495 678 1696 731 appella-

303 747 383 783 tnr.
444 743 553 784 Cato
577 743 620 782 in
640 743 850 792 oratione,
871 756 1001 796 quam
1032 744 1213 798 scripsit
1239 745 1294 785 de
1317 745 1553 798 sacrilegio
1575 758 1695 786 com-

301 811 460 851 misso:
499 810 628 850 Domi
659 823 758 850 eum
800 810 1118 864 auspicamus,p
1162 812 1373 853 honorem
1413 827 1481 854 me
1522 813 1643 854 dium
1663 813 1693 836 ¹⁸

298 878 607 919 immortalium
630 878 758 919 velim
780 878 1013 918 habuisse:
1046 879 1173 928 servi,
1206 880 1394 929 aneillae,
1419 881 1456 920 si
1489 881 1587 933 quis
1620 893 1694 921 eo-

301 959 392 986 rum
425 947 506 986 sub
541 951 726 987 centone
757 947 940 1000 crepuit,
977 946 1093 1000 quod
1128 960 1207 1000 ego
1241 960 1327 988 non
1360 948 1495 997 sensi,
1525 947 1692 988 nullum

299 1013 405 1053 mihi
428 1014 580 1054 vitium
611 1014 731 1055 facit.
791 1014 914 1055 Sieui
944 1014 1110 1055 ibidem
1143 1028 1272 1057 servo
1295 1020 1374 1056 aut
1399 1015 1575 1056 ancillae
1598 1015 1695 1056 dor·

299 1082 447 1123 inienti
470 1083 627 1132 evenit,
650 1081 770 1135 quod
788 1082 969 1123 comitia
989 1083 1212 1136 prohibere
1229 1083 1357 1134 solet,
1379 1096 1434 1123 ne
1451 1083 1491 1123 is
1513 1082 1691 1137 quidem

298 1149 402 1189 mihi
425 1151 577 1191 vitium
598 1150 714 1192 facit.

242 1216 419 1258 Prolato
435 1224 451 1246 ‘¹
473 1231 557 1259 aere
579 1219 731 1268 astitit,
757 1218 927 1259 Ennius
966 1220 1011 1260 in
1034 1218 1205 1261 Achille
1229 1219 1471 1262 Aristarchi
1493 1232 1593 1260 cum
1615 1218 1692 1269 ait,

299 1285 515 1338 significat
536 1287 692 1340 clypeo
714 1294 810 1328 ante
829 1300 876 1327 se
898 1292 1118 1340 protento.

848 1418 1082 1430 eeeeeeeeeeee

286 1496 324 1523 18
349 1493 432 1525 Ead.
450 1494 504 1524 ed.
520 1495 664 1526 medium.
709 1494 771 1525 Vir
785 1494 876 1526 doct.
891 1495 924 1526 in
941 1505 1044 1536 marg.
1061 1496 1212 1537 ejusdem
1228 1495 1280 1526 etl.
1297 1496 1384 1536 conj.
1403 1504 1449 1526 me
1467 1495 1565 1525 deum.

897 1613 1036 1646 NOTAE

278 1692 303 1709 Ὢ]
329 1687 556 1728 Progenerum]
581 1688 706 1719 ‘Socer
732 1697 871 1726 magnus
889 1688 937 1718 (li-

239 1737 328 1767 citur
345 1737 456 1767 uxoris
474 1746 555 1768 meae
573 1747 666 1776 avus,
683 1747 745 1778 ego
764 1739 851 1768 illins
865 1748 936 1769 sum

239 1785 432 1826 progener.¹
477 1787 689 1818 Modestinus
731 1787 788 1818 lib.
814 1797 865 1818 iv.
890 1789 935 1819 D.

215 1864 218 1867 .
240 1836 281 1866 de
300 1835 391 1875 grad.
409 1841 443 1866 et
461 1836 561 1868 adfin.
583 1839 681 1869 Idem.

282 1891 296 1905 υ
324 1885 510 1925 proflatam]
550 1887 634 1917 Haec
660 1898 718 1918 sno
743 1889 818 1919 loco
846 1894 937 1920 mota

240 1940 329 1965 suut.
354 1936 440 1965 Vide
461 1937 469 1952 ‘
485 1936 686 1975 profanum)
718 1938 758 1968 In
777 1938 842 1969 fine
861 1945 938 1978 post

238 1985 352 2025 publici
376 1986 503 2017 addunt
530 1987 684 2018 schedae:
721 1989 876 2019 Pacuvius
906 1990 937 2019 in

241 2037 383 2066 Perc'boea
402 2057 579 2068 .........
598 2038 676 2068 Inde
690 2039 937 2079 profanationem

240 2086 302 2116 (lici
316 2087 358 2116 ait
380 2086 518 2117 Verrius.
546 2088 651 2119 Inlem.

282 2141 295 2155 ⁰
318 2136 487 2167 Prohibere
502 2138 642 2178 comitia]
661 2139 804 2169 Comitia
823 2140 936 2170 multis

241 2196 283 2216 ex
301 2187 406 2217 causis
421 2191 478 2217 aut
491 2188 637 2218 ineunda
653 2188 862 2224 vetabantur,
879 2194 937 2220 aut

240 2235 323 2266 inita
344 2236 575 2275 solvebantur,
599 2243 657 2268 ant
693 2238 810 2269 liabita
839 2239 936 2269 vitia-

240 2286 363 2317 bantnr
392 2291 427 2317 et
448 2287 574 2318 fiebant
601 2289 708 2320 irrita.
752 2290 868 2320 Veluti
894 2300 936 2320 ex

242 2338 401 2367 comitiali
428 2338 493 2368 ritu
511 2339 562 2369 vel
585 2340 707 2370 omisso
736 2341 788 2370 vel
816 2350 936 2380 perpe-

249 2397 318 2417 ram
336 2387 450 2418 obito:
475 2398 516 2418 ex
539 2390 754 2428 magistratus
783 2391 825 2421 (le
851 2392 936 2421 eoelo

243 2439 406 2468 servantis
423 2439 597 2477 spectione
617 2440 686 2470 sive
704 2441 934 2480 inspectione:

243 2497 286 2517 ex
318 2488 534 2519 nunciatione
571 2490 640 2520 sive
674 2490 936 2521 obnnnciatione

240 2538 459 2576 magistratus
483 2540 538 2579 qni
573 2539 614 2570 de
654 2541 739 2571 coelo
770 2546 935 2572 servarat.

245 2589 416 2618 l·1x()n1ine
434 2588 589 2620 infausto.
637 2591 688 2620 Ex
711 2590 858 2631 fulgure,
874 2590 936 2620 ful-

243 2638 345 2675 mine,
362 2639 500 2669 tonitru.
548 2640 596 2669 Ex
621 2639 736 2670 morbo
759 2650 867 2680 sacro,
881 2649 936 2671 ca-

247 2688 346 2727 duco,
361 2690 415 2728 qni
432 2694 465 2720 et
482 2689 558 2720 ideo
573 2691 736 2721 comitialis
747 2691 857 2721 dictus
872 2696 934 2722 est.

245 2737 290 2768 Et
307 2747 346 2767 ex
365 2734 449 2779 aliisJ
466 2749 539 2780 quae
569 2740 599 2770 in
628 2741 774 2771 historiis
793 2741 934 2781 diligens

989 1690 1098 1721 lector
1115 1690 1306 1721 annotabit.
1332 1690 1431 1720 Idem.

1032 1745 1047 1765 Ρ
1072 1741 1168 1771 Domi
1182 1751 1251 1771 cnm
1276 1738 1484 1780 auspicamus]
1522 1737 1581 1769 Ait
1601 1739 1687 1770 Cato

989 1799 1064 1830 quae
1090 1790 1338 1831 auspicantium
1361 1793 1396 1820 et
1426 1788 1687 1819 sacrificantium

990 1840 1190 1879 religionem
1217 1845 1252 1871 et
1269 1840 1381 1870 omina
1410 1839 1546 1869 turbare
1575 1839 1686 1870 solent

989 1894 1024 1920 et
1052 1890 1231 1929 impedire,
1261 1899 1312 1927 ea,
1334 1889 1398 1919 nisi
1424 1898 1442 1918 a
1473 1887 1686 1919 sacrificante

991 1939 1043 1969 vel
1086 1939 1287 1979 auspicante
1331 1938 1456 1968 fuerint
1498 1938 1687 1977 intellecta,

989 1988 1115 2019 nullum
1140 1989 1257 2019 vitium
1275 1987 1402 2025 facere,
1426 1988 1543 2026 veluti,
1564 1988 1589 2017 si
1614 1989 1687 2028 quis

989 2047 1105 2068 servus
1124 2042 1182 2068 aut
1203 2038 1327 2068 ancilla
1355 2037 1416 2068 snb
1440 2042 1586 2068 centone
1616 2047 1689 2068 cre·

991 2088 1074 2127 pult,
1091 2087 1123 2118 id
1142 2092 1203 2127 est,
1220 2088 1280 2119 sub
1296 2087 1471 2128 stragulis:
1498 2088 1550 2118 vel
1568 2087 1594 2118 si
1612 2088 1687 2128 quis

990 2148 1106 2169 servus
1136 2139 1188 2169 vel
1219 2138 1341 2168 ancilla
1372 2138 1541 2168 dormiens
1571 2138 1687 2169 inorbo

989 2189 1151 2219 comitiali
1184 2193 1362 2228 correptus
1389 2187 1506 2219 fuerit.
1551 2188 1591 2219 In
1619 2188 1686 2219 fine

989 2238 1113 2279 legitur
1122 2239 1236 2279 etiam,
1250 2240 1301 2269 Ne
1312 2240 1344 2269 id
1355 2239 1477 2279 quidem
1489 2239 1565 2270 milti
1576 2239 1688 2270 vitium

979 2289 1065 2327 facit
1078 2300 1088 2320 .-
1111 2290 1199 2330 qnod
1216 2290 1319 2330 magis
1335 2291 1457 2330 placet.
1501 2290 1612 2329 Supra
1626 2299 1686 2330 pro

989 2340 1073 2370 dium
1103 2340 1240 2380 qnidam
1270 2341 1383 2371 Deum.
1429 2340 1495 2371 Sed
1518 2340 1599 2370 nihil
1627 2350 1684 2370 ne-

989 2399 1094 2421 eesse.
1120 2391 1216 2421 [clem.

1029 2445 1043 2466 (ἐ
1069 2439 1213 2479 Ρι·οιαιο]
1245 2439 1393 2471 Achilles
1408 2439 1595 2470 Aristarchi
1614 2440 1683 2470 dic-

988 2493 1041 2520 tus
1061 2491 1102 2520 ad
1119 2481 1344 2520 differentiam
1363 2489 1500 2521 Achillis
1526 2490 1684 2530 AEschyli.

988 2540 1101 2581 Hujus
1126 2539 1313 2570 Aristarchi
1341 2540 1472 2579 Tragici
1500 2541 1683 2571 meminere

988 2590 1186 2625 Athenaeus,
1206 2590 1340 2627 Snidas,
1364 2590 1518 2620 Stobaeus·
1535 2589 1684 2620 secundo

989 2640 1220 2680 physicorum.
1246 2639 1385 2670 Achillis
1402 2640 1589 2671 Aristarchi
1603 2641 1685 2670 Tra—

987 2690 1107 2731 goediae
1125 2690 1227 2720 habes
1246 2691 1451 2721 mentionem
1474 2691 1563 2731 apud
1583 2691 1683 2720 Plau—

989 2747 1070 2772 tum.
1101 2740 1270 2771 Isidorus:
1289 2743 1297 2759 ‘
1311 2741 1509 2781 Tragoedias
1525 2740 1596 2771 fere
1615 2751 1682 2770 υιιι-
