1876 3025
267 141 354 183 698

327 245 572 299 praecincta
605 247 786 289 volabit.

709 149 858 182 SEXTI
893 152 1094 183 POMPEI!
1130 156 1267 187 FESTI

849 248 899 289 In
921 249 1181 293 duodecimo
1215 253 1428 307 quidemn
1459 267 1555 298 cum
1587 258 1716 301 litera

326 313 365 354 E
385 313 570 355 ultima⁸
603 315 823 366 scribitur,
845 316 1051 370 idemque
1073 319 1302 371 significat.

274 379 450 424 Quando
470 396 539 422 rex
554 387 569 404 ⁰
600 383 829 424 comitiavit
834 381 913 438 fas
930 399 941 422 :
962 383 1017 424 sic
1039 392 1225 426 notatam
1246 401 1326 429 esse
1346 388 1450 430 diem
1472 391 1512 431 in
1523 390 1656 447 fastis
1674 393 1715 433 in

873 510 992 523 oooooo

314 615 334 643 8
359 610 422 644 Ed.
435 610 523 645 Scal.
539 622 608 644 cum
627 613 653 643 C
668 612 760 644 litera
775 612 897 643 ultima.

995 511 1112 524 eeeeee

922 729 1065 762 NOTAE

312 809 328 825 ss
351 803 390 835 In
414 805 590 837 duodecimo
621 805 760 847 quidem]
792 806 891 839 Qnod
923 807 971 838 ait

270 855 390 886 Festus
419 856 561 887 Ennium
579 859 611 888 in
638 861 688 889 12.
712 858 824 889 annal.
850 859 971 899 quande

271 907 388 937 ultima
410 908 509 939 litera
527 909 555 939 E
574 910 734 949 posuisse,
756 919 817 950 pro
839 910 969 950 quando,

270 956 304 986 id
322 957 354 987 in
378 957 507 989 incerto
525 963 589 997 est,
606 970 681 991 cum
708 960 848 1001 perierit
875 961 969 990 locus

270 1007 330 1038 ille
353 1007 441 1039 unde
466 1009 528 1042 hoc
554 1011 675 1042 Festus
701 1010 856 1043 adduxit.
900 1010 969 1042 Ubi

272 1063 402 1090 tantum
427 1059 564 1101 legitur,
581 1062 705 1102 quande
710 1084 844 1094 .......
855 1072 969 1103 quam-

271 1109 314 1140 de
343 1119 404 1150 pro
422 1121 520 1152 quam
549 1111 707 1145 fortasse.
752 1114 894 1144 Certum
922 1118 970 1143 ta-

271 1170 347 1191 men
371 1166 422 1192 est
445 1161 568 1194 dixisse
586 1164 730 1194 Veteres
758 1165 878 1205 quande
909 1172 970 1204 pro

271 1213 405 1252 quando,
431 1217 469 1244 ut
496 1213 670 1246 ‘numere'
702 1224 761 1256 pro
786 1213 970 1245 ‘numer0.'

270 1262 370 1294 Idem.

313 1318 327 1333 ⁰
340 1314 471 1349 Quando
485 1314 557 1355 rex]
573 1315 631 1346 Bis
642 1320 779 1347 notatur
789 1316 842 1347 liic
857 1315 927 1346 dies
941 1315 973 1346 in

271 1363 369 1396 fastis
381 1369 412 1396 9.
428 1366 505 1397 Kal.
519 1366 602 1406 Apr.
619 1371 654 1397 et
665 1369 696 1398 9.
709 1366 790 1398 Kal.
802 1367 880 1399 Jun.
892 1367 973 1397 licet

273 1415 419 1447 Ovidius
440 1426 555 1447 mense
582 1417 707 1448 Martio
733 1418 824 1448 illum
846 1427 974 1459 ponere

272 1465 378 1497 fuerit
403 1467 552 1507 oblitus;
577 1467 618 1499 de
645 1469 707 1500 lroc
739 1479 831 1509 vero,
855 1469 913 1500 lib.
940 1478 974 1499 v.

274 1518 454 1549 Fastorum
469 1519 516 1550 ita
528 1520 706 1560 scripserit
718 1520 745 1551 :‘
759 1521 915 1553 Quatuor
927 1520 975 1551 in-

272 1569 316 1600 de
328 1570 416 1600 notis
430 1570 521 1601 locus
533 1575 584 1601 est
594 1582 602 1610 ;
614 1571 734 1612 quibus
745 1571 863 1602 ordine
875 1571 974 1602 lectis

272 1620 337 1651 Vel
364 1630 434 1651 mos
460 1631 643 1658 sacrorum,
667 1623 719 1653 vel
756 1621 837 1663 fuga
868 1622 974 1662 Regis

273 1670 385 1702 inest.'
432 1673 482 1703 Ex
510 1673 629 1714 quibus
658 1674 768 1705 verbis
799 1674 975 1714 ignorasse

272 1722 421 1759 videtur,
439 1723 518 1764 quid
548 1730 693 1765 quatuor
707 1725 758 1756 lrae
776 1730 865 1756 notae
882 1733 916 1758 Q.
938 1733 974 1756 R.

273 1783 349 1805 c.1··.
372 1774 617 1815 significarent.
643 1776 727 1807 Cum
743 1781 854 1807 tamen
865 1776 975 1806 Varro

272 1824 332 1855 lib.
349 1834 382 1856 v.
405 1826 447 1857 de
468 1827 565 1866 Ling.
583 1827 654 1858 Lat.
670 1828 756 1867 haec,
773 1833 808 1858 et
824 1827 890 1857 alia
906 1836 975 1857 om-

273 1874 340 1910 nia,
356 1884 432 1916 qua>
449 1876 480 1906 in
493 1875 590 1907 fastis
615 1883 726 1916 erant,
751 1877 856 1908 fuerit
873 1878 976 1908 inter-

275 1931 442 1966 pretatus.
492 1927 562 1957 Nos
593 1936 673 1958 vero
700 1927 778 1967 qnid
806 1927 898 1958 Festi
926 1927 977 1957 di-

274 1975 406 2006 midiati
433 1976 592 2007 versiculi
618 1977 821 2017 significent,
847 1977 978 2018 ignora·

275 2034 362 2056 mus.
383 2026 464 2057 Ant.
481 2027 566 2065 Aug.

321 2076 453 2112 Quando
469 2087 526 2107 rex
536 2077 801 2118 comitiavit‚fas]
818 2078 910 2108 Puto
926 2080 977 2107 to-

276 2130 346 2157 tum
371 2126 432 2157 lioc
449 2127 538 2157 notis
565 2128 666 2158 scribi
690 2127 830 2167 debere,
856 2126 977 2167 quibus

276 2177 308 2207 in
328 2177 445 2207 Fastis.
467 2185 501 2210 Q.
528 2186 616 2208 Rex.
639 2187 671 2209 c.
694 2187 725 2209 F.
750 2182 784 2208 et
809 2176 898 2219 quod
925 2186 977 2207 se-

277 2227 404 2269 quitur.
422 2237 457 2262 Q.
477 2237 530 2259 ετ.
549 2238 583 2260 1).
604 2238 633 2260 ι’.
660 2230 733 2261 Ful.
751 2229 861 2261 Ursin.

323 2280 456 2314 Quando
472 2280 558 2320 Rex]
586 2281 626 2311 In
643 2280 693 2311 his
710 2280 897 2321 deploratis
922 2289 975 2310 ru-

278 2329 415 2360 deribus
433 2334 562 2361 tantum
580 2331 838 2371 deprehendere
863 2340 978 2371 possu-

279 2390 364 2417 mus,
380 2380 477 2420 liujus
492 2382 571 2417 diei,
589 2383 645 2423 qui
664 2383 696 2412 in
713 2381 813 2413 fastis
826 2386 977 2419 notatur,

282 2440 318 2465 Q.
347 2440 433 2462 Rex.
459 2441 490 2463 e.
516 2441 589 2472 PAS,
615 2434 818 2463 anteriorem
846 2436 978 2472 partem

279 2481 374 2513 nefas
402 2493 486 2523 esse,
513 2485 736 2523 posteriorem
762 2484 824 2514 fas.
877 2482 978 2516 Quod

281 2539 375 2566 recte
406 2535 515 2565 Varro
541 2535 648 2566 dixit:
684 2535 746 2566 ‘ad
774 2536 805 2566 id
833 2540 980 2575 tempus,

280 2585 378 2616 nefas
393 2585 413 2617 :'
458 2585 651 2626 significans
685 2586 905 2620 anteriorem,
945 2590 981 2615 et

280 2636 345 2667 ‘ab
384 2646 425 2667 eo
460 2635 549 2667 fasz’
589 2641 711 2667 notans
745 2636 981 2676 posteriorem.

281 2687 367 2717 Dies
391 2686 543 2718 nefastus
578 2686 691 2726 priore
727 2687 781 2717 vel
812 2685 981 2717 anteriore

283 2742 380 2777 parte
410 2736 594 2769 notabatur
622 2746 681 2769 NP.
707 2737 759 2769 vel
787 2745 868 2768 NEP.
903 2734 980 2766 vide

1023 817 1125 848 supra
1149 807 1158 825 ⁴
1171 807 1328 840 Nefasti:
1374 808 1570 841 Notabatur
1601 812 1635 840 et
1665 816 1723 842 NF.

1024 867 1083 890 PR.
1126 859 1214 900 quod
1256 858 1392 901 quidam
1438 860 1722 900 interpretantur,

1025 908 1156 941 ‘Nefas
1180 910 1351 951 praetori?
1373 910 1463 952 quod
1489 919 1552 950 ego
1578 920 1644 941 non
1670 920 1722 941 se-

1023 969 1117 1001 quar.
1164 959 1311 992 Additur
1333 961 1366 992 in
1383 960 1471 992 fine:
1496 962 1505 978 ‘
1518 960 1621 1002 siquis
1637 960 1721 991 alius

1026 1020 1088 1050 pro
1104 1011 1198 1052 Rege
1212 1011 1302 1043 dicat
1318 1011 1359 1043 ad
1375 1012 1618 1052 comitia,puta
1634 1011 1723 1042 Pon-

1026 1060 1124 1100 tifex,
1142 1068 1209 1093 tam
1228 1063 1254 1094 is
1271 1062 1366 1094 dies.’
1380 1086 1387 1094 .
1405 1086 1413 1094 .
1425 1086 1433 1094 .
1449 1086 1457 1094 .
1469 1067 1581 1093 utrum
1600 1061 1724 1093 intelli-

1025 1118 1084 1152 gat
1102 1113 1166 1144 Fas
1188 1123 1230 1144 an
1248 1113 1369 1147 Nefas,
1391 1114 1518 1144 nescio.
1565 1113 1674 1144 Porro
1692 1112 1724 1143 in

1025 1162 1136 1194 Fastis
1153 1164 1360 1198 marmoreis,
1377 1164 1433 1205 qui
1451 1167 1572 1195 extant
1595 1163 1724 1201 Romae,

1026 1211 1162 1244 invenio
1196 1213 1245 1244 bis
1282 1218 1437 1244 notatum
1463 1214 1552 1244 hunc
1578 1212 1668 1244 diem
1692 1215 1724 1243 9.

1025 1263 1104 1294 Kal.
1122 1263 1232 1305 April.
1246 1264 1327 1295 item
1343 1264 1575 1296 9.Kal.Jnnii.
1601 1264 1726 1302 Nemo,

1025 1313 1113 1354 quod
1125 1315 1240 1349 sciam,
1255 1315 1451 1355 explicavit,
1464 1315 1537 1356 quis
1550 1319 1641 1345 esset
1655 1323 1725 1345 mos

1026 1363 1124 1403 hujus
1139 1363 1218 1399 diei.
1235 1365 1290 1405 qui
1314 1365 1409 1403 ritus,
1425 1374 1501 1405 quae
1526 1364 1726 1405 antiquitas.

1024 1413 1208 1445 Sciendum
1229 1414 1314 1455 Regi
1332 1424 1504 1446 sacrorum
1530 1423 1641 1455 neque
1659 1424 1725 1444 ma-

1026 1465 1208 1505 gistratum
1239 1475 1370 1505 gerere,
1401 1474 1512 1505 neque
1546 1465 1650 1495 verba
1681 1464 1724 1495 ad

1026 1516 1186 1556 populum
1206 1515 1330 1547 habere
1348 1515 1398 1546 fas
1423 1515 1546 1546 fnisse:
1573 1520 1728 1556 propter-

1026 1577 1067 1597 ea
1092 1567 1125 1597 in
1151 1566 1324 1598 comitium
1351 1567 1400 1598 ire
1421 1567 1469 1597 illi
1501 1576 1566 1597 non
1590 1566 1729 1601 licebat.

1025 1617 1089 1648 nisi
1106 1617 1170 1648 hoc
1185 1617 1255 1656 die,
1272 1617 1327 1658 qni
1341 1622 1480 1648 notatus
1492 1621 1543 1648 est
1559 1616 1592 1647 in
1609 1615 1726 1648 rastis:

1023 1668 1095 1699 ibat
1111 1668 1199 1699 enim
1225 1668 1257 1698 in
1282 1669 1457 1699 comitium
1474 1667 1631 1698 sacrificii
1649 1676 1726 1698 cau-

1027 1728 1076 1754 sa,
1093 1729 1159 1760 quo
1175 1723 1400 1759 properanter
1417 1723 1550 1759 patrato
1574 1717 1728 1758 protinus

1027 1769 1110 1809 fuga
1123 1779 1158 1800 se
1181 1780 1201 1800 e
1225 1769 1362 1800 comitio
1384 1768 1566 1808 eripiebat.
1592 1768 1728 1800 Plutar-

1028 1821 1128 1852 chus:
1154 1819 1221 1851 ἔστι
1236 1820 1315 1859 γοῦν
1329 1818 1378 1852 τὶς
1388 1821 1419 1850 ἐν
1434 1820 1538 1860 ἀγορᾷ
1552 1819 1641 1851 θυσία
1654 1819 1729 1859 πρὸς

1027 1872 1072 1911 τῷ
1093 1870 1253 1911 λεγομένῳ
1271 1870 1397 1909 κομιτίῳ
1412 1870 1550 1911 πάτριος,
1570 1870 1607 1907 ἣν
1635 1870 1729 1901 θύσας

1028 1922 1045 1951 ὁ
1069 1920 1219 1956 βασιλεὺς
1248 1921 1330 1952 κατὰ
1354 1920 1455 1960 τάχος
1476 1921 1580 1952 ἄπεισι
1606 1920 1730 1961 φεύγων

1029 1972 1061 2010 ἐξ
1075 1971 1201 2011 ἀγορᾶς.
1249 1971 1377 2002 Varro:
1401 1973 1410 1988 ⁴
1427 1971 1519 2009 Dies,
1545 1971 1601 2011 qui
1634 1980 1732 2002 voca-

1030 2027 1086 2053 tur
1102 2022 1164 2057 sic,
1179 2021 1323 2054 Quando
1343 2021 1418 2052 Rex
1436 2021 1639 2056 comitiavit,
1655 2020 1726 2052 fas:

1029 2072 1142 2103 dictus
1160 2071 1203 2103 ab
1219 2081 1272 2111 eo,
1296 2071 1383 2112 qnod
1400 2082 1441 2102 eo
1458 2071 1513 2102 die
1533 2072 1605 2102 Rex
1628 2071 1731 2102 sacri-

1029 2122 1149 2154 ficulus
1166 2122 1259 2153 dicat
1276 2122 1317 2153 ad
1329 2122 1524 2153 comitium.¹
1550 2122 1582 2152 Si
1598 2121 1730 2153 adocto

1032 2173 1102 2203 viro
1119 2181 1280 2213 quaerani,
1294 2171 1373 2212 qnid
1388 2171 1432 2202 sit
1458 2172 1467 2187 ‘
1482 2171 1596 2202 dicere
1615 2171 1657 2202 ad
1675 2182 1731 2203 co-

1030 2221 1187 2260 mitinm,'
1204 2231 1283 2252 sane
1301 2230 1367 2252 non
1393 2228 1555 2261 agnoscet
1571 2222 1730 2253 Latinum

1030 2274 1093 2304 lioc
1107 2282 1210 2313 genus
1223 2272 1400 2312 loquendi:
1420 2278 1455 2302 et
1469 2270 1623 2312 profecto
1638 2272 1731 2313 inep-

1031 2330 1102 2355 tum
1133 2328 1193 2354 est.
1249 2322 1443 2362 Legendum
1474 2323 1575 2357 enim,
1602 2324 1662 2353 icat
1693 2324 1732 2353 ud

1031 2374 1199 2405 comitium.
1233 2373 1289 2403 Ita
1306 2372 1454 2412 loquitur
1471 2372 1563 2411 alibi,
1585 2373 1731 2404 ‘milites

1034 2425 1210 2465 appellant
1244 2424 1408 2460 latrones,
1435 2421 1524 2462 qnod
1557 2423 1657 2460 itent,
1682 2424 1732 2454 uti

1033 2476 1168 2513 milites,
1185 2483 1260 2504 cum
1279 2472 1393 2503 ferro!
1437 2473 1551 2504 Quare
1564 2473 1607 2503 ob
1623 2473 1655 2503 id
1673 2473 1732 2503 alii

1035 2526 1136 2556 aliter
1153 2529 1262 2557 notas,
1275 2533 1350 2563 qum
1365 2522 1564 2563 legebantur
1576 2523 1607 2553 in
1623 2522 1731 2557 fastis,

1035 2574 1374 2615 interpretabantur:
1394 2582 1429 2607 Q.
1447 2582 1482 2604 R.
1498 2582 1528 2604 c.
1548 2582 1578 2604 F.
1591 2573 1600 2589 ‘
1616 2574 1731 2606 Quan-

1035 2626 1078 2657 do
1104 2626 1179 2656 Rex
1205 2623 1344 2655 comitio
1369 2622 1478 2662 fugit?
1522 2623 1621 2655 Quod
1649 2623 1731 2654 Ovi·

1035 2677 1109 2707 dius
1127 2673 1306 2706 manifesto
1322 2683 1382 2703 nos
1400 2673 1522 2704 docet:
1558 2676 1567 2690 ‘
1581 2675 1734 2706 Qnatnor

1035 2727 1113 2760 inde
1130 2726 1218 2758 notis
1245 2725 1339 2756 locus
1365 2729 1440 2756 est:
1465 2722 1587 2765 quibus
1612 2724 1729 2756 ordine
