1876 3025
269 141 379 183 1216

266 249 299 280 in
317 249 380 280 hac
400 247 565 280 comoedia
591 257 700 279 scenae
724 247 957 279 desideraren-

267 303 333 337 tur,
350 303 428 330 actu
445 299 545 329 tertio
568 297 766 338 praesertim‚
785 299 841 338 qni
859 308 957 329 unam

266 349 432 379 duntaxat
446 348 561 379 habet.
605 347 673 378 Sed
699 347 740 377 ad
758 356 826 378 rem
844 359 851 377 :
888 348 958 379 Du-

266 398 353 429 bitat
369 399 472 439 igitur
493 398 681 437 Choragus,
699 402 810 428 utrum
833 398 957 438 parasi-

267 454 337 480 tum
359 449 459 484 hunc,
484 448 537 479 cui
563 453 675 478 vestes
707 457 783 478 snas
812 458 958 479 commo-

265 499 376 535 darat,
396 498 633 538 holophantam
656 497 780 538 potius,
797 508 839 528 an
862 508 958 538 syco-

265 551 422 590 phantam
453 549 566 580 dicere
592 548 727 581 debeat.
774 549 860 579 Nam
887 549 959 581 sive

264 600 307 631 ad
323 600 473 632 habitum
490 600 562 640 ejus
576 600 746 631 nauticum
760 600 959 641 respiceret,

265 650 506 681 transmarinus
538 649 671 690 quidam
708 659 775 680 non
812 650 958 681 urbanus

263 700 426 740 impostor
452 699 654 739 apparebat,
685 699 756 730 sive
777 699 886 740 ipsum
904 701 960 730 ho-

263 750 387 782 minem
425 751 729 790 contemplaretur,
761 750 841 781 nihil
869 750 959 781 aliud

264 811 363 841 quam
391 811 604 841 permagnum
621 802 840 837 ardelionem,
859 806 894 832 et
916 801 958 832 ad

263 851 447 883 fallendum
472 856 574 892 atque
602 851 872 882 calumniandum
900 861 957 891 ap·

265 902 441 938 tissimum,
456 902 679 942 cotnperibat.
723 902 799 933 Jam
818 902 958 942 parasiti

263 953 359 984 mnlti
377 953 477 983 etiam
498 952 716 992 sycophantae
743 952 820 982 olim
847 958 956 992 erant,

263 1003 289 1033 si
313 1002 391 1043 qnid
414 1002 477 1033 hoc
500 1012 557 1032 nos
573 1002 687 1042 juvat.
734 1002 819 1033 Haec
838 1002 959 1033 Guliel-

262 1062 329 1083 mus
357 1053 509 1083 Cunterus
534 1053 693 1082 Novarum
715 1051 878 1083 lectionum
906 1052 958 1084 lib.

263 1112 312 1134 ιν.
327 1113 394 1143 cap.
414 1105 463 1133 10.

306 1151 522 1193 Holophanta]
556 1152 788 1192 Holophantam
804 1151 959 1183 credide-

262 1203 322 1233 rim
340 1202 442 1233 fnisse
459 1212 523 1232 non
541 1212 614 1232 enm
636 1202 691 1243 qui
711 1202 754 1232 ob
777 1201 859 1232 fiens
875 1202 958 1232 dun-

264 1258 359 1283 taxat
377 1252 574 1282 calnmniam
594 1250 736 1290 faceret,
754 1251 813 1282 sed
832 1251 874 1282 ob
890 1261 958 1282 om·

261 1303 320 1333 nia
334 1302 481 1333 homines
502 1300 674 1331 deferret:
701 1301 759 1331 sed
778 1311 853 1332 cum
869 1301 959 1342 apud

264 1352 401 1382 Latinos
419 1352 593 1382 immutata
603 1352 647 1381 sit
661 1352 880 1391 sycophantae
894 1351 958 1391 sig-

262 1401 424 1441 nificatio,
434 1400 529 1442 (nam
544 1401 753 1440 sycophanta
763 1401 893 1431 Graecis
906 1405 960 1431 est

261 1452 494 1490 calumniator,
504 1450 633 1480 Latinis
645 1456 696 1480 est
709 1449 900 1491 impostor,)
911 1450 959 1481 sic

262 1509 297 1534 et
313 1503 494 1543 holophunta
511 1502 542 1531 in
560 1501 648 1531 omni
661 1510 696 1531 re
713 1501 888 1541 impostor,
905 1502 957 1532 vel

263 1553 319 1594 (ut
345 1553 392 1583 ait
424 1553 515 1582 Fest.
546 1551 604 1581 lib.
637 1550 738 1591 vui.)
767 1551 822 1592 qni
848 1552 960 1582 onmia

262 1605 436 1636 mentitur.
480 1603 642 1642 Suspicor
682 1603 785 1641 igitur
822 1603 959 1633 codices

262 1657 406 1687 Latinos
423 1653 576 1685 falsarios
601 1662 689 1692 esse,
715 1653 768 1693 qni
794 1653 959 1693 holoplzau-

261 1711 326 1737 tum
343 1715 403 1745 pro
420 1705 604 1744 ΙιοίιψΙιιιητιι
616 1704 775 1734 exhibent
791 1715 799 1734 :
819 1706 960 1734 nonnul-

263 1758 285 1787 li
302 1757 402 1787 etiam
417 1755 630 1795 halopantam:
648 1764 711 1794 ego
724 1760 834 1785 tannen
852 1755 961 1785 credi-

262 1807 368 1837 deiiin
381 1805 519 1836 verbum
538 1805 723 1835 imitatione
741 1805 959 1845 sycophanta:

262 1858 403 1895 factum,
420 1861 453 1886 et
471 1855 870 1895 amplificatione,utnon
889 1856 961 1886 nni·

264 1918 301 1938 ns
329 1907 377 1938 rei
403 1906 529 1937 delatio
555 1906 587 1936 in
622 1916 663 1937 eo
689 1906 791 1937 verbo
825 1912 958 1938 notare-

829 2067 970 2114 LlB.

306 2184 394 2214 PAG.
423 2187 497 2214 313.
538 2184 626 2223 Ignis
657 2184 771 2224 Vestae]
810 2184 956 2215 Tabulam

255 2234 363 2271 felicis
399 2234 563 2265 materioe:
590 2235 825 2274 corrigendum
864 2235 957 2265 illnm

263 2286 373 2316 locum
391 2291 492 2326 puto:
515 2286 626 2326 quibus
647 2296 710 2316 mos
725 2290 792 2317 erat
807 2286 956 2316 clabulam

254 2335 362 2373 felicis
377 2337 515 2367 muterioe
530 2336 649 2366 tamdiu
672 2339 791 2366 terere.-
816 2345 889 2365 nam
908 2341 957 2366 at-

263 2387 386 2417 teritur
408 2387 531 2425 lignum
556 2387 658 2425 ligno,
675 2386 751 2416 inde
768 2386 955 2417 excudatur

263 2436 361 2475 ignis.
379 2436 458 2477 qnid
481 2437 524 2467 sit
542 2437 661 2467 clabum
677 2437 731 2467 vel
748 2437 874 2474 clabolu,
891 2445 955 2466 non

262 2485 431 2525 ignorant,
449 2486 503 2525 qui
521 2492 675 2516 auctores
694 2486 741 2516 rei
760 2486 892 2515 rusticae
910 2486 956 2515 le-

263 2540 403 2575 gerunt:
442 2541 494 2565 est
519 2541 630 2566 autent
654 2535 784 2567 Graecis
801 2534 958 2566 σκύταλον

264 2586 498 2625 ὑποκοριστικῶς
524 2596 541 2616 a
565 2587 670 2616 clava.
715 2587 799 2616 Cato
824 2586 956 2615 Mateo-

264 2635 328 2665 lani
360 2641 481 2666 vocat:
516 2641 651 2675 poterat
676 2642 710 2667 et
738 2637 802 2675 legi
827 2637 956 2666 taleam:

266 2685 324 2715 ‚sed
356 2686 447 2725 prior
477 2686 668 2717 emendatio
699 2686 859 2717 mutanda
892 2696 956 2717 non

721 152 863 184 NOTAE
897 154 1162 184 VARIORUM
1195 154 1247 185 IN

1013 252 1080 288 tur,
1095 248 1154 279 sed
1171 247 1318 279 omnium
1331 248 1533 281 insimulatio
1551 249 1701 282 contine-

1012 304 1127 329 retur:
1153 299 1210 340 qni
1226 303 1336 330 autem
1361 299 1524 340 halopanta
1550 300 1701 332 scribunt

1012 348 1078 379 levi
1090 349 1245 379 nituntur
1258 349 1471 389 conjectura;
1487 350 1576 390 quod
1593 351 1702 381 omnia

1012 398 1234 429 mentientem
1259 398 1441 439 Pompeius
1464 399 1624 439 explicet,
1640 409 1701 439 ego

1011 447 1091 478 illud
1104 448 1206 479 omnia
1220 448 1329 480 inesse
1341 449 1373 479 in
1387 449 1590 490 holophanta
1603 448 1679 480 dico
1693 459 1703 486 ς

1012 503 1048 529 et
1063 508 1138 529 cnm
1156 499 1300 531 Plautus
1321 499 1440 530 scribit
1463 500 1497 531 in
1519 501 1619 531 Cnrc.
1646 499 1702 531 Sc.

1007 549 1150 590 AEdepol
1163 561 1170 579 :
1185 550 1195 566 ‘
1206 554 1402 590 nugatorem
1412 551 1647 591 holophantam
1661 561 1702 582 an

1008 600 1251 640 sycophantam
1277 600 1363 631 hunc
1390 601 1495 641 magis
1519 601 1629 632 dicam
1645 611 1703 632 ne-

1008 649 1103 689 scio,'
1127 650 1285 681 vicinitas
1307 651 1491 690 nominum,
1509 656 1544 682 et
1568 653 1640 683 soni
1656 653 1702 683 al-

1009 697 1106 733 lusio,
1132 704 1167 730 et
1191 709 1307 730 sensus
1333 699 1564 741 amplificatio,
1592 701 1635 732 ab
1662 711 1703 732 ea

1008 758 1107 790 quam
1138 749 1261 789 scripsi
1295 749 1473 780 literatura
1501 754 1594 781 stant
1629 750 1702 781 sine

1008 799 1261 831 controversia:
1294 799 1396 840 siquis
1419 805 1532 831 tamen
1554 801 1703 841 pertina-

1007 850 1078 880 cius
1118 854 1293 890 repugnet,
1330 849 1486 890 equidem
1523 851 1554 881 ei
1593 852 1703 891 potins

1008 909 1134 931 morem
1151 909 1383 941 geram,quan1
1398 906 1515 931 contra
1531 901 1702 932 tendendo

1007 951 1173 993 hominem
1200 951 1241 982 ad
1264 951 1423 982 insaniam
1450 952 1594 992 adigam.
1628 953 1703 983 Tur-

1007 1001 1100 1032 nebus
1116 1002 1168 1032 lz'b.
1186 1010 1238 1032 Χῖ.
1254 1012 1320 1041 cap.
1336 1005 1367 1033 5.

1051 1051 1142 1082 PAG.
1170 1054 1244 1082 300.
1281 1052 1441 1092 Haruiga]
1478 1052 1702 1083 Scribendum

1009 1105 1102 1141 puto,
1120 1101 1256 1140 Aringa.
1294 1103 1506 1143 Hesychius:
1530 1102 1636 1143 ἅριχα,
1651 1103 1703 1142 ἄῤ-

1007 1152 1059 1192 ῥεν
1072 1152 1240 1191 πρόβατον.
1257 1162 1332 1193 quae
1354 1153 1522 1194 scriptura
1538 1163 1703 1194 reponen-

1009 1203 1052 1233 da
1067 1203 1101 1233 in
1118 1203 1271 1233 Varrone
1296 1208 1330 1234 et
1351 1204 1494 1239 Donato,
1517 1204 1604 1244 apud
1621 1214 1702 1245 quos

1008 1253 1181 1293 mendose,
1194 1254 1307 1293 aruiga
1324 1259 1359 1286 et
1372 1255 1503 1294 harugu.
1551 1255 1703 1295 Scaliger

1009 1303 1041 1333 in
1059 1309 1213 1343 quartum
1235 1303 1393 1335 Varronis
1410 1307 1461 1335 25.

1053 1353 1217 1392 Haruiga]
1249 1354 1295 1385 Ut
1310 1354 1426 1385 Velius
1446 1355 1580 1395 Longus
1604 1359 1638 1385 et
1659 1364 1701 1386 ex

1009 1404 1111 1434 Festo
1126 1404 1174 1434 Pa
1182 1404 1268 1444 ulus,
1285 1405 1355 1435 sive
1370 1405 1503 1444 haruga,
1519 1406 1701 1436 secundum

1010 1455 1182 1484 Donatum
1198 1454 1229 1484 in
1251 1454 1386 1484 Phorm.
1401 1455 1538 1486 Terent.
1556 1455 1635 1487 Act.
1652 1465 1700 1487 ιν.

1008 1503 1062 1534 Sc.
1080 1506 1111 1534 4.
1128 1504 1310 1535 Brissonius
1325 1506 1362 1535 de
1371 1505 1518 1543 for-mulis
1534 1505 1587 1536 lib.
1605 1514 1630 1537 1.

1052 1553 1143 1584 Pac.
1162 1556 1235 1584 306.
1258 1554 1469 1595 Hippagz'nes]
1494 1555 1578 1590 Quas
1597 1557 1706 1587 Graecz'

1005 1603 1116 1634 ἵππους
1131 1604 1237 1634 dicunt
1250 1615 1260 1634 .-
1277 1610 1312 1635 tn
1328 1605 1471 1636 emenda
1485 1616 1492 1635 :
1510 1616 1584 1646 quos
1598 1607 1703 1637 Groeci

1009 1653 1220 1693 ἱππαγωγούς.
1258 1655 1503 1686 Demosthenes
1521 1666 1528 1686 :
1567 1656 1640 1696 πρὸς
1670 1657 1703 1687 δὲ

1009 1704 1131 1736 τούτοις
1146 1704 1268 1742 ἡμίσεσι
1283 1707 1344 1735 τῶν
1363 1705 1477 1736 ἱππέων
1492 1705 1702 1745 ἱππαγωγούς.

1010 1755 1132 1786 deiude
1148 1754 1276 1795 τριήρεις
1291 1755 1341 1786 καὶ
1357 1757 1451 1786 πλοῖα
1464 1755 1563 1787 ἱκανά.
1602 1757 1704 1797 Poly-

1012 1806 1084 1836 bius
1101 1805 1252 1845 ἱππηγοὺς
1269 1812 1379 1844 vocat,
1398 1806 1592 1837 Herodotus
1609 1807 1701 1838 ἱππα·

1008 1855 1098 1894 Ὑωγὰ
1123 1857 1228 1886 πλοῖα.
1274 1857 1426 1888 Brodoeus
1451 1858 1624 1889 Miscellan.
1651 1859 1693 1888 lib

1011 1916 1052 1937 υ.
1069 1916 1134 1946 cap.
1150 1909 1203 1937 25.

1030 2066 1131 2113 IX.

1008 2189 1071 2215 est.
1098 2183 1240 2221 Scaliger
1255 2181 1288 2212 in
1305 2184 1432 2213 AEtnam
1455 2180 1591 2220 Virgilii.

1052 2236 1143 2266 PAG.
1173 2236 1247 2264 317.
1292 2232 1482 2272 Impensum]
1528 2231 1703 2270 Impensum

1009 2285 1100 2315 valet
1131 2283 1220 2324 apud
1248 2283 1396 2322 Festum,
1424 2281 1592 2311 ‘nondum
1622 2289 1702 2320 pen-

1009 2345 1078 2366 sum
1093 2334 1114 2365 :'
1136 2335 1250 2373 itaque
1267 2333 1449 2373 distingne,
1465 2333 1631 2370 impensam
1646 2332 1702 2361 sti-

1007 2397 1085 2427 pem,
1101 2388 1152 2426 850.
1183 2384 1338 2415 Gifanius
1361 2383 1469 2414 indice
1490 2383 1701 2417 Lucretiano,

1008 2438 1017 2453 ‘
1034 2434 1230 2475 impensus.'

1056 2486 1147 2516 PAG.
1163 2487 1234 2514 320.
1262 2485 1299 2514 1η
1315 2493 1372 2513 non
1386 2482 1519 2522 semper]
1545 2483 1616 2512 Mn
1625 2491 1701 2512 sem-

1010 2545 1064 2574 per
1091 2534 1288 2565 ebriationem
1316 2534 1446 2567 indicae,
1469 2534 1522 2562 sed
1550 2533 1704 2563 interdum

1011 2585 1104 2615 eliam
1135 2594 1191 2624 pro
1231 2583 1440 2613 additamento
1469 2582 1614 2621 ponitur.-
1653 2582 1702 2612 sic

1013 2641 1185 2675 postrema
1214 2635 1285 2665 haec
1318 2634 1421 2664 verim
1449 2634 1544 2673 lego:
1583 2633 1702 2673 qnihns

1014 2686 1183 2726 significat
1213 2694 1326 2716 vocem
1358 2685 1388 2713 in
1426 2684 1622 2724 plerumque
1654 2684 1702 2713 in·
