1876 3025
301 139 414 181 1066
745 148 894 178 SEXTI
932 145 1133 176 POMPEH
1169 146 1304 177 FESTI

299 243 512 301 gistratib.
539 244 587 285 P.
612 244 669 285 R.
690 249 781 283 uter
804 242 1085 298 magistratus,
1117 248 1255 282 utram
1277 255 1360 282 rern
1380 253 1508 282 acere
1527 245 1542 270 5
1572 240 1753 282 deberet.-

302 320 375 353 aut
398 313 503 353 inter
523 326 561 352 se
582 310 873 365 comparabant
895 309 943 350 de
965 311 1055 351 reb.
1076 310 1168 365 lege
1190 308 1406 350 mandatis.
1467 307 1614 363 Itaque
1635 310 1677 349 in
1697 324 1754 349 se-

301 387 417 431 natu,
436 387 471 421 et
492 380 536 420 in
557 378 720 419 comitio
743 393 876 432 quoq.
898 377 1052 427 sortiri,
1074 384 1146 418 aut
1175 378 1279 418 inter
1309 391 1346 417 se
1370 391 1524 432 parare
1555 375 1752 426 solebant,

299 455 441 490 utrum
473 448 606 497 exire,
630 452 767 487 utrum
799 445 907 486 domz'
937 459 1098 486 manere
1129 451 1356 499 oporteret:
1400 459 1495 484 nam
1530 443 1752 486 Consulib.

301 531 417 572 aeque
437 531 483 556 ac
507 513 758 555 Praetoribus
778 513 888 555 novis
923 513 965 553 in
998 511 1253 567 provinciam
1289 511 1361 561 ire,
1395 517 1485 565 atq.
1518 525 1574 552 ex
1595 525 1648 552 ea
1669 525 1752 551 rem

296 599 438 640 gerere
452 600 464 623 :
495 589 635 624 contra
663 581 793 632 abire,
814 581 913 643 anni
929 580 1081 636 prioris
1102 578 1390 633 magistratib.
1414 593 1510 633 opus
1531 586 1647 619 erat:
1669 577 1753 633 lege

300 653 422 693 etiam
444 650 677 701 cavebatur,
698 655 744 690 ut
764 655 889 690 certos
909 650 1023 690 intra
1045 648 1138 689 dies
1152 647 1354 703 designati
1372 647 1636 703 magistratus
1653 660 1754 700 pro-

299 720 459 761 vincias
475 720 584 761 inter
606 733 652 760 Se
673 723 888 773 pararent.
950 715 1195 771 Peregrinos
1209 722 1223 739 ⁶
1244 716 1350 756 inter
1366 713 1609 755 Pr.dicitur
1630 715 1752 769 quod

300 787 422 829 aliter
444 789 565 830 Inter
582 789 707 837 civis,
729 788 857 829 aliter
876 787 990 827 inter
1003 785 1239 840 peregrinos
1257 784 1333 840 jns
1354 783 1565 824 dicebatur
1588 798 1612 822 α
1637 782 1754 824 Ρνιε-

301 864 412 897 tore:
444 856 571 912 ideoq.
593 857 689 909 lege
708 856 893 910 primum
913 853 1011 896 fus⁶
1032 868 1121 894 cum
1140 868 1244 893 unus
1265 851 1598 908 tantmnfitisset,
1617 858 1753 907 postea

300 924 379 965 duo
401 925 562 967 idcirco
596 930 697 966 sunt
727 924 865 965 creati
889 923 1106 963 Praetores.
1167 919 1432 961 Praemetinm
1453 919 1616 970 dicitur,
1646 918 1755 974 quod

300 998 398 1035 ante
419 994 610 1043 metitur,
647 991 769 1047 quasi
793 1005 1064 1046 praemessum,
1088 987 1383 1042 praelibationis
1404 1002 1541 1028 cansa.
1604 985 1754 1026 Prote-

301 1061 385 1102 lare
417 1062 577 1104 dicitur
612 1062 743 1113 longe
775 1059 1018 1114 propellere,
1047 1072 1094 1098 ex
1129 1055 1272 1098 Grceco
1304 1055 1502 1105 videlicet,
1534 1054 1643 1109 quod
1683 1059 1754 1096 est

299 1129 425 1180 They
457 1135 499 1172 et
520 1129 729 1184 significat
751 1128 881 1183 longe.
943 1125 1120 1166 Privato
1150 1132 1285 1166 sumtu
1321 1138 1368 1165 se
1397 1125 1570 1165 alebant
1603 1123 1754 1163 milites

302 1195 484 1238 Romam·
504 1205 719 1252 antequam
741 1195 942 1251 stipendia
967 1199 1246 1244 mererentur,
1270 1193 1388 1247 quod
1405 1193 1449 1232 in
1470 1189 1754 1232 consuetudine

284 1263 384 1318 fuit
410 1281 526 1320 poene
546 1266 601 1306 ad
619 1266 663 1307 id
693 1270 876 1320 tempus,
908 1263 1026 1317 quod
1060 1262 1140 1303 fuit
1171 1259 1301 1314 paulo
1323 1266 1538 1313 antequam
1562 1256 1753 1298 Romana

299 1334 442 1376 civitas
463 1339 598 1388 capta
619 1338 686 1374 est
707 1347 734 1375 a
756 1332 918 1380 Gallis,
940 1345 965 1370 a
987 1343 1062 1384 quo
1081 1336 1254 1383 tempore
1271 1328 1354 1367 sine
1368 1326 1534 1381 publico
1556 1325 1753 1381 stipendio

299 1403 459 1444 milites
475 1416 559 1443 non
577 1403 755 1443 fiebant.
818 1398 947 1439 Porci
965 1397 1111 1452 effigies
1135 1398 1240 1437 inter
1261 1395 1462 1436 militaria
1482 1396 1609 1447 signa
1630 1395 1755 1447 quin-

298 1476 390 1513 tum
410 1470 556 1511 locum
577 1468 794 1518 obtinebat,
816 1467 912 1521 quia
936 1464 1115 1520 corfecto
1138 1464 1260 1515 bello,
1295 1464 1408 1504 inter
1426 1476 1539 1516 quos
1560 1462 1752 1515 populos

293 1553 380 1593 pax
379 1537 516 1592 fiebat
538 1552 583 1578 ea
601 1551 696 1578 caesa
708 1550 835 1591 porca
842 1533 1012 1589 faedere
1034 1533 1196 1574 firmari
1218 1533 1343 1573 solet.
1405 1528 1671 1579 Polimenta‚‘¹
1692 1528 1752 1569 ait

909 1665 1145 1678 000000000000

341 1765 361 1792 5
385 1760 408 1791 f.
421 1763 588 1801 agere.-—-6
605 1759 630 1791 f.
645 1759 786 1797 fests—7
813 1757 838 1788 f.
853 1757 949 1793 τῆλε.

962 1876 1102 1909 NOTAE

1054 1951 1200 1993 pellatus
1217 1948 1385 1990 est‚quod
1414 1948 1447 1979 in
1474 1947 1556 1977 urbe
1577 1946 1636 1986 jus
1664 1944 1753 1975 dice-

1054 2004 1133 2035 bat:
1159 2008 1235 2043 post
1256 2003 1382 2042 aliquot
1404 2000 1526 2031 deinde
1551 2008 1665 2037 annos,
1688 2007 1752 2028 non

296 1957 395 1989 modo
420 1956 593 1995 Consules,
617 1954 676 1986 sed
694 1955 796 1986 etiam
812 1954 997 1985 Praetores.

298 2009 434 2040 Livius:
453 2014 460 2025 ‘
477 2007 592 2038 Idibus
604 2005 894 2046 Mai·tiis,quodie
911 2005 999 2035 Cou-

297 2059 385 2090 sules
398 2058 631 2096 magistratum
643 2056 800 2090 inierunt,
815 2054 917 2084 Italia
932 2062 998 2083 am-

297 2110 406 2141 bobus
424 2108 600 2150 provincia
613 2105 778 2137 decretal
824 2105 998 2135 Praetores

295 2161 403 2192 sortiti
434 2158 625 2199 provincias
655 2160 743 2186 sunt.
790 2155 878 2186 Item
913 2154 1001 2185 Con-

295 2212 396 2249 sules,
413 2210 652 2248 Praetoresque
667 2216 742 2237 cum
766 2205 884 2237 Idibus
905 2205 998 2235 Mar-

298 2262 353 2293 tiis
378 2261 593 2301 magistratus
619 2258 775 2296 inissent,
807 2255 997 2296 provincias

298 2313 407 2345 sortiti
425 2317 503 2342 sunt
522 2323 529 2342 ε
554 2321 653 2349 acere,
670 2320 729 2351 pro
751 2319 856 2349 agere,
879 2309 912 2339 in
939 2318 996 2339 ex-

298 2364 438 2404 emplari
471 2362 634 2402 scriptum
663 2366 729 2399 est,
762 2360 903 2400 antiqua
941 2359 999 2388 illa

297 2412 557 2447 consuetudine,
593 2422 660 2452 qua
702 2421 718 2441 c
747 2420 808 2451 pro
843 2419 866 2448 g
894 2417 995 2450 pone-

297 2466 392 2496 bant.
437 2463 523 2493 Vide
541 2463 573 2492 in
599 2460 754 2492 ‘Oi-cus!

338 2522 351 2537 ⁰
363 2513 566 2553 Peregrinos]
578 2514 716 2552 Digest.
731 2520 753 2541 1.
770 2511 823 2542 tit.
837 2513 870 2541 2.
887 2511 896 2527 ‘
913 2510 995 2540 Cutn

298 2567 460 2599 Consules
477 2567 699 2595 avocarentur
716 2562 812 2593 bellis
838 2560 998 2595 finitimis,

298 2627 408 2658 neque
425 2620 515 2647 esset
532 2615 565 2645 in
583 2614 737 2647 civitate,
764 2613 819 2654 qui
842 2613 898 2653 jus
922 2611 997 2643 red-

298 2669 378 2699 dere
395 2671 530 2708 posset:
557 2665 683 2697 factum
712 2669 776 2701 est,
797 2668 835 2694 ut
866 2663 1000 2693 Praetor

299 2727 432 2761 quoque
461 2721 654 2757 crearetur,
673 2716 729 2757 qui
757 2714 912 2745 Urbanus
940 2723 998 2753 ap-

1054 2052 1243 2084 sufficiente
1271 2062 1311 2083 eo
1336 2053 1503 2089 Praetore‚
1531 2049 1620 2090 quod
1648 2048 1753 2079 inulta

1054 2105 1152 2136 turba
1169 2104 1270 2134 etiam
1298 2102 1551 2142 peregrinorum
1578 2100 1610 2130 iu
1635 2099 1754 2129 eivita-

1055 2160 1123 2187 tem
1154 2155 1298 2193 veniret,
1328 2157 1462 2183 creatus
1494 2152 1576 2182 alius
1609 2151 1754 2188 Praetoi·‚

1054 2206 1109 2247 qui
1142 2205 1348 2244 Peregrinus
1370 2203 1560 2243 appellatus
1583 2206 1646 2235 est,
1663 2200 1751 2241 quod

1054 2257 1252 2297 plerumque
1279 2255 1367 2284 inter
1393 2253 1586 2294 peregrinos
1604 2252 1660 2291 jus
1678 2250 1753 2281 red-

1053 2306 1180 2338 debat!
1224 2306 1276 2336 Ex
1306 2305 1353 2334 his
1384 2303 1495 2333 verbis
1524 2302 1633 2333 locum
1660 2301 1752 2332 Festi

1052 2356 1302 2393 remreivimus,
1318 2354 1373 2395 qui
1393 2354 1425 2385 in
1448 2353 1597 2383 editione
1620 2352 1750 2393 Augus-

1051 2406 1179 2438 tiniana
1203 2415 1277 2436 cum
1304 2405 1404 2435 verbo
1422 2404 1542 2434 Parare
1558 2402 1645 2433 male
1672 2412 1751 2433 con·

1044 2458 1183 2498 junctus
1199 2461 1260 2487 est.

1092 2506 1107 2527 ‘¹
1124 2506 1316 2545 Polimenta]
1335 2504 1503 2535 Arnobins
1516 2503 1574 2534 lib.
1585 2512 1648 2533 vn.
1660 2503 1668 2519 ‘
1686 2501 1752 2533 Po-

1051 2558 1169 2590 limina
1192 2562 1269 2587 sunt
1290 2566 1341 2590 ea,
1360 2565 1435 2596 quae
1453 2563 1512 2584 nos
1530 2554 1639 2593 proles
1657 2561 1749 2583 vere-

1052 2609 1193 2641 cundius
1207 2607 1349 2638 dicimus
1369 2604 1496 2636 testes?
1524 2604 1664 2634 Plautus
1678 2603 1752 2633 Me-

1053 2661 1156 2691 naech.
1179 2659 1188 2676 ‘
1207 2657 1398 2689 Polimeuta
1417 2654 1580 2696 porcina.’
