1876 3025
246 140 330 183 868

691 149 839 181 SEXTI
872 147 1077 179 POMPEII
1114 148 1251 179 FES'I'I

305 244 436 286 candi
459 257 594 285 causa
615 256 673 284 ex
694 242 858 284 lectulo
879 254 959 283 suo
981 240 1142 282 silentio
1162 239 1337 280 surrexit
1358 242 1399 280 et
1427 238 1638 279 liberatus
1670 250 1697 278 a

306 312 422 353 lecto
445 314 489 353 in
513 312 653 352 solido
676 325 714 351 se
729 309 885 364 posuit.

943 308 1158 362 Sedetque
1187 321 1242 349 ne
1277 307 1383 361 quid
1415 319 1468 346 eo
1501 311 1696 358 tempore

307 380 501 432 dejiciat,
531 392 746 432 rursusque
775 391 814 416 se
843 377 887 416 in
917 375 1081 415 lectum
1117 375 1326 428 reposuit,
1367 374 1451 414 hoc
1487 372 1599 412 enim
1633 377 1699 413 est

299 446 469 501 proprie
492 445 737 493 Silentium,
760 442 903 483 omnis
924 443 1021 483 vitii
1043 442 1088 482 in
1110 442 1326 494 auspiciis
1359 440 1576 488 vacuitas,
1608 438 1699 479 Ve-

306 515 455 555 ranius
478 514 537 554 ait
558 526 644 553 non
666 512 818 563 utique
840 523 898 551 ex
918 510 1048 558 lecto,
1070 510 1146 549 sed
1171 521 1230 548 ex
1251 508 1405 558 cubili,
1425 512 1528 548 nec9
1549 519 1698 547 rursus

308 595 356 622 se
374 582 416 622 in
437 583 595 622 lectum
618 591 824 633 reponere
846 590 1022 618 necesse
1043 590 1156 617 esse.

252 649 526 689 Silicernium
547 651 641 688 erat
659 659 798 698 genus
815 645 1072 693 farciminis,
1094 656 1182 697 quo
1198 643 1302 683 fletu
1323 641 1491 683 familia
1519 641 1700 694 [PAUL.

307 717 602 770 purgabatur:
636 714 799 755 dictum
831 717 974 754 autem
1005 712 1286 760 silicernium,
1317 711 1434 763 quia,
1466 709 1594 761 cujus
1623 721 1700 748 no—

307 784 419 824 mine
441 797 494 824 ea
513 796 583 824 res
602 783 926 828 instituebatur,
949 781 986 820 is
1001 781 1094 834 jam
1118 780 1289 820 silicem
1308 783 1340 801 ¹0
1361 779 1565 818 cerneret.
1603 775 1701 816 Cae-

309 852 458 892 cilius:
482 850 650 891 credidi
672 849 939 890 silicernium
962 847 1057 901 ejus
1090 860 1156 886 me
1178 860 1273 887 esse
1293 858 1482 886 esurum.

256 917 543 958 ‚S'ilicerniumg
585 917 736 957 dicitur
767 931 875 957 ‹ta’uu
901 914 1127 971 funebris,
1158 927 1291 967 quam
1323 912 1404 952 alio
1435 926 1503 952 uo-
1535 911 1700 965 [FEST.

860 1035 895 1046 ee
901 1034 979 1046 ‘N‘

252 1148 357 1178 solum.

982 1033 1079 1044 ttttt

296 1107 315 1134 9
342 1105 400 1135 Ed.
418 1104 507 1134 Scal.
525 1106 661 1134 ne.—10
684 1103 761 1133 Vet.
773 1102 848 1133 cod.
861 1101 1030 1132 silentium.
1076 1099 1138 1129 Vir
1155 1098 1246 1129 doct.
1262 1099 1297 1128 in
1314 1105 1418 1137 marg.
1434 1095 1490 1127 ed.
1513 1095 1601 1127 Scal.
1615 1095 1703 1135 conj.

914 1230 1052 1262 NOTAE

254 1317 307 1340 res
324 1314 453 1340 nostros
470 1308 692 1339 adhibebatur
709 1308 848 1348 peritus,
865 1316 952 1337 nunc

255 1360 426 1401 quilibet;
478 1360 622 1399 peritum
656 1365 764 1389 autem
794 1367 867 1388 esse
894 1366 952 1387 ne·

254 1419 350 1441 cesse
375 1414 427 1440 est
444 1419 532 1447 enm,
550 1409 605 1449 qui
623 1409 791 1438 silentium
808 1406 885 1447 qnid
910 1407 954 1437 sit

252 1460 421 1500 intelligat
438 1470 445 1498 3
472 1460 503 1489 id
520 1461 606 1489 enim
625 1458 793 1489 silentium
813 1457 953 1487 dicimus

254 1510 286 1540 in
313 1510 472 1550 auspiciis
496 1509 586 1550 qnod
609 1510 697 1539 omni
727 1508 809 1538 vitio
840 1511 954 1544 caret3

253 1560 317 1590 hoc
344 1560 536 1600 intelligere
561 1558 704 1599 perfecti
730 1557 863 1596 auguris
890 1561 954 1587 est.

257 1610 322 1640 Ille
346 1615 472 1650 autem,
503 1610 559 1650 qui
587 1610 618 1639 iu
648 1608 833 1649 auspicium
861 1607 952 1637 adhi-

253 1659 369 1698 betur,
385 1669 458 1690 cuin
477 1661 523 1690 ita
541 1660 720 1699 imperavit
746 1659 785 1693 is,
813 1658 868 1698 qui
897 1667 952 1688 au-

256 1710 421 1751 spicatur,
450 1718 575 1740 niciTo
597 1718 625 1739 si
651 1717 849 1739 SILENTH'M
875 1716 954 1738 Esse

255 1770 431 1798 vrnETvu,
456 1770 517 1791 uec
541 1761 695 1800 suspicit,
721 1770 783 1791 nec
810 1761 953 1791 circum·

257 1811 502 1850 spicit,statim
530 1811 725 1850 respondet,
751 1819 952 1840 SILENTWM

258 1869 335 1891 ESSE
372 1869 512 1891 vinnm.
557 1862 640 1890 Tum
668 1861 739 1898 ille,
764 1870 886 1891 niciro
925 1870 955 1891 st

257 1919 479 1941 Pascvxwrva.
529 1910 765 1941 nascvwrrR)
822 1910 954 1941 Deinde

256 1961 498 1991 observabatur
511 1960 706 1999 tripudium.
731 1960 813 1994 Ista,
824 1961 869 1990 ait
882 1960 956 1999 uici,

256 2010 298 2040 de
318 2010 419 2041 Ateio
443 2010 610 2051 Capitone
633 2011 852 2049 intelligenda
867 2016 961 2049 sunt,

258 2065 296 2091 nt
310 2065 453 2101 apparet
471 2060 556 2091 iufra
570 2061 602 2091 in
618 2061 628 2077 ‘
643 2059 835 2091 sinistrum.5
861 2060 941 2090 Duc.

300 2115 315 2137 g
341 2110 556 2150 silicernium]
584 2111 740 2141 Caecilius
757 2109 956 2140 obelostate.

259 2160 347 2191 Vide
364 2161 406 2190 de
424 2161 485 2191 boc
503 2161 604 2191 verbo
622 2161 746 2190 Donat.
763 2160 795 2189 iu
810 2159 954 2199 Adelph.

261 2210 422 2251 Nouium,
439 2215 473 2241 et
494 2210 700 2241 Placiadem.
725 2210 899 2247 Ant.Aug.

303 2260 518 2300 Silicernium]
542 2261 753 2300 Silicernium,
770 2260 956 2297 caeuasune-

258 2310 333 2350 bris,
364 2321 455 2351 quam
483 2311 589 2341 Graecz'
617 2310 808 2351 περίδειπνον
830 2313 958 2341 vocant:

258 2363 309 2392 sed
325 2365 356 2391 et
379 2362 528 2396 nonnulli,
546 2362 629 2392 inter
644 2371 716 2401 quos
738 2361 878 2400 Verrius,
903 2370 956 2391 ex-

257 2412 401 2442 {stimant
416 2412 495 2442 nihil
510 2412 595 2442 aliud
610 2421 685 2449 esse,
703 2420 792 2451 quam
818 2411 864 2448 id,
878 2412 957 2450 quod

258 2462 474 2499 nosfarcimen
497 2461 640 2501 dicimus,
660 2472 718 2501 quo
736 2460 956 2501 flelumsami-

258 2513 300 2542 lia
313 2522 447 2552 purgare
466 2513 553 2543 solet.
575 2513 647 2552 quia
676 2511 762 2547 cujus
785 2512 906 2541 nomine
920 2521 956 2541 ea

260 2572 311 2592 res
337 2562 570 2601 instituebatur,
590 2562 661 2600 jum
681 2561 871 2592 silicernium
892 2571 954 2591 cer—

261 2616 358 2643 neret.
407 2614 551 2643 Coecilius
564 2612 748 2642 obolostate:
776 2611 957 2641 Crcdiuisi-

259 2662 418 2692 licernium
442 2662 506 2700 ejus
531 2673 577 2693 me
603 2672 666 2693 esse
691 2671 824 2692 esurum.
880 2662 956 2692 Sili-

260 2712 367 2742 ccrnii
384 2722 500 2753 supra,
515 2717 550 2744 et
575 2711 718 2752 alibifrb
741 2711 853 2749 ἔτυμον
879 2712 957 2743 atti-

1008 1305 1124 1345 gimus.
1175 1306 1291 1335 Cesnas
1315 1307 1447 1334 veteres
1470 1299 1642 1337 dicebant,
1669 1300 1705 1330 et

1011 1355 1149 1393 Poesnus,
1167 1363 1228 1393 pro
1245 1363 1283 1382 eo
1301 1351 1391 1393 quod
1410 1356 1475 1390 est,
1495 1352 1607 1387 ζἐηαε,
1632 1350 1706 1380 Poe-

1007 1414 1073 1434 nus.
1120 1403 1173 1434 Ab
1191 1413 1230 1433 eo
1252 1403 1461 1433 silicesnium:
1497 1405 1616 1440 postea
1639 1399 1707 1430 siti-

1007 1454 1152 1484 cernium.
1174 1453 1183 1470 ‘
1199 1451 1378 1490 Casiuina,’
1393 1451 1401 1467 ‘
1417 1450 1566 1481 carmina
1580 1449 1600 1480 ς’
1618 1454 1626 1466 ‘
1640 1449 1707 1479 Va-

1006 1503 1134 1544 lesius‚’
1157 1501 1361 1541 ‘Vaterimss
1387 1506 1423 1532 et
1447 1500 1580 1531 similia.
1624 1499 1706 1529 Ter-

1008 1558 1189 1587 tullianus:
1216 1557 1224 1572 ‘
1239 1565 1303 1595 quo
1321 1552 1435 1584 differt
1455 1552 1496 1582 ab
1522 1551 1621 1591 epulo
1645 1550 1705 1582 Jo-

1007 1607 1057 1637 vis
1084 1605 1309 1636 silicernium?
1345 1614 1363 1633 a
1397 1601 1561 1642 simpuvio
1595 1599 1706 1631 obba?

1007 1659 1048 1689 ab
1066 1657 1221 1697 aruspice
1241 1655 1422 1696 pollinctor
1435 1652 1457 1683 ?'
1474 1651 1705 1683 Glossarium:

1008 1709 1249 1743 ‘Silicerniunn
1274 1703 1474 1744 περίδειπνον.
1499 1701 1636 1739 λύχνους
1649 1699 1709 1739 ’γὰρ

1007 1758 1115 1790 ἅπτειν
1132 1759 1164 1789 ἐν
1179 1757 1279 1788 πένθει
1304 1756 1338 1787 οὐ
1350 1755 1431 1793 θέμις
1446 1753 1468 1784 :’
1491 1752 1626 1783 videtur
1653 1760 1709 1781 ac-

1007 1809 1149 1849 cepisse,
1178 1807 1270 1848 qnasi
1302 1803 1533 1843 Selucerfflum,
1555 1802 1616 1832 hoc
1641 1805 1709 1839 est,

1008 1858 1153 1898 ἆλυχνία.
1201 1858 1379 1888 Rationem
1422 1854 1507 1884 banc
1552 1851 1709 1883 eruimus.

1010 1910 1124 1940 Natali
1155 1909 1209 1938 die
1238 1909 1385 1937 lucerna}
1421 1902 1708 1935 accendebantur.

1010 1958 1186 1992 Mortual-i,
1203 1962 1240 1987 ut
1255 1958 1439 1996 loquuntur
1456 1954 1540 1984 Cato
1557 1956 1591 1982 et
1607 1952 1710 1982 Plau-

1010 2015 1075 2049 tus,
1100 2010 1132 2039 id
1152 2018 1215 2039 non
1234 2007 1407 2037 faciebant
1426 2004 1556 2045 optima
1572 2003 1614 2033 de
1632 2011 1709 2033 cau-

1011 2070 1058 2097 sa,
1075 2064 1115 2090 ut,
1126 2059 1163 2088 τὸ
1179 2057 1388 2097 ἀντίστροφον
1403 2056 1459 2092 τῆς
1481 2053 1646 2092 γενέσεως,
1660 2051 1710 2083 καὶ

1009 2111 1062 2145 τῆς
1079 2110 1229 2145 τελευτῆς
1250 2107 1498 2138 ostenderent.
1546 2104 1684 2135 Persius
1700 2113 1710 2133 :

1009 2159 1203 2199 ‘unctaque
1232 2151 1383 2188 fen‘eura
1416 2154 1603 2195 Dispositae
1638 2153 1711 2193 pin-

1012 2219 1110 2249 guem
1149 2209 1304 2239 nebulam
1340 2214 1500 2237 vomuere
1539 2202 1711 2234 1ncernae.’

1009 2259 1240 2290 Tertullianus
1287 2257 1372 2288 libro
1411 2255 1452 2286 de
1487 2254 1708 2285 Idololatria:

1011 2309 1079 2340 ‘At
1107 2319 1195 2339 nunc
1223 2309 1338 2338 lucent
1356 2306 1518 2345 tabernae‚
1536 2309 1571 2334 et
1594 2304 1709 2344 janum

1012 2364 1147 2390 nostran
1195 2357 1396 2397 Pluresjam
1423 2355 1642 2386 Etlinicoruin
1662 2353 1710 2384 fo-

1013 2420 1065 2440 res
1098 2410 1168 2439 sine
1193 2407 1354 2441 lucernis,
1379 2410 1414 2437 et
1446 2405 1582 2443 laureis,
1608 2414 1708 2445 quam

1011 2456 1302 2491 Christianorum!
1338 2456 1384 2486 At
1400 2456 1433 2485 ἐν
1445 2453 1546 2485 πένθει
1564 2453 1711 2494 quidem,

1011 2515 1047 2541 ut
1064 2515 1159 2549 puto,
1174 2518 1240 2538 nou
1261 2506 1504 2538 accendebant.
1550 2505 1709 2535 Ceterum

1012 2569 1147 2599 semper
1175 2559 1206 2588 in
1244 2557 1352 2597 cippis
1378 2556 1608 2595 sepulcrorum
1639 2562 1710 2583 sus-

1013 2610 1206 2650 pendebant
1222 2609 1377 2638 lucernas
1395 2617 1403 2637 2
1438 2604 1624 2645 cujusmodi
1649 2602 1708 2634 fic-

1011 2662 1088 2692 tiles
1127 2660 1248 2691 multas
1278 2658 1433 2689 videmus
1464 2666 1506 2687 ex
1536 2655 1706 2686 veteribus

1010 2710 1234 2742 monumentis
1262 2714 1385 2741 erutas.
1432 2708 1496 2738 Dio
1522 2707 1554 2737 in
1590 2704 1705 2737 Domi-
