1876 3025
266 130 378 171 1022
711 140 772 170 DE
807 139 942 169 Fsssrr
980 138 1296 169 FRAGMENTO.

267 235 327 272 Ab
349 247 394 272 eo
415 241 542 272 autem
564 234 828 285 separavimus
858 231 1023 270 schedas
1054 232 1154 278 illas,
1176 244 1273 282 quas
1293 245 1315 269 a
1338 232 1505 270 Marullo
1532 232 1714 270 habuisse

267 298 407 337 dicitur
428 298 667 349 Pomponius
689 298 832 342 Laetus,
853 296 959 346 quod
987 308 1119 333 earum
1147 296 1400 348 archetypum
1423 296 1618 347 exemplar
1638 309 1714 334 non

267 369 386 408 extet,
421 369 459 399 et
480 375 568 412 pars
602 362 723 399 altera
743 361 988 412 paginarum,
1009 374 1097 410 quae
1122 360 1284 410 margini
1312 361 1518 410 proximior
1548 361 1595 397 ab
1628 361 1717 410 igne

268 426 445 463 mutilata
464 425 548 470 fuit,
570 425 749 474 neglecta
769 425 817 461 ab
837 424 895 470 iis,
916 424 982 474 qui
1002 431 1096 462 tunc
1130 424 1390 474 fragmentum
1412 424 1716 474 descripserunt,

266 489 304 527 in
336 490 546 541 praesentia
579 488 832 526 desideretur.
890 489 997 532 Quas
1031 494 1160 525 autem
1194 500 1265 526 nos
1297 487 1503 534 edidimus,
1522 494 1611 525 sunt
1640 488 1716 525 illae

269 553 424 604 quidem
451 567 470 591 e
499 552 715 591 doctissimi
742 553 811 590 viri
842 553 1042 602 exscriptae
1072 551 1341 603 chirographo,
1372 551 1454 589 aliis
1483 552 1718 590 editionibus

268 631 345 655 non
365 617 480 655 modo
501 608 800 663 emendatiores,
827 629 958 654 verum
989 616 1104 653 etiam
1131 615 1280 666 aliquot
1311 616 1407 654 locis
1428 616 1644 653 auctiores:
1676 623 1718 653 ut

270 683 301 719 si
323 695 401 733 qua
420 688 560 732 praeter
580 681 666 729 haec
686 681 725 718 in
745 680 914 731 vulgatis
944 680 1036 726 sint,
1066 693 1112 718 ea
1139 680 1256 730 plane
1286 692 1362 717 non
1392 692 1476 717 esse
1506 680 1610 716 Festi
1638 693 1719 716 cre-

270 747 443 783 dendum
464 747 526 792 sit,
548 746 617 784 sed
632 759 652 784 e
674 745 786 782 Pauli
808 744 980 795 epitoma
1000 750 1068 782 aut
1085 743 1242 782 aliunde
1262 745 1395 795 petita.
1446 743 1517 780 His
1538 743 1718 780 omnibus

271 811 405 848 ultimo
436 810 523 848 loco
555 809 775 847 addidimus
810 809 1015 859 perbreves
1048 808 1238 859 quasdam
1271 815 1383 845 notas
1418 820 1547 845 earum
1569 814 1718 845 tantum

272 888 411 920 rerum,
432 888 520 925 quae
540 874 634 911 visae
655 880 746 912 sunt
767 874 814 910 ab
837 873 922 911 aliis
943 873 1211 924 praetermissae
1230 885 1238 909 :
1271 884 1360 909 nam
1379 885 1466 922 quae
1487 884 1533 909 ex
1554 871 1721 922 epitoma

272 939 385 976 Pauli
420 946 487 975 aut
524 938 684 975 aliorum
716 937 1002 976 commentariis
1033 937 1214 987 suppleta
1243 942 1345 980 sunt,
1377 936 1467 985 quia
1497 935 1535 971 in
1569 942 1720 985 promtu

271 1004 463 1047 omnibus,
483 1002 546 1041 hic
574 1009 722 1048 notare,
743 1002 817 1039 nisi
839 1002 869 1039 si
891 1014 969 1052 qua
992 1000 1301 1052 imprudentibus
1330 1000 1440 1037 nobis
1473 999 1720 1050 irrepserunt,

275 1079 603 1118 supervacaneum
625 1066 823 1106 duximus.
