1876 3025
288 133 372 177 738

738 144 884 177 SEXTI
920 144 1121 174 POMPElI
1155 144 1291 175 FESTI

349 239 540 281 dinarum
560 253 680 280 causa
702 239 744 280 in
772 239 968 288 civitate,
991 239 1183 292 aliquem
1198 252 1275 292 per
1295 236 1551 286 sacerdotem,
1573 236 1644 291 qui
1677 237 1729 278 sit

348 307 462 362 regia
483 307 730 361 majestate:
763 307 841 347 sed
871 319 954 346 non
974 319 1126 359 semper
1147 306 1195 346 ob
1227 305 1328 346 hanc
1355 304 1481 346 vitam
1517 318 1680 344 causam
1697 309 1730 336 ¹9

351 382 530 426 tantum,
553 375 630 428 qui
653 374 817 415 homini
844 374 942 414 talis
962 372 1185 426 majestatis
1205 387 1302 413 cura
1324 372 1463 422 datur,
1484 371 1621 421 etiam,
1643 385 1732 411 cum

350 441 525 496 expiatio
545 443 658 482 ictus
678 440 861 493 fulguris
882 440 943 489 fit,
965 445 1038 479 aut
1067 439 1109 479 in
1123 438 1382 492 procurando
1402 444 1588 492 portento
1609 436 1731 478 simili

351 524 430 564 quo
451 507 704 564 regicejerz'ae
726 507 845 547 etiam
866 506 992 547 solitae
1012 512 1120 546 sunt.

294 577 512 629 Regillis,q
536 576 695 616 tunicis
721 575 848 623 albis,
881 580 926 615 et
953 574 1152 614 reticulis
1186 573 1322 613 luteis
1352 573 1548 626 utrisque
1571 571 1683 612 actis
1698 574 1733 593 2⁰

350 643 485 684 textis
507 654 677 682 sursum
698 654 867 682 versum
896 654 923 681 a
949 641 1169 681 stantibus
1190 639 1330 693 pridie
1350 641 1596 692 nuptiarum
1618 638 1734 678 diem

350 710 550 762 virginis¹
574 708 736 750 indutae
764 709 957 749 cubitum
976 709 1099 748 ibant
1119 708 1277 748 ominis
1298 720 1448 757 causa,
1468 711 1515 748 ut
1535 706 1668 746 etiam
1688 704 1733 744 in

348 777 460 829 togis
475 777 670 817 virilibus
692 775 848 815 dandis
865 771 1235 816 observari'solet.

294 845 539 896 Regimenr
567 855 647 896 pro
686 843 921 894 regimento
952 846 1165 895 usurpant
1192 841 1355 894 poe'tae.
1416 839 1584 880 Ennius
1622 838 1735 878 libro

352 916 479 952 sexto
502 910 697 950 decimo:
729 909 904 950 Primus
937 921 1074 949 senex
1094 909 1276 961 Bradyn
1301 906 1386 962 (in)
1418 907 1626 960 regimen,
1645 904 1739 945 bel-

349 978 472 1030 lique
494 977 676 1030 peritus.

295 1044 508 1096 RegiumS
528 1046 595 1083 est
616 1041 724 1097 quod
744 1049 815 1092 est,
836 1048 910 1082 aut
926 1041 1023 1097 fuit
1045 1041 1164 1095 regis,
1195 1044 1243 1082 ut
1264 1042 1415 1082 servus
1438 1039 1586 1094 regius,
1608 1044 1646 1078 et
1667 1037 1738 1078 do-

352 1125 438 1150 mus
469 1110 598 1165 regia,
622 1109 752 1163 qualis
783 1117 837 1150 est
860 1109 1022 1150 Numae
1054 1109 1282 1162 Pompilii,
1314 1114 1358 1147 at
1392 1106 1527 1161 regale
1549 1105 1736 1161 facium,

354 1176 462 1232 quod
481 1184 537 1217 est
558 1176 732 1229 dignum
753 1176 891 1229 Rege.

300 1244 531 1285 Romanost
561 1244 603 1283 ‘in
637 1243 739 1284 libro
774 1254 848 1284 xi.
891 1242 1053 1283 Graecos
1089 1242 1284 1295 appellat
1318 1241 1497 1289 Εῐιηίιις,
1528 1254 1614 1279 cum
1651 1238 1736 1278 ait.-

355 1310 612 1351 Couteiidicnt
633 1309 802 1351 Graecos
812 1311 938 1352 Graii
954 1324 1193 1352 memorare
1214 1308 1337 1350 solent
1357 1323 1431 1358 sos,
1450 1306 1571 1350 Quod
1587 1305 1625 1347 G
1633 1320 1735 1347 rceca

902 1418 1095 1430 oeeeeoeeee
1101 1416 1140 1428 ιθ

342 1487 384 1514 19
410 1485 494 1515 Ead.
513 1485 566 1516 ed.
584 1486 620 1515 ob
636 1486 714 1516 hanc
733 1496 824 1516 unum
838 1488 1057 1516 causam—20
1082 1484 1166 1515 Ead.
1184 1483 1238 1514 ed.
1255 1482 1390 1522 utrisque

1413 1504 1421 1513 .
1436 1504 1443 1512 .
1458 1481 1527 1513 ciis.
1571 1480 1633 1511 Vii·
1649 1479 1741 1512 doct.

295 1526 327 1557 in
343 1536 446 1566 marg.
461 1528 608 1567 ejusdem
626 1528 681 1559 ed.
699 1529 836 1568 conjicit
855 1528 1018 1559 rectise-I
1049 1528 1100 1558 ld.
1119 1526 1201 1558 ibid.
1218 1526 1366 1564 virgines.

945 1612 1086 1645 NOTAE

293 1675 394 1707 fei-ias
411 1675 520 1707 dictas
534 1686 598 1707 non
614 1677 718 1708 solum
734 1687 809 1718 quae
821 1677 898 1717 fori,
909 1687 989 1708 con·

295 1732 471 1765 ventus,et
486 1727 788 1766 nuiidinaruni‚sed
801 1728 901 1758 etiam
914 1737 988 1767 quae

294 1776 438 1817 fulguris
457 1778 510 1808 vel
526 1778 675 1816 portenti
692 1778 810 1808 similis
831 1778 990 1818 expiandi

295 1837 396 1858 causa
422 1836 484 1867 pei·
510 1827 721 1858 sacerdotem
747 1829 906 1868 aliquem,
935 1827 991 1868 qui

294 1881 385 1907 esset
413 1878 507 1916 regia
543 1877 735 1917 majestate,
758 1878 988 1909 edicebantur.

293 1927 473 1956 Postrema
487 1926 587 1956 verba
598 1930 652 1956 aut
667 1927 701 1956 in
714 1928 904 1966 procurando
920 1937 988 1966 por-

295 1979 379 2006 tento
393 1976 490 2005 simili
512 1985 569 2015 quo
592 1976 690 2013 regia>
706 1975 814 2013 seriae,
829 1977 881 2014 «isc.
904 1977 989 2007 male

294 2025 510 2055 adhaeserunt
525 2029 602 2064 post
618 2026 707 2063 regia
723 2026 839 2062 domus,
863 2026 917 2056 ubi
937 2036 990 2055 eo·

294 2084 367 2104 rum
383 2074 536 2113 vestigia.
569 2074 606 2104 In
623 2073 688 2104 fine
706 2078 837 2104 tantum
855 2075 993 2105 verbum

293 2124 530 2164 supplendum,
556 2124 624 2159 Quo
653 2124 761 2162 Regioe
777 2124 873 2161 serice
893 2125 994 2155 solitoe

294 2173 464 2213 szmifieri.
488 2172 598 2202 Idem.

337 2227 351 2248 ²³
370 2221 520 2261 Regillis]
540 2221 628 2251 Vide
643 2225 652 2239 ‘
664 2221 807 2253 Rectae‚'
822 2222 994 2263 Ant.Aug.

341 2272 487 2309 Regillis,
504 2270 629 2309 tunicis]
647 2272 902 2310 Regillislunicis
917 2274 996 2304 albis

295 2325 324 2352 et
346 2322 483 2352 reticulis
509 2321 601 2351 luteis
624 2322 762 2361 utrisque
782 2324 876 2353 rectis
897 2324 993 2354 textis

294 2381 397 2402 susum
411 2381 541 2410 versum,
555 2372 607 2409 850.
636 2370 724 2402 Vide
740 2373 749 2388 ‘
765 2372 905 2404 Rectae.'
928 2373 992 2404 Re-

296 2420 410 2459 ticula,
425 2420 537 2451 faseiae
559 2420 734 2460 capitales.
779 2421 905 2462 Susum,
930 2431 991 2462 pro

295 2482 429 2503 sursum.
455 2473 539 2502 Dae.

338 2525 350 2540 Υ
374 2520 541 2560 Regimen]
576 2520 690 2552 Gloss.
715 2520 725 2537 ‘
740 2521 914 2561 Regimen,
930 2521 992 2552 οἶά-

297 2570 612 2611 κισμα,ἶθυντήριον.’
659 2571 747 2602 Usus
777 2577 827 2602 est
853 2572 992 2603 Lucret.

297 2622 412 2653 Livius
435 2623 548 2657 etiam,
575 2621 666 2653 Plin.
692 2626 727 2652 et
753 2622 820 2653 alii.
867 2622 991 2653 Versus

297 2672 397 2703 Ennii
417 2672 464 2704 sic
482 2671 642 2714 legendus
658 2677 696 2703 ut
713 2672 747 2704 in
763 2672 846 2705 edit.
869 2682 901 2705 se
916 2673 992 2704 Pri-

1043 1686 1109 1706 mus
1124 1685 1177 1706 nec
1193 1675 1304 1706 bradus
1319 1674 1350 1704 in
1360 1672 1508 1712 regimen,
1522 1672 1647 1712 bellique
1659 1671 1743 1711 peri-

1043 1730 1105 1758 tus.
1136 1726 1244 1757 Deest
1259 1735 1321 1755 vox
1338 1724 1465 1763 ingerit,
1483 1723 1537 1753 vel
1559 1732 1634 1763 quae
1651 1722 1741 1752 sinii-

1045 1776 1096 1807 lis.
1143 1776 1187 1806 Et
1217 1775 1258 1806 de
1289 1775 1352 1804 Cn.
1383 1773 1512 1804 Manlio
1542 1771 1743 1812 loquebatur

1047 1826 1188 1865 Ennius,
1224 1826 1281 1865 qui
1312 1823 1474 1854 adversus
1510 1822 1742 1861 Gallograecos

1047 1881 1255 1917 pugnaturus
1273 1876 1344 1915 ipse
1361 1875 1495 1904 minime
1522 1873 1650 1911 tardus,
1675 1873 1746 1903 bel-

1044 1928 1133 1967 lique
1152 1925 1388 1966 pcritissimus‚
1412 1933 1446 1954 se
1472 1924 1504 1954 iu
1528 1924 1676 1964 regimen
1695 1923 1744 1954 in-

1045 1977 1146 2017 gerit.
1176 1976 1275 2006 Idem.

1089 2031 1100 2046 ⁸
1125 2025 1277 2064 Regium]
1301 2023 1467 2054 Existimo
1491 2021 1644 2063 quaedam
1669 2031 1745 2061 per—

1049 2076 1157 2105 tinere
1184 2074 1226 2104 ad
1255 2074 1381 2112 regiam
1410 2073 1530 2103 Numae
1559 2071 1745 2111 Pompilii:

1050 2125 1204 2166 quaedam
1221 2124 1262 2154 ad
1280 2124 1342 2153 alia
1359 2122 1471 2152 verba.
1495 2121 1572 2151 Ant.
1592 2123 1674 2159 Aug.

1094 2175 1229 2213 Regium
1253 2175 1313 2214 est]
1348 2172 1481 2211 Regium
1507 2174 1564 2206 est,
1591 2172 1670 2210 quod
1691 2175 1747 2202 aut

1048 2228 1106 2263 est,
1130 2228 1184 2254 aut
1198 2224 1266 2261 fuit
1287 2222 1395 2261 regis;
1418 2225 1452 2252 ut
1467 2230 1571 2251 sertus
1584 2221 1700 2259 regius,
1715 2224 1745 2252 et

1050 2276 1131 2313 leges
1148 2274 1253 2313 regioe,
1275 2273 1377 2312 quales
1402 2274 1472 2302 sunt
1491 2272 1603 2301 Numae
1621 2271 1747 2311 Pompi-

1047 2325 1096 2363 lii,
1126 2327 1155 2354 εἰ
1181 2324 1301 2363 regium
1319 2322 1457 2360 fucinus,
1487 2322 1616 2360 dignum
1646 2321 1745 2360 Rege.

1045 2374 1116 2406 Jos.
1133 2374 1220 2404 Scal.

1088 2422 1239 2462 Regium]
1261 2422 1317 2452 Sic
1339 2422 1455 2462 ‘leges
1472 2420 1612 2461 Regiae‚¹
1637 2430 1657 2450 a
1673 2421 1745 2452 Nu-

1046 2483 1099 2503 ma
1116 2472 1287 2512 Pompilio
1306 2471 1467 2502 conditae.
1489 2472 1572 2502 Duc.

1088 2523 1097 2541 ῑ
1131 2522 1298 2560 Romanos,
1325 2520 1394 2560 Sym]
1431 2521 1586 2551 Romanos
1619 2521 1745 2551 Groecos

1047 2572 1179 2611 appellat
1208 2571 1352 2601 Ennius.-
1377 2572 1572 2601 Contendzmt
1597 2569 1745 2600 Graecas:

1050 2622 1165 2652 Graios
1174 2631 1339 2652 memorare
1354 2622 1452 2652 solent
1463 2631 1521 2651 sos.
1547 2621 1637 2655 Quod
1652 2620 1742 2649 Groe-

1045 2682 1081 2703 ca
1109 2672 1217 2711 lingua
1247 2672 1351 2711 longos
1373 2681 1430 2712 per
1459 2669 1599 2711 tempori’
1627 2672 1744 2701 tractus
