1876 3025
321 167 384 197 DE
417 164 691 197 VERBORUM
726 161 1131 195 smNJFchTioNE
1166 163 1260 192 ΜΒ.
1295 162 1398 192 xvi.
1487 153 1572 194 755

174 263 326 317 pulum
344 259 524 302 comitiis
544 265 735 300 oraverat
744 272 820 312 per
831 257 941 298 Deos
957 260 1005 298 ut
1021 270 1071 297 eo
1093 256 1295 310 periculo
1314 254 1571 307 liberaretur,

161 329 341 385 jubebat
371 328 646 383 magistratus
680 341 777 368 eum
809 339 1041 368 resecrare.
1106 323 1267 365 Rursus
1300 329 1435 363 aulem
1470 323 1573 364 idem

176 399 240 439 aa·
276 412 323 440 se
354 398 586 438 liberarent
615 395 853 443 insistebat,
884 401 922 435 ec
953 391 1061 449 quod
1097 393 1229 432 insons
1274 392 1576 444 innocensque

176 471 289 509 esset
305 464 586 508 causabatur:
617 470 670 515 et,
699 463 809 519 quad
827 469 947 517 caput
971 466 1050 512 est,
1072 475 1128 502 ne
1148 461 1292 502 eidem
1312 460 1466 501 iterum
1488 458 1571 499 dies

176 535 392 585 diceretur,
415 548 510 575 neve
540 534 687 575 iterum
719 532 1010 574 animadverti
1034 536 1259 571 statuerent
1274 534 1287 559 5
1316 529 1360 569 in
1380 543 1485 580 eum,
1504 527 1576 569 de-

169 602 437 659 precabatur,
459 615 649 656 cumque
670 600 850 643 comitia
871 605 1019 641 esseut
1037 596 1290 639 dimittenda.

826 674 905 710 ut.³

168 894 186 923 5
211 889 275 922 Ed.
287 888 379 921 Scal.
392 891 582 920 statuerunt.

776 982 923 1015 NOTAE

122 1063 246 1094 bimus.
292 1062 403 1094 Locus
428 1061 530 1102 igitur
553 1060 687 1101 integer
709 1059 758 1091 sic
774 1068 826 1090 re·

126 1112 347 1145 sarciendus:
371 1122 496 1153 cumque
511 1111 637 1143 comitia
660 1113 761 1143 essent
777 1110 826 1140 di-

125 1164 292 1202 mittenda,
312 1167 438 1204 peracto
453 1162 620 1204 sacrificio,
645 1162 733 1203 quasi
745 1161 829 1204 finis

124 1214 307 1254 impetratus
322 1217 411 1248 esset,
427 1216 457 1244 et
473 1213 563 1252 quasi
578 1213 688 1251 forent
703 1211 829 1243 comitia

123 1265 261 1306 perfecta
290 1265 392 1301 sumi‚·
416 1270 481 1294 tum
500 1273 587 1294 reum
601 1262 752 1301 jubebant
778 1272 827 1293 sa-

125 1316 265 1346 cerdotes
279 1325 333 1346 suo
347 1323 441 1354 more,
455 1313 582 1354 aliisque
593 1313 728 1354 peractis
731 1312 829 1351 juxta

125 1367 373 1397 consuetudinem
398 1366 470 1400 luci,
496 1366 529 1396 in
543 1374 600 1405 quo
625 1374 712 1395 sacra
726 1363 829 1402 sacie-

127 1417 214 1453 bant,
225 1426 276 1448 reo
292 1427 312 1448 a
327 1416 527 1447 calator-ibus
548 1415 762 1459 ingeniculato
780 1416 830 1444 ut·

128 1478 185 1509 que
197 1469 243 1499 ita
258 1469 421 1508 inclinato,
436 1468 540 1498 vinum
553 1467 587 1498 in
611 1470 705 1507 caput
725 1465 831 1503 iufun-

127 1519 240 1551 debant
268 1519 386 1550 solenni
418 1528 487 1549 cum
521 1518 710 1558 precatione.
756 1515 834 1547 Inde

129 1570 264 1600 Plautus
275 1580 285 1600 .·
302 1570 494 1609 Resecroque
509 1572 609 1600 mater
624 1568 704 1608 quod
719 1567 834 1597 dudum

129 1621 371 1652 obsecraveram.
419 1620 550 1651 Dicitur
570 1618 664 1650 etiam
687 1626 834 1648 resec-ror.

130 1672 210 1703 Non
229 1671 368 1702 dubium
393 1671 474 1712 quin
501 1671 549 1701 ita
574 1672 763 1709 conceptus
787 1668 836 1698 lo-

131 1735 192 1756 cus
208 1725 323 1756 fuerit.
369 1723 553 1756 Sciendum
577 1727 631 1754 est
653 1725 780 1759 autem,
794 1729 836 1751 ea

134 1775 380 1816 superstitione
397 1774 542 1805 imbutos
558 1773 663 1804 fuisse
675 1773 834 1811 Veteres,

134 1831 186 1866 ut,
202 1826 227 1858 si
243 1826 316 1867 quis
331 1826 453 1856 obsecro
470 1825 617 1863 dixerat,
641 1832 717 1854 eum
735 1831 835 1863 quem

133 1876 372 1917 alloquebatur
385 1874 600 1914 obstringere
614 1872 835 1912 obligareque

136 1928 280 1967 quodam
312 1930 523 1958 sacramento
551 1929 586 1956 et
608 1922 835 1964 jurejurando

133 1978 321 2017 videretur,
347 1977 437 2008 unde
463 1975 601 2006 liberari
618 1983 684 2005 non
707 1976 833 2014 posset,

133 2029 198 2060 nisi
214 2028 317 2068 idem,
331 2028 389 2069 qui
405 2027 656 2060 obsecraverat,
682 2033 832 2056 resecra-

133 2084 200 2118 ret‚
241 2078 276 2109 id
316 2084 379 2118 est,
408 2087 448 2108 ea
480 2076 646 2118 religione
677 2075 835 2106 solveret.

134 2129 250 2161 Plaut.
277 2129 430 2160 Aulular.
476 2129 602 2159 ‘Nunc
633 2131 668 2158 te
692 2125 836 2158 obsecro

135 2181 204 2211 Fac
219 2180 425 2211 mentionem
438 2188 513 2210 cuni
530 2177 713 2217 avunculo,
727 2181 837 2208 mater

137 2241 221 2262 mea:
236 2231 467 2270 Resecroque,
479 2232 600 2268 mater,
612 2227 700 2270 quod
711 2227 837 2258 dudum

136 2281 418 2313 obsecraveram:
461 2280 598 2320 Nempe
636 2279 838 2310 obsecrave-

138 2336 192 2362 rat
204 2336 360 2370 matrem,
375 2335 468 2361 utne
481 2339 555 2360 cum
566 2329 733 2360 avunculo
744 2337 838 2358 men-

140 2382 264 2412 tionem
293 2381 426 2412 faceret
456 2380 498 2411 de
537 2380 708 2411 Euclionis
756 2377 838 2410 filia.

141 2433 243 2462 Nunc
258 2437 389 2467 contra,
414 2435 545 2461 mutata
561 2429 744 2468 sententia,
763 2438 838 2460 eam

142 2484 314 2521 obsecrat,
329 2486 364 2513 ut
380 2492 454 2512 cum
479 2491 517 2512 eo
535 2481 578 2512 de
602 2480 719 2512 eadem
735 2479 836 2511 collo-

142 2538 276 2574 quatur.
321 2533 366 2563 Et
391 2533 469 2573 quia
484 2536 592 2563 mater
609 2532 713 2572 priori
739 2530 837 2561 obse-

141 2584 299 2615 eratione
311 2582 477 2614 obstricta
501 2587 535 2613 et
550 2583 703 2622 obligata
725 2590 838 2612 mane-

144 2636 213 2671 bat,
230 2634 462 2665 resecratione
478 2643 563 2674 opus
580 2639 667 2672 erat,
683 2643 749 2674 qua
765 2636 838 2663 e'am

143 2686 309 2727 religione
340 2684 495 2715 solveret.
555 2684 645 2716 Quin
671 2684 785 2722 etiam,
817 2682 844 2712 si

146 2737 219 2778 quis
244 2737 339 2768 Deos
366 2740 510 2766 testatus
537 2739 624 2766 esset
650 2744 685 2765 se
716 2732 843 2774 aliquid

882 1057 1068 1099 facturum,
1097 1058 1126 1090 is
1155 1066 1195 1089 eo
1219 1056 1448 1097 obligabatur,
1472 1063 1583 1096 neque

880 1114 961 1141 voto
988 1109 1126 1140 liberari
1154 1112 1293 1149 poterat
1322 1107 1387 1138 nisi
1412 1115 1448 1137 se
1472 1106 1585 1147 ipsum

882 1164 1102 1191 resecrasset.
1145 1160 1237 1191 Hinc
1266 1156 1506 1199 intelligendus
1535 1157 1585 1187 lo-

882 1221 941 1243 cus
966 1210 1162 1242 Marcellini
1178 1210 1239 1241 lib.
1258 1218 1365 1240 xxiv.
1390 1206 1480 1249 quod
1498 1205 1585 1237 vidit

883 1262 985 1293 etiam
1003 1261 1143 1293 doctiss.
1161 1261 1288 1292 Petrus
1305 1258 1480 1290 Pithoeus:
1499 1258 1584 1289 ‘Ex-

882 1312 1042 1344 clamavit
1065 1311 1259 1352 indignatus
1276 1310 1403 1341 acriter
1418 1308 1588 1343 Julianus,

884 1362 1075 1404 Jovemque
1107 1365 1253 1393 testatus
1279 1364 1333 1392 est
1361 1359 1452 1391 nulla
1479 1358 1589 1389 Marti

886 1425 984 1447 sacra
1010 1414 1200 1447 facturum:
1224 1423 1287 1446 nec
1315 1411 1503 1444 resecravit
1533 1419 1587 1442 ce-

886 1467 948 1498 leri
964 1470 1074 1498 morte
1102 1464 1324 1507 praeceptus?
1371 1464 1505 1503 Nempe
1528 1461 1589 1494 Ju-

888 1518 978 1548 liano
1002 1521 1111 1548 morte
1133 1520 1327 1558 praevento,
1344 1524 1410 1546 non
1432 1512 1529 1544 licuit
1552 1520 1588 1543 se

890 1567 1136 1599 obsecrationis
1184 1566 1348 1606 religione
1398 1563 1590 1595 absolvere.

888 1618 957 1649 Sed
975 1617 1152 1648 redeamus
1179 1616 1219 1647 ad
1240 1617 1392 1647 Festum.
1438 1614 1528 1644 Reus
1555 1613 1591 1643 in

891 1668 1030 1700 comitio
1047 1668 1208 1708 populum
1225 1671 1310 1706 orat,
1330 1671 1371 1697 ut
1388 1675 1424 1696 se
1439 1664 1591 1706 periculo

890 1718 1027 1750 liberet.
1070 1718 1185 1751 Judex
1215 1715 1451 1748 obsecratione
1478 1718 1590 1745 motus

886 1769 983 1809 jubet
996 1778 1073 1799 eum
1090 1776 1264 1800 resecrare
1283 1766 1370 1808 quod
1388 1765 1592 1796 obsecrave-

889 1822 959 1850 rat:
977 1828 1054 1849 nam
1071 1818 1134 1849 nisi
1149 1820 1353 1849 resecrasset
1370 1824 1460 1855 reuS,
1474 1823 1591 1855 quam-

890 1868 940 1899 vis
956 1869 1105 1909 exjusta
1118 1877 1222 1899 causa
1234 1877 1252 1898 a
1269 1866 1395 1908 populo
1410 1865 1591 1896 damnatus

890 1924 993 1959 esset,
1011 1920 1154 1960 populus
1175 1919 1248 1959 ipse
1265 1917 1427 1958 religione
1450 1915 1592 1947 obstric-

889 1975 942 2002 tus
959 1970 1149 2001 mansisset.
1194 1969 1287 2000 Reus
1303 1971 1424 1998 contra
1443 1970 1541 2006 urget
1556 1968 1593 1996 et

889 2022 979 2064 quod
996 2021 1157 2052 innocens
1181 2020 1227 2051 sit
1251 2023 1420 2057 causatur,
1437 2017 1593 2048 tandem-

890 2082 967 2114 que,
981 2082 1056 2103 cum
1073 2081 1150 2102 reus
1169 2070 1243 2111 cogi
1260 2079 1326 2101 non
1349 2074 1464 2110 potest
1480 2072 1518 2098 ut
1535 2076 1595 2107 po·

890 2123 1006 2163 pulum
1038 2127 1242 2162 resecraret,
1280 2119 1478 2152 sacerdotes
1516 2127 1593 2149 eum

889 2175 975 2205 sumi
995 2173 1136 2215 jubent,
1153 2179 1256 2214 atque
1272 2172 1322 2203 ita
1337 2180 1399 2212 per
1413 2169 1595 2207 calatores‚

889 2224 924 2255 id
942 2228 1007 2259 est,
1029 2223 1246 2255 sacerdotum
1271 2216 1401 2261 servm,
1420 2219 1593 2260 ingenicu-

891 2276 962 2306 lato
979 2275 1092 2306 vinum
1109 2273 1313 2312 infunditur,
1329 2280 1464 2312 nempe,
1483 2275 1522 2301 ut
1538 2278 1596 2309 op-

892 2327 974 2357 time
998 2325 1163 2366 Scaliger,
1179 2325 1266 2355 utin
1284 2333 1360 2355 eum
1385 2321 1491 2353 omnis
1517 2320 1595 2351 reli-

892 2377 946 2417 gio
962 2381 1142 2407 contracta
1156 2379 1318 2406 verteret.
1355 2373 1488 2413 Religio
1505 2371 1595 2403 enim

892 2431 1072 2458 contracta
1101 2426 1306 2466 intelligitur
1334 2434 1376 2456 ex
1410 2421 1596 2455 obsecrati·
1627 2414 1630 2420 ¹

891 2487 968 2517 one,
984 2481 1196 2518 quapropter
1219 2485 1287 2507 non
1315 2476 1415 2506 aliter
1443 2482 1596 2505 resecra-

892 2527 1006 2567 batur,
1028 2527 1062 2557 id
1079 2532 1144 2562 est,
1160 2535 1257 2558 sacro
1275 2530 1332 2556 aut
1350 2524 1514 2564 religione
1532 2521 1597 2552 sol-

893 2578 1038 2610 vebatur
1060 2577 1289 2617 magistratus,
1312 2584 1409 2616 quam
1436 2573 1463 2603 si
1482 2572 1597 2612 piacu-

897 2630 966 2660 lum
983 2633 1169 2659 contractae
1187 2626 1357 2666 religionis
1380 2624 1413 2654 in
1431 2622 1478 2653 rei
1492 2624 1597 2661 caput

899 2684 1058 2711 verteret.
1083 2679 1166 2710 Dae.

940 2736 951 2751 ¹
977 2752 984 2761 .
1009 2752 1018 2761 .
1044 2752 1052 2761 .
1078 2752 1086 2761 .
1112 2733 1147 2760 ut
1151 2749 1286 2759 .....
1309 2726 1323 2766 ]
1349 2726 1430 2761 Ista,
1444 2723 1597 2765 quamvis
