1876 3025
261 131 346 172 936

317 237 525 280 subucula
542 245 574 272 ¹9
595 240 848 295 appellatur.

698 147 845 178 SEXTI
881 149 974 180 POM
986 150 1083 181 PE11
1118 152 1254 184 FESTI

911 242 1161 299 Pomponius
1182 246 1223 287 in
1246 247 1454 289 Fullonia

1209 343 1218 353 .
1267 313 1399 355 velum
1416 329 1555 362 omne,
1579 319 1700 370 quod

317 385 363 411 ex
384 371 463 413 Iino
496 380 568 423 est,
600 372 748 415 dicitur
780 390 1026 430 supparum.
1086 379 1309 421 Puniceum
1339 382 1615 423 vestimentum
1643 384 1702 424 ita

314 444 436 481 vocat
466 439 654 482 Naevius
675 445 729 483 de
750 441 850 483 bello
874 442 1069 486 Punico:
1101 451 1144 488 et
1176 447 1222 487 in
1251 447 1418 489 Nautis
1447 456 1561 489 vocat
1592 449 1703 503 Nep-

862 562 980 574 eeeeee

302 645 341 673 19
365 642 429 675 Ed.
444 643 531 675 Scal.
546 644 678 676 subulca.

983 563 1099 577 enee!

913 753 1051 784 NOTAE

254 818 302 850 ita
324 822 409 850 cocat
434 821 539 852 Naevz'.
560 823 596 852 de
618 823 693 854 bello
716 824 846 866 Punico,
867 829 896 857 et
918 826 951 858 in

257 869 386 901 Nautis.
434 871 498 902 Nos
525 877 628 904 autem
655 878 769 905 vestem
797 886 949 908 consecra-

256 922 320 949 tam
335 929 500 960 supparum
520 932 659 954 vocamus
669 935 679 955 .·
701 929 731 955 et
746 935 824 956 nunc
839 936 950 967 suppa-

253 979 304 998 ros·
317 971 447 1001 dicimus
458 973 523 1002 vela
539 973 614 1004 linia
626 974 656 1004 z'n
672 984 790 1006 crucem
804 986 951 1017 expansa.

254 1019 374 1050 Μιιίἱεν
398 1021 518 1052 videtur
535 1024 637 1062 puella
661 1035 736 1062 esse,
750 1036 880 1067 supparo
903 1030 950 1059 in-

254 1071 341 1109 duta,
356 1075 389 1102 ut
405 1072 449 1102 ait
465 1073 638 1111 Afranius.-
665 1076 775 1107 Puella
796 1088 854 1109 non
871 1088 949 1118 sum,

253 1129 384 1160 supparo
398 1123 426 1152 si
442 1124 550 1155 induta
570 1134 648 1155 sum.
693 1126 746 1157 Ita
770 1128 840 1159 liaec
864 1129 947 1160 divi-

253 1171 419 1209 navimus,
442 1174 493 1204 vel
521 1175 632 1214 potius
656 1176 810 1209 hariolati
837 1188 948 1210 sumus

253 1229 295 1249 ex
319 1221 368 1251 his
395 1222 501 1261 Festi,
529 1235 603 1265 quae
632 1226 726 1257 nobis
751 1235 946 1268 supersunt,

252 1270 413 1311 reliquiis.
455 1273 532 1305 Jam
550 1284 734 1315 supparum
760 1287 832 1308 esse
849 1288 946 1310 omne

252 1320 392 1352 linteum
420 1324 539 1360 velum,
557 1324 589 1354 id
616 1335 730 1356 verum
756 1331 821 1365 est,
838 1337 946 1369 neque

252 1372 352 1403 a'iter
374 1379 485 1412 potest
511 1385 594 1406 esse.
639 1376 693 1407 Ita
717 1378 804 1409 enim
823 1384 858 1409 et
875 1381 948 1411 vela

251 1423 285 1452 in
304 1424 445 1454 navibus
463 1425 638 1457 vocabant.
683 1428 778 1458 Unde
798 1430 948 1462 Lucanus

252 1479 288 1504 et
305 1474 435 1505 Seneca
452 1476 633 1508 dixerunt:
664 1480 672 1496 ‘
686 1479 838 1519 Suppara
858 1482 947 1512 velo-

252 1523 350 1554 rum.'
393 1525 531 1556 Vestem
548 1534 792 1566 consecratam,
808 1534 843 1560 et
861 1532 947 1561 vela-

251 1580 400 1604 mentum
413 1575 443 1605 in
457 1576 560 1611 signis
572 1578 772 1609 militaribus
790 1581 881 1611 cruci
894 1591 947 1611 su-

252 1626 473 1666 perpositum,
486 1628 631 1668 Siparwn
648 1631 769 1668 vocari,
794 1636 859 1662 tam
878 1642 947 1664 cer-

253 1682 320 1705 tum
338 1681 403 1716 est,
420 1687 516 1717 qnam
535 1688 647 1708 verum
673 1680 729 1710 illo
746 1681 946 1713 Tertulliani

252 1725 326 1756 loco
343 1736 444 1765 supra
462 1737 479 1757 a
497 1728 592 1758 nobis
617 1731 797 1762 emendato
823 1733 946 1764 indica-

252 1777 302 1806 ri:
329 1781 336 1793 ¹
353 1777 473 1817 Sipara
485 1779 538 1808 illa
552 1780 809 1820 vexillorum‚et
821 1785 945 1815 candes

251 1827 463 1858 labarorum'
487 1830 569 1869 (vel,
605 1838 639 1861 et
679 1832 944 1875 Cantabrorum)

248 1877 258 1894 ‘
275 1878 369 1908 stolae
387 1879 534 1909 crucium
552 1881 654 1912 sunt.’
679 1881 766 1913 Nam
785 1888 817 1914 et
837 1887 946 1916 candes

252 1934 374 1968 vestes,
391 1934 424 1959 et
439 1930 556 1969 sipara,
580 1932 653 1962 vela
675 1932 741 1967 illa,
758 1933 799 1964 de
826 1936 944 1975 quibus

250 1977 296 2006 ait
316 1977 443 2009 Festus.
465 1979 535 2009 ιΙοε.
551 1979 634 2011 Scat.

291 2027 464 2067 Suplmrns]
490 2029 556 2060 Hic
593 2031 745 2070 quaedam
775 2044 835 2064 suo
871 2035 943 2065 loco

250 2083 342 2107 mota
364 2082 452 2108 sunt.
496 2079 611 2111 Quare
637 2081 745 2111 locum
775 2083 942 2122 integrum

251 2127 299 2157 sic
326 2137 507 2167 compono:
534 2130 719 2169 Pomponius
745 2133 776 2162 in
799 2133 942 2165 Fullonia

251 2200 350 2209 .....
368 2179 486 2209 Mulier
500 2180 622 2211 videtur
636 2182 735 2220 puella
749 2192 877 2222 supparo
894 2184 941 2213 in-

247 2230 335 2260 duta.
384 2229 426 2259 Ut
443 2230 591 2267 Afranius
605 2231 662 2269 nil,
680 2232 788 2262 Puella
803 2243 861 2263 non
875 2244 943 2264 sum

248 2290 378 2320 supparo
401 2282 428 2312 sz'
458 2281 566 2311 induta
601 2292 678 2312 sum.
722 2284 816 2314 Nunc
845 2285 942 2315 velum

248 2341 334 2361 omne
355 2333 432 2370 quod
449 2341 488 2367 ex
503 2332 564 2361 lino
582 2335 640 2369 est,
654 2333 707 2371 [3⁴⁶.
754 2333 845 2363 Nihil
869 2343 941 2364 cer-

250 2380 316 2410 tius
349 2380 411 2410 bac
450 2381 673 2412 restitutione.
719 2382 845 2413 Verum
889 2389 941 2413 est

249 2430 337 2470 quod
370 2431 417 2460 ait
446 2431 578 2468 Festus,
607 2440 788 2470 supparum
814 2436 940 2463 vestem

249 2481 432 2520 puellarem
468 2479 582 2511 fuisse.
627 2481 715 2511 Nam
754 2481 839 2511 male
879 2482 940 2512 viri

247 2531 339 2562 docti
367 2531 492 2561 virilem
518 2535 644 2561 vestem
669 2531 940 2571 interpretantur

247 2583 280 2612 in
319 2581 375 2612 illo
403 2581 564 2611 Varronis
598 2590 638 2611 ex
675 2581 938 2613 Eumenidibus:

247 2634 255 2649 ‘
275 2631 341 2662 Hie
357 2631 495 2662 indutus
510 2640 693 2670 supparum
716 2641 871 2663 coronam
897 2642 938 2663 ex

249 2691 329 2713 auro
343 2687 376 2713 et
390 2681 525 2723 gemmis
537 2680 719 2722 fulgentem
737 2682 848 2723 gerit!
870 2683 937 2714 Hic

1004 828 1106 867 enim,
1122 834 1160 861 ut
1177 834 1273 870 patet
1294 840 1335 861 ex
1359 831 1485 868 Nonio,
1501 827 1543 861 de
1568 829 1701 860 homine

1003 879 1153 920 loquitur
1182 881 1291 912 Varro
1319 881 1386 922 qni,
1417 880 1560 912 Aurorae
1590 885 1700 911 vestes

1005 929 1152 969 indutus,
1182 930 1348 962 Auroram
1378 930 1571 968 simulabat,
1593 930 1638 961 ita
1662 934 1701 961 nt

1007 990 1081 1020 quae
1111 981 1216 1011 tribus
1241 982 1323 1012 locis
1350 981 1438 1022 apud
1464 980 1612 1012 Nonium
1635 980 1700 1010 dis-

1005 1035 1115 1061 tracta
1138 1032 1298 1071 leguntur
1323 1031 1357 1062 in
1384 1034 1393 1048 ‘
1411 1029 1522 1070 affici‚'
1551 1032 1559 1047 ‘
1577 1040 1700 1070 suppa-

1004 1079 1101 1117 rum,'
1117 1085 1153 1111 et
1176 1082 1184 1097 ‘
1199 1079 1384 1116 ostrinam,'
1397 1080 1444 1111 ita
1466 1079 1701 1120 conjungenda

1002 1130 1093 1161 sint:
1127 1130 1266 1162 Aurorae
1303 1131 1452 1161 ostrinum
1488 1130 1538 1160 laic
1573 1130 1700 1160 indutus

1001 1189 1189 1220 supparum:
1229 1182 1377 1212 Coronam
1409 1191 1448 1212 ex
1480 1190 1554 1211 auro
1573 1179 1700 1219 fulgen—

1003 1233 1061 1260 tem
1083 1231 1181 1269 gerit,
1209 1231 1291 1262 Luce
1316 1232 1413 1261 locum
1439 1231 1585 1272 afficiens.
1633 1229 1702 1260 Ad-

1001 1280 1052 1311 dit
1088 1281 1206 1312 Festus
1235 1290 1418 1322 supparum
1448 1290 1521 1312 esse
1554 1280 1697 1311 subucu-

1002 1330 1080 1361 lam.
1125 1330 1235 1361 Varro
1253 1335 1364 1361 tamen
1386 1335 1503 1370 aperte
1519 1329 1698 1370 distinguit

1001 1380 1059 1411 lib.
1077 1389 1124 1412 lv.
1140 1380 1182 1411 de
1198 1380 1237 1411 L.
1253 1381 1289 1412 L.
1313 1381 1322 1397 ‘
1335 1380 1489 1411 Alterum
1513 1379 1601 1420 qnod
1620 1379 1697 1410 sub·

1002 1436 1069 1469 tus,
1084 1441 1102 1461 a
1119 1440 1183 1472 qno
1201 1430 1374 1471 subucula,
1386 1431 1526 1461 alterum
1542 1429 1630 1470 quod
1643 1439 1697 1459 su·

1002 1491 1073 1521 pra,
1102 1491 1120 1511 a
1147 1491 1212 1522 quo
1239 1491 1425 1521 supparus:
1457 1481 1519 1511 nisi
1545 1480 1632 1520 quod
1660 1479 1694 1510 id

1000 1531 1117 1562 dicunt
1135 1530 1249 1562 Osce.’
1275 1532 1342 1562 Sed
1356 1530 1462 1570 magis
1477 1531 1587 1570 placet
1601 1530 1695 1560 Festi

998 1582 1186 1612 sententia:
1212 1586 1247 1611 et
1266 1582 1331 1612 erit
1350 1590 1498 1621 supparus
1523 1580 1565 1610 ab
1586 1579 1642 1609 ὑπὸ
1658 1585 1694 1610 et

997 1629 1102 1670 φάρος,
1131 1636 1169 1662 ut
1194 1633 1202 1648 ‘
1218 1631 1393 1662 subucula’
1419 1641 1436 1661 a
1462 1630 1471 1646 ‘
1487 1629 1614 1669 subno,'
1633 1639 1693 1670 pro

996 1684 1005 1698 ‘
1019 1681 1171 1713 subduo.’
1198 1681 1301 1712 Addit
1316 1683 1450 1719 Festus,
1461 1681 1568 1710 velum
1581 1689 1694 1717 omne,

996 1732 1084 1773 quod
1102 1742 1142 1762 ex
1161 1732 1226 1762 lino
1249 1738 1314 1770 est,
1331 1740 1512 1771 supparum
1532 1730 1608 1761 dici.
1646 1731 1692 1761 Et

997 1791 1111 1812 verum
1136 1787 1201 1813 est.
1245 1782 1301 1812 Ita
1328 1788 1362 1812 et
1386 1782 1460 1811 vela
1486 1781 1519 1811 in
1547 1780 1689 1810 navibus

996 1832 1173 1863 vocabant.
1218 1831 1316 1862 Unde
1341 1831 1494 1861 Lucanus
1510 1835 1544 1860 et
1560 1830 1693 1860 Seneca

995 1883 1176 1913 dixerunt:
1193 1882 1358 1921 ‘suppara
1375 1880 1545 1911 velorum.’
1584 1879 1692 1910 Addit

995 1934 1114 1964 Festus
1129 1945 1135 1961 :
1163 1934 1333 1963 Puniceum
1348 1932 1561 1963 vestimentum
1577 1931 1623 1961 ita
1638 1940 1690 1960 vo—

993 1986 1044 2013 cat
1077 1974 1217 2013 Navius.
1265 1982 1412 2012 Doctiss.
1444 1981 1578 2011 Vossius
1600 1976 1691 2019 'tegit

996 2033 1148 2063 Punicum
1163 2033 1389 2068 vestimentum,
1407 2035 1442 2060 ut
1460 2030 1569 2070 signet
1586 2030 1691 2059 Sche-

992 2092 1046 2112 ma
1077 2081 1418 2122 Carthaginiensium,
1446 2089 1586 2120 quorum
1611 2089 1687 2109 cum

995 2132 1150 2161 Romanis
1167 2131 1287 2161 bellum
1305 2130 1516 2160 describebat
1536 2129 1688 2160 Nasvius.

991 2180 1086 2212 Idem
1099 2180 1186 2222 quod
1199 2181 1403 2221 sec1uitiir,in
1413 2180 1540 2217 Nautis,
1552 2189 1614 2210 non
1629 2189 1688 2219 pu-

992 2235 1040 2262 tat
1057 2241 1129 2262 esse
1144 2232 1266 2261 fabulae
1285 2240 1417 2266 nomen,
1435 2231 1493 2260 sed
1509 2240 1685 2261 commune

991 2291 1048 2311 seu
1079 2282 1332 2322 appellativum,
1358 2286 1393 2310 ut
1423 2281 1592 2310 sententia
1628 2281 1683 2320 sit,

991 2332 1160 2369 Naevium,
1190 2341 1254 2370 quo
1280 2332 1352 2361 loco
1376 2330 1537 2360 describit
1566 2334 1686 2360 nautas

991 2388 1118 2412 vestem
1158 2382 1320 2420 Neptuno
1349 2385 1599 2418 consecrantes,
1629 2390 1687 2419 ap-

991 2432 1116 2472 pellare
1134 2441 1206 2460 eam
1224 2440 1418 2470 supparum.
1464 2430 1528 2461 Sed
1548 2430 1601 2460 vix
1625 2440 1686 2470 pu-

992 2487 1058 2512 tem
1071 2481 1118 2511 ita
1133 2481 1278 2511 lor-utum
1291 2479 1396 2510 fuisse
1408 2480 1562 2510 Festum:
1580 2490 1683 2519 quare

989 2531 1042 2562 hie
1065 2530 1174 2569 potius
1191 2529 1336 2560 fabulam
1353 2530 1405 2560 cui
1425 2531 1538 2560 Nautoe
1561 2539 1682 2561 nomen

989 2586 1063 2612 erat
1090 2579 1260 2619 designari
1287 2578 1503 2617 crediderim,
1532 2580 1682 2619 quamvis

988 2629 1139 2669 ejusdem
1157 2630 1249 2660 nulla
1273 2629 1350 2660 alibi
1370 2627 1461 2660 facta
1477 2629 1518 2660 sit
1541 2629 1681 2661 mentio.

987 2681 1067 2712 Dae.
