1876 3025
202 173 265 203 DE
298 169 570 203 VERBORUM
605 164 1019 199 SIGNIFIGATIONE
1055 164 1146 194 Lis.
1180 162 1390 194 xrx.xx
1452 152 1562 193 1007

115 266 272 309 Vestis
291 272 304 289 ²
328 264 584 319 generaliter
607 262 781 310 dicitur,
798 264 846 302 ut
867 259 1073 312 stragula,
1095 258 1296 307 forensis,
1318 257 1564 297 muliebris:

169 334 474 375 vestimentum
496 343 598 385 pars
621 330 786 383 aliqua,
807 333 855 370 ut
877 327 1074 381 pallium,
1097 325 1259 374 tunica,
1282 324 1462 378 penula.

116 399 401 442 Veteratores
416 396 428 419 f
453 397 602 439 callidi
623 397 726 438 dicti
750 409 775 436 a
797 395 935 436 multa
954 407 1092 435 rerum
1114 392 1397 446 gerendarum
1418 393 1567 431 vetus-

172 473 280 509 tate.

173 535 409 589 persuasit.

341 467 625 508 Ganniuszw
660 463 830 505 mulieri
863 476 949 504 non
984 465 1147 503 astutae
1182 460 1315 501 facile
1350 462 1567 499 veterator

117 602 375 644 Veterinam
389 600 404 622 *¹
435 601 620 642 bestiam
639 599 885 654 jumentum
908 597 1018 639 Cato
1039 595 1286 650 appellavit
1308 608 1335 636 a
1355 592 1566 635 vehendo.

175 669 355 723 Opilius
376 669 616 710 veterinam
639 667 727 707 dici
758 669 899 719 putat,
930 666 1058 718 quasi
1079 663 1362 711 venterinam,
1382 660 1451 702 vel
1471 664 1569 699 ute-

174 737 327 786 rinam,
350 736 471 789 quod
493 734 549 776 ad
572 738 763 776 ventrem
783 745 896 773 onus
917 731 1143 783 religatum
1165 733 1298 781 gerat.

118 802 413 844 Veternosusi
444 803 602 844 dicitur
636 801 712 855 qui
739 800 860 853 gravi
880 799 1089 853 premitur
1110 807 1282 838 somno.

1344 777 1457 836 Cato
1479 792 1572 834 Ve-

175 875 396 912 ternosum
417 870 705 923 hydropicum
726 867 907 918 intelligi
927 865 1085 914 voluit,
1114 877 1214 905 cuin
1245 862 1331 903 ait:
1365 860 1572 902 Veterno-

176 950 251 978 sus
275 950 408 990 quam
431 937 665 990 plurimum
681 935 810 980 bibit,
833 938 923 974 tam
947 932 1138 973 maxime
1160 931 1267 972 sitit.

117 1005 348 1046 Vexillum
362 1003 376 1025 k
409 1003 729 1045 deminutivum
757 1006 826 1042 est
845 1014 872 1041 a
892 1000 1001 1041 velo.

119 1069 347 1114 Viatores¹
380 1071 736 1125 appellabantur,
768 1068 844 1122 qui
876 1064 1208 1120 magistratibus
1240 1064 1484 1118 parebant:
1518 1073 1571 1101 eo

728 1187 844 1201 ‘‘‘‘‘‘

848 1187 966 1200 eeeeee

162 1272 181 1300 4
210 1268 263 1299 Al.
277 1268 429 1308 Zamzius,
445 1267 597 1308 Samius,
615 1268 768 1308 Granius,
785 1268 823 1299 C.
839 1266 977 1305 Annius,
996 1265 1031 1296 T.
1049 1264 1183 1305 Annius,
1203 1263 1332 1294 Canius.

780 1395 920 1428 NOTAE

121 1460 279 1501 puberes,
297 1461 417 1503 quibus
444 1465 585 1502 propter
611 1464 759 1492 teneram
777 1471 821 1491 a·-

122 1516 226 1542 tatem
243 1512 334 1542 nulla
349 1521 426 1552 pars
442 1511 593 1551 corporis
608 1510 716 1552 pilat.'
733 1509 822 1541 Vide

115 1561 220 1601 pubes.
245 1561 353 1594 Idem.

163 1618 177 1634 e
205 1613 323 1654 Vestis]
365 1613 424 1644 Ait
445 1617 571 1643 vestem
589 1611 655 1642 dici
673 1621 771 1642 omne
788 1611 822 1641 id

123 1672 188 1704 quo
204 1664 278 1704 quis
307 1663 461 1698 vestitur,
487 1663 728 1693 vestimentum
746 1671 825 1702 par-

121 1717 189 1743 tem
207 1713 354 1754 aliquam
373 1713 488 1751 vestis,
504 1717 541 1742 ut
561 1712 724 1750 tunicam,
751 1712 825 1751 pal-

121 1763 216 1802 lium,
241 1765 306 1794 διε.
352 1762 420 1794 Sed
443 1762 623 1794 discrimen
648 1762 731 1793 illud
759 1771 825 1793 non

122 1813 338 1844 observatur.
361 1814 459 1844 Idem.

167 1861 180 1881 f
205 1862 416 1902 Veteratores]
453 1862 582 1894 Donat.
621 1862 629 1879 ‘
644 1862 827 1892 Veterator

123 1919 177 1944 est
196 1919 293 1944 vetus
310 1913 343 1943 in
360 1913 501 1952 astutia,
514 1911 619 1952 etqui
636 1911 667 1941 iu
685 1911 774 1942 omni
792 1920 827 1943 re

124 1963 268 1994 callidus
285 1963 362 1994 est.'
407 1962 553 2003 Proprie
567 1962 608 1992 de
623 1962 729 1992 servis
745 1961 830 1993 (liei-

126 2018 182 2043 tur
198 2013 255 2054 qui
284 2014 386 2053 longo
404 2023 466 2044 usu
491 2017 527 2043 et
543 2013 646 2052 longa
661 2011 828 2043 servitute

130 2065 234 2095 astuti
251 2069 286 2095 et
303 2063 389 2095 vafri
401 2063 483 2094 faeti
500 2067 589 2094 sunt.
613 2062 711 2094 Idem.

165 2119 180 2141 g
193 2113 347 2153 Uannius]
362 2114 485 2144 Melius
500 2114 639 2149 Canius;
654 2112 709 2153 qui
728 2111 830 2152 poe'ta

124 2162 188 2196 fuit
198 2164 390 2196 Gaditanus
404 2168 507 2194 aetate
521 2162 722 2194 Domitiani.
734 2162 830 2192 Idem.

167 2213 182 2233 ¹¹
210 2213 405 2253 Veterinam]
442 2212 573 2243 Glossae
593 2221 602 2242 t
632 2212 641 2228 ‘
666 2211 828 2242 Veterina,

124 2264 247 2304 bestia,
264 2262 452 2303 §roffi—yion?
475 2263 545 2293 Jos.
562 2261 645 2293 Scal.

173 2313 366 2354 Veterinam]
378 2314 493 2345 Gloss.
505 2312 515 2329 ‘
526 2311 706 2350 Veterina,
718 2309 826 2347 κτήνη.

126 2364 342 2404 Veterinum‚
359 2364 565 2404 jumentum,
582 2360 717 2398 κτῆνος.’
761 2361 827 2391 Lu-

127 2418 208 2445 cret.
227 2413 286 2444 lib.
304 2422 339 2443 v.
363 2417 371 2430 ‘
387 2413 439 2443 Ne
463 2411 553 2443 forte
575 2421 617 2442 ex
642 2410 776 2441 homine
793 2413 828 2440 et

126 2464 282 2496 veterino
299 2463 462 2503 sauguine
480 2461 668 2503 equorum?
707 2461 828 2492 Veteri-

127 2524 199 2545 num
217 2514 311 2555 quasi
332 2513 551 2553 vehiterinum,
572 2513 630 2543 sed
651 2512 742 2552 prius
759 2511 828 2542 dic-

131 2570 202 2595 tum
213 2567 262 2595 vel
267 2563 382 2603 urium,
390 2563 485 2603 quasi
496 2563 692 2594 vehiterz'um.
716 2562 800 2593 Dae.

171 2613 178 2634 i
204 2612 401 2653 Veternosus]
427 2613 535 2644 Varro
566 2612 829 2643 Eumenidibus:

127 2664 136 2680 ‘
152 2664 239 2695 Nam
258 2667 294 2693 ut
325 2663 476 2703 arquatis
502 2667 536 2693 et
554 2662 740 2692 veternosis
757 2670 831 2702 quae

130 2714 223 2745 lutea
238 2723 304 2744 non
320 2718 413 2753 sunt,
438 2722 535 2754 aeque
553 2717 589 2743 ut
607 2713 701 2743 lutea
718 2711 832 2743 viden-

879 1466 956 1492 tur:
986 1459 1034 1490 sic
1062 1457 1187 1489 insanis
1211 1456 1283 1486 sani
1309 1460 1344 1486 et
1367 1453 1503 1485 furiosis
1534 1453 1578 1483 vi=

877 1510 1002 1541 dentur
1015 1518 1089 1539 esse
1104 1505 1236 1537 insani?
1264 1505 1396 1536 Glossae
1412 1516 1419 1535 :
1434 1506 1442 1520 ‘
1457 1504 1579 1533 Veter«

878 1569 994 1598 nosuS,
1008 1557 1159 1597 φθισικὸς,
1173 1554 1361 1596 ὑδρωπικός.’
1382 1555 1450 1585 Pro
1462 1553 1580 1584 Plitlii-

877 1610 904 1640 si
927 1609 1092 1649 Apuleius
1115 1607 1173 1638 lib.
1192 1615 1242 1637 lx.
1266 1606 1475 1645 ‘Totumque
1494 1602 1582 1633 cori-

878 1669 934 1691 um
975 1664 1116 1689 veterno
1149 1662 1253 1697 atque
1285 1654 1439 1686 scabiosa
1472 1651 1581 1682 macie

877 1707 1097 1750 exasperati!
1140 1706 1188 1738 At
1204 1705 1368 1744 Virgilius
1380 1712 1441 1744 pro
1455 1702 1581 1733 lethar-

879 1770 933 1801 go.
957 1760 1028 1791 dos.
1045 1758 1130 1789 Scul.

927 1807 1126 1848 Veternosusj
1152 1807 1179 1836 A
1198 1805 1362 1845 Vetern0‚
1390 1803 1423 1834 id
1448 1806 1511 1840 est,
1536 1802 1582 1832 le·-

879 1859 1025 1899 thar-gia,
1061 1863 1215 1898 stupore,
1245 1864 1371 1887 somno.
1413 1852 1533 1892 Virgil.
1559 1861 1582 1882 1.

880 1910 1008 1949 Georg.
1034 1909 1042 1926 ‘
1065 1909 1141 1939 Nee
1172 1913 1309 1947 torpere
1337 1903 1432 1944 gravi
1465 1912 1583 1943 passus

879 1968 940 1989 sua
964 1967 1072 1998 regna
1097 1953 1263 1987 veterno.'
1314 1954 1463 1986 Veternus
1480 1952 1583 1982 etiam

885 2008 1017 2039 morbus
1055 2008 1220 2045 intercus,
1256 2004 1434 2044 Hydrops.
1471 2002 1584 2033 Gloss‚

884 2059 892 2075 ‘
904 2058 1126 2094 veternosus,
1142 2054 1295 2095 φθισικὸς,
1306 2051 1495 2094 ὑδρωπικός.’
1504 2051 1585 2082 Dae.

928 2107 943 2128 k
961 2107 1131 2147 Vexillum]
1146 2106 1241 2136 Idem
1254 2105 1449 2136 Priscianus
1464 2106 1497 2132 et
1508 2102 1585 2132 Ser-

886 2158 979 2189 vius:
997 2157 1056 2188 sed
1074 2156 1210 2187 omnino
1222 2157 1321 2186 velum
1335 2158 1387 2185 est
1398 2162 1416 2182 a
1427 2151 1586 2185 vexillum,

885 2213 923 2239 ut
942 2209 993 2238 ala
1009 2207 1051 2237 ab
1073 2206 1183 2245 axilla,
1208 2205 1323 2235 demta
1339 2203 1440 2234 litera
1456 2212 1490 2232 x.
1530 2200 1586 2231 Ci-

883 2267 963 2289 cero
980 2258 1012 2288 iu
1031 2257 1180 2288 Oratore
1203 2255 1246 2285 ad
1265 2255 1429 2285 Brutum:
1454 2253 1462 2268 ‘
1478 2250 1586 2282 Quin-

883 2308 987 2340 etiam
1010 2307 1115 2338 verba
1135 2315 1226 2346 saepe
1243 2304 1503 2337 contrahuntur,
1520 2309 1586 2330 non

885 2369 961 2390 usus
995 2368 1110 2396 causa,
1136 2356 1195 2387 sed
1221 2355 1363 2386 aurium,
1408 2350 1588 2385 Quomodo

884 2409 972 2440 enim
991 2413 1103 2438 vester
1121 2406 1220 2437 axilla
1239 2406 1290 2435 ala
1311 2404 1424 2434 factus
1441 2406 1507 2439 est,
1523 2399 1588 2430 nisi

882 2458 962 2499 fuga
985 2458 1094 2488 literae
1124 2454 1307 2486 vastioris?
1329 2462 1430 2494 quam
1454 2452 1587 2481 literam

884 2510 986 2541 etiam
1004 2518 1022 2539 e
1039 2506 1193 2544 maxillis,
1217 2510 1251 2536 et
1274 2504 1410 2541 taxillis,
1426 2506 1460 2532 et
1482 2499 1586 2530 vexil-

884 2559 940 2599 lis,
955 2564 989 2590 et
1007 2557 1132 2599 paxillo
1145 2554 1356 2588 consuetudo
1370 2553 1508 2592 elegans
1524 2551 1586 2580 La-

887 2610 950 2640 tini
966 2608 1131 2638 sermonis
1147 2603 1286 2637 evellit.'
1315 2604 1415 2634 Idem.

919 2657 928 2678 ¹
947 2656 1105 2696 Viatores]
1124 2657 1274 2687 Glossae:
1293 2655 1301 2670 ‘
1318 2654 1450 2690 Viator,
1466 2648 1588 2681 ὃδοιπό--

887 2719 951 2749 ρος,
966 2705 1181 2747 ἀμφοδάρχης,
1201 2701 1447 2745 ἀρχιϋπηρέτης.’
1484 2700 1588 2731 Vide-
