1876 3025
286 189 348 218 Db:
383 185 656 217 VERBORUM
691 179 1104 214 SlGNlFICATlONE
1140 179 1231 209 LlB.
1266 177 1394 208 XVII.

170 297 258 324 non
293 295 450 336 magno
489 281 747 322 detrimento
789 277 1094 320 adficerentur.

1484 164 1567 206 863

1155 273 1424 328 Septuennio
1461 285 1570 325 quo-

171 365 257 406 que
273 347 431 404 (anno)
450 362 559 390 usus
582 351 666 397 est,
687 352 736 388 ut
767 347 913 400 priore
933 355 1134 392 numero,
1166 342 1245 382 sed
1282 341 1327 382 id
1355 353 1441 381 non
1471 353 1571 393 per-

170 419 332 460 mansit
353 419 398 458 in
417 430 516 466 usu,
539 429 621 457 nec
644 415 834 468 amplius
855 412 1075 467 processit
1096 411 1142 451 in
1161 410 1384 464 majorem.

116 487 263 530 Sexus
280 492 291 510 ¹
307 492 324 515 ‘³
342 486 467 527 aliter
484 483 704 537 significat
721 495 850 531 sexu,
867 484 1041 529 natura,
1057 479 1301 531 habituque
1320 489 1379 517 ex
1393 475 1570 523 Graeco,

172 567 306 608 quam
323 553 386 594 illi
408 555 569 594 vocant
591 549 676 601 ἕξιν,
698 549 907 591 Afranius
926 549 972 588 in
994 546 1204 598 Privigno
1226 545 1290 586 sic
1308 545 1387 594 ait,
1401 548 1416 565 ²
1435 544 1570 584 orbus

171 621 288 662 virili
310 634 422 662 sexu
459 619 689 673 adoptavit
721 618 822 659 sibi.

882 615 1114 657 Pacuvius
1136 614 1180 654 in
1201 612 1413 654 Atalanta
1432 625 1442 652 ε
1473 609 1573 671 Tri-

173 689 335 742 plicem
357 688 475 729 virili
498 700 607 728 sexu
629 690 804 739 partum
825 687 1042 738 procreat.

118 757 283 806 Sexus,
303 759 472 805 natura,
495 754 568 796 vel
587 753 781 801 habitus,
803 764 861 793 ex
882 750 1044 792 Graeco
1068 747 1137 799 ἕξις
1159 753 1358 790 vocatur.

119 823 319 864 Sibinam
338 828 351 844 f
371 822 599 876 appellant
617 820 788 873 Illyrici
809 819 943 860 telum
966 816 1176 858 venabuli
1198 815 1356 856 simile.
1393 811 1572 866 [PAUL.

177 889 343 931 Ennius
361 902 370 930 :
405 888 574 941 Illyrici
590 892 601 908 ⁵
621 890 788 928 restant
804 885 911 926 sicis
935 884 1182 937 sibinisque
1204 883 1438 924 fodentes.³

731 993 849 1006 ‘‘‘‘‘‘

851 991 972 1005 eeeee

164 1076 180 1104 1
205 1075 285 1106 Vet.
307 1074 384 1106 cod.
409 1085 508 1106 secus.
553 1074 642 1105 Vide
669 1072 835 1105 infra.——2
860 1070 926 1104 Ed.
952 1070 1041 1103 Scal.
1066 1069 1212 1110 ugit.—3
1239 1067 1436 1108 Legendum
1462 1070 1576 1097 monet

119 1117 210 1150 Dae.
226 1118 404 1159 sibynisque
411 1118 572 1156 sodames.

777 1190 919 1223 NOTAE

163 1284 177 1305 ‘¹
201 1278 318 1319 Sexus]
342 1278 383 1310 Iu
410 1279 519 1310 veteri
542 1278 630 1309 libro
653 1282 708 1309 est
735 1286 821 1308 secus

121 1329 231 1369 initio,
249 1335 360 1360 tamen
377 1330 409 1360 in
427 1330 593 1369 exemplis
607 1338 709 1360 semus.
734 1327 820 1359 Cha-

120 1380 177 1411 ris.
199 1379 258 1410 lib.
274 1389 298 1410 r.
316 1379 448 1412 scribit.
481 1385 491 1399 ‘
508 1380 615 1411 Secus
634 1379 746 1410 neutri
763 1387 822 1419 ge-

120 1430 210 1461 neris
225 1440 346 1461 nomen
359 1430 380 1461 :’
397 1430 486 1462 unde
503 1434 538 1462 et
552 1430 733 1461 Sallustius
748 1430 758 1446 ‘
775 1428 823 1459 vi-

122 1481 183 1511 rile
194 1490 293 1511 secus
304 1480 311 1493 '
323 1480 423 1516 dixit,
434 1480 498 1512 hoc
512 1485 579 1519 est,
588 1479 691 1510 virilis
704 1487 821 1510 sexus:

121 1530 209 1571 quod
229 1540 289 1571 per
304 1541 421 1562 omnes
447 1540 544 1562 casus
565 1530 698 1569 integra
713 1529 824 1560 forma

122 1582 328 1613 declinatur.
373 1582 429 1613 Fit
444 1591 542 1621 secus,
558 1585 593 1613 et
609 1580 824 1615 adverbium,

122 1631 212 1672 quod
230 1631 402 1671 significat
419 1632 428 1648 ‘
444 1630 570 1662 aliter)
591 1631 668 1662 Ant.
684 1631 770 1669 Aug.

167 1681 284 1721 Sexus]
298 1681 583 1721 Corruptissimus
594 1681 698 1712 locus.
713 1681 825 1720 Lege:

124 1731 238 1769 Sexus,
260 1731 353 1762 aliter
375 1732 474 1770 Sexu,
494 1735 608 1762 natura
632 1731 825 1770 habitusque.

123 1790 164 1811 ex
191 1781 313 1818 Graeco,
337 1783 389 1821 25⁴⁶.
434 1781 588 1819 Afranius
614 1781 646 1811 in
673 1780 828 1819 Privigno

124 1831 169 1862 sz'c
184 1832 228 1861 ait
241 1842 250 1862 .-
276 1832 378 1862 Orbus
393 1831 484 1862 virile
499 1841 573 1862 sexu
586 1831 747 1871 adoptavit
757 1829 827 1860 sibi.

123 1882 301 1913 Sallustius
318 1882 452 1913 Histor.
469 1881 530 1913 lib.
548 1890 589 1912 11.
613 1881 623 1899 ‘
640 1881 688 1912 At
703 1881 829 1912 Metel-

123 1931 176 1961 lus
194 1932 226 1962 in
245 1932 441 1963 ulteriorem
460 1931 661 1972 Hispaniam
677 1935 755 1971 post
770 1939 827 1961 an-

126 1992 206 2012 num
233 1991 418 2022 regressus.
463 1983 591 2022 Magna
616 1981 723 2022 gloria
749 1990 828 2012 con-

126 2032 350 2065 currentium.
393 2033 554 2073 Undique
570 2032 679 2073 virile,
696 2036 732 2063 et
757 2041 829 2063 mu-

124 2081 233 2112 liebre
249 2091 331 2113 sexu
347 2092 408 2123 per
426 2082 507 2117 vias,
523 2088 557 2113 et
575 2086 665 2113 tecta
681 2081 829 2113 omnium

127 2131 326 2168 visebatur,’
383 2132 525 2163 Sisenna
554 2132 647 2163 Hist.
686 2132 745 2164 lib.
777 2141 828 2163 lv.

127 2182 137 2198 ‘
155 2182 243 2213 Tum
267 2183 300 2213 in
331 2192 427 2214 muro
458 2182 566 2223 virile,
595 2192 635 2214 ac
663 2182 828 2214 muliebre

129 2240 223 2270 sexu,
251 2232 368 2272 populi
398 2231 616 2263 multitudine
643 2231 735 2262 omni
760 2232 829 2263 col-

128 2280 243 2313 lecta.’
287 2283 374 2315 Quae
392 2283 505 2313 omnia
528 2286 690 2322 corrupte
715 2282 830 2322 legun·

131 2338 187 2362 tur
202 2333 289 2373 apud
314 2334 476 2365 Nonium.
519 2333 560 2364 In
588 2334 696 2365 veteri
722 2334 829 2374 scrip-

132 2387 208 2412 tura
222 2382 276 2414 hic
293 2383 469 2423 legebatur
491 2382 597 2420 Secus,
620 2383 710 2424 quod
727 2383 831 2414 etiam

132 2438 337 2472 usurparant
352 2433 525 2465 Veteres:
559 2433 618 2464 sed
641 2443 707 2464 non
730 2444 831 2474 prop-

133 2487 230 2512 terea
254 2481 307 2512 hic
330 2482 378 2513 ita
401 2483 593 2522 legendum.
637 2483 830 2515 Ausonius:

135 2533 143 2548 ‘
161 2532 262 2568 Juno,
280 2532 398 2572 Ceres,
415 2542 453 2564 ac
466 2534 586 2568 Vesta,
602 2542 700 2564 secus
715 2534 833 2564 mulie-

135 2582 196 2613 bre
211 2582 366 2613 sorores!
389 2582 497 2614 Item:
513 2585 522 2600 ⁴
536 2584 628 2615 Nota
639 2584 832 2615 Caledoniis

135 2633 274 2664 nuribus
288 2633 453 2664 muliebre
469 2644 565 2665 secus
581 2634 700 2666 Strix.'
746 2635 834 2666 Sexu

136 2693 218 2723 ergo
257 2684 380 2724 neutri,
410 2693 503 2715 sexus
532 2685 717 2717 masculini.
774 2685 834 2716 Sic

134 2742 141 2757 ⁶
164 2744 268 2774 genus
281 2734 288 2747 ’
305 2740 339 2766 ct
356 2735 364 2750 ‘
383 2735 493 2775 geuu‚’
509 2740 516 2751 ‘
530 2735 622 2776 gelus
636 2734 644 2748 '
662 2741 696 2767 et
712 2736 720 2752 ‘
734 2734 835 2776 gelus

873 1281 882 1294 ‘
900 1284 1023 1307 cornus
1037 1274 1045 1288 ’
1059 1279 1095 1305 et
1111 1277 1120 1292 ⁸
1139 1272 1268 1304 cornu.’
1290 1273 1360 1303 Jos.
1373 1272 1458 1303 Scal.

919 1326 1038 1366 Sexus]
1065 1326 1155 1365 Lege
1169 1335 1177 1355 :
1194 1324 1296 1355 Sexus
1307 1324 1400 1355 aliter
1413 1323 1580 1362 sexu‚sig-

873 1377 981 1417 nificat
1005 1379 1150 1406 naturam
1173 1375 1373 1414 habitumque
1395 1383 1436 1405 ex
1455 1374 1581 1412 Graeco,

874 1430 927 1468 ὅτ.
974 1426 1126 1464 Afranius
1147 1426 1180 1456 in
1194 1425 1344 1466 privigno
1359 1423 1403 1454 sic
1418 1423 1464 1454 ait
1479 1434 1489 1454 .·
1517 1423 1580 1452 Or-

875 1478 932 1509 bus
946 1477 1033 1508 virili
1048 1485 1123 1507 sexu
1142 1475 1299 1515 adoptavit
1315 1474 1387 1504 sibi.
1424 1472 1582 1505 Pacuvius

876 1529 910 1560 in
925 1528 1100 1559 Atalanta.-
1127 1526 1293 1566 Triplicem
1309 1525 1399 1556 virile
1419 1533 1495 1555 sexu
1507 1532 1582 1563 par-

877 1584 943 1611 tum
954 1581 1108 1619 procreat.
1153 1577 1195 1608 In
1212 1576 1322 1607 veteri
1347 1575 1517 1615 scriptura
1532 1574 1580 1604 le-

878 1630 1022 1669 gebatur
1037 1638 1133 1669 secus,
1148 1626 1237 1668 quod
1254 1626 1357 1657 etiam
1374 1627 1582 1663 usurparunt

878 1682 1036 1712 Veteres.
1083 1679 1211 1709 Auson.
1246 1681 1255 1694 '
1270 1676 1376 1711 Juno,
1403 1674 1518 1709 Ceres,
1543 1682 1582 1704 ac

878 1731 1002 1766 Vesta,
1018 1739 1113 1761 secus
1130 1727 1307 1765 muliebre,
1323 1723 1480 1757 sorores!
1511 1723 1581 1754 Sed

880 1790 946 1812 non
963 1784 1147 1821 propterea
1158 1778 1210 1809 hic
1223 1778 1270 1808 ita
1284 1774 1477 1817 legendum.
1499 1773 1584 1804 Sexu

880 1831 1005 1867 neutri,
1021 1840 1112 1862 sexus
1128 1827 1316 1861 masculini.
1361 1826 1417 1857 Sic
1433 1824 1442 1842 ‘
1457 1833 1563 1866 genus
1574 1823 1585 1837 ⁷

880 1886 917 1913 et
940 1885 948 1898 ‘
967 1880 1081 1922 genu‚’
1110 1881 1120 1897 ‘
1140 1877 1257 1920 gelus’
1288 1883 1324 1909 et
1351 1877 1360 1894 ‘
1379 1874 1481 1917 gelu,'
1510 1884 1585 1906 cor-

880 1941 943 1962 nus
955 1930 963 1945 ’
984 1935 1021 1961 et
1043 1930 1052 1946 ‘
1070 1927 1202 1961 cornu.'
1239 1927 1375 1959 Sallust.
1392 1926 1507 1956 histor.
1523 1924 1584 1956 lib.

880 1990 921 2012 11.
966 1984 975 1997 ¹
992 1979 1038 2011 At
1051 1979 1217 2011 Metellus
1233 1979 1268 2009 in
1289 1976 1487 2008 ulteriorem
1505 1974 1585 2005 His-

880 2032 1014 2072 paniam
1028 2034 1106 2072 post
1122 2039 1244 2060 annum
1264 2036 1450 2068 regressus,
1464 2034 1588 2066 magna

880 2082 992 2123 gloria
1015 2079 1308 2118 concurrentium,
1322 2077 1473 2118 undique
1490 2075 1587 2106 virile

881 2138 918 2164 et
944 2132 1110 2164 muliebre
1137 2140 1221 2161 sexu
1246 2139 1307 2170 per
1335 2128 1405 2158 vias
1429 2130 1465 2157 et
1491 2130 1589 2156 tecta

881 2183 1029 2214 omnium
1060 2178 1259 2212 visebatur)
1315 2178 1458 2208 Sisenna
1485 2175 1590 2206 histo-

882 2233 964 2264 riar.
979 2233 1039 2263 lib.
1057 2240 1108 2263 1v.
1147 2235 1155 2248 ⁸
1172 2231 1256 2261 Tum
1273 2228 1305 2259 in
1322 2236 1416 2258 muro
1435 2225 1529 2257 virile
1548 2234 1588 2256 ac

880 2282 1045 2314 muliebre
1076 2291 1171 2319 sexu,
1210 2279 1327 2321 populi
1367 2277 1588 2309 multitudine

881 2333 972 2366 omni
989 2331 1160 2364 collecta!
1195 2331 1281 2363 Quae
1298 2329 1411 2360 omnia
1426 2331 1589 2366 corrupte

884 2385 953 2426 legi
969 2383 1061 2424 apud
1080 2383 1233 2414 Nonium
1250 2380 1383 2412 notavit
1398 2378 1489 2410 Scal.
1506 2378 1590 2409 Duc.

928 2441 940 2456 ¹
963 2433 1122 2473 Sibiuam]
1157 2432 1282 2464 Melius
1308 2430 1469 2471 Sibynam.
1517 2427 1589 2458 He-

887 2486 979 2527 sych.
994 2482 1121 2523 Σιβύνη,
1137 2482 1236 2513 ὅπλον
1245 2481 1350 2522 δόρατι
1359 2477 1590 2520 παραπλήσιον.

887 2540 896 2554 ‘
913 2535 1050 2575 Sibyna,
1071 2534 1175 2564 telum
1190 2533 1298 2563 hastae
1313 2530 1446 2561 simile!
1472 2528 1589 2560 Gloss.

889 2584 996 2626 Cyril.
1011 2585 1020 2600 ‘
1037 2582 1164 2620 Σιβύνη,
1179 2578 1405 2613 venabulum.'
1422 2579 1466 2609 Et
1480 2578 1592 2609 Gloss.

888 2634 1020 2665 Philox.
1055 2633 1065 2650 ⁶
1082 2632 1306 2668 Venabulum‚
1323 2627 1462 2666 Σιβύνη.’
1496 2627 1590 2659 Male

889 2683 971 2716 edit.
995 2682 1130 2721 Σηβύνη.
1154 2683 1257 2714 Idem.
