1876 3025
636 152 1000 184 FRAGMENTUM.
1424 141 1535 183 1119

92 262 164 303 rit.
236 259 424 313 Regalia
468 263 571 300 exta
602 259 896 312 appellantur,
929 271 1028 311 quae
1059 256 1314 310 potentibus
1345 255 1541 309 inspera-

92 335 182 370 tum
203 328 412 369 honorem
437 327 730 380 pollicentur:
761 327 946 379 privatis
963 331 1007 364 et
1026 323 1351 371 humilioribus,
1373 321 1540 362 heredi-

93 402 209 437 tates
228 409 238 447 ;
268 395 361 435 filio
384 395 580 443 familiae,
603 394 959 434 dominationem.
1021 392 1264 445 Respicere
1296 393 1441 431 autem
1463 394 1508 429 et
1523 393 1542 418 4

93 465 137 505 in
170 462 457 516 auspicando,
508 462 622 502 unde
664 461 765 515 quis
809 474 936 501 avem
973 459 1219 514 prospexit,
1253 472 1351 499 cum
1387 456 1540 497 eodem

92 531 331 572 revertitur.
392 530 664 582 Religiosum
708 542 759 570 ac
793 543 964 570 sacrum
999 533 1082 577 est,
1104 531 1150 568 ut
1184 527 1347 579 templa
1377 524 1541 571 omnia,

95 602 184 651 atq.
208 598 344 648 aedes,
367 611 466 651 quae
491 598 626 637 etiam
646 600 832 638 sacratae
857 596 1088 636 dicuntur:
1122 593 1175 634 ad
1194 599 1207 623 ⁵
1239 592 1354 646 quod
1385 605 1462 645 per
1495 604 1542 632 se

92 665 340 717 religiosum
371 670 457 714 est,
490 678 574 705 non
607 665 717 717 utiq.
752 677 909 703 sacrum
940 669 1010 711 est,
1043 668 1085 700 uc
1113 659 1311 713 sepulcra,
1345 658 1464 713 quod
1491 670 1544 698 ea

93 745 177 773 non
197 747 326 782 sacra,
358 731 425 772 sed
455 731 643 787 religiosa
674 736 784 770 sunt.
844 730 983 778 Reus,
1007 742 1103 770 cum
1125 742 1205 781 pro
1227 733 1396 782 utroque
1411 740 1544 780 pona-

97 805 179 850 tur,
202 806 245 839 ut
268 799 328 840 ait
351 798 526 840 Sinnius
558 801 599 840 in
621 812 673 839 eo
704 812 824 852 quenz
847 796 894 838 de
924 811 988 836 reo
1023 795 1218 845 inscribit,
1249 801 1284 835 ec
1319 809 1408 834 cum
1440 793 1545 835 dicit

95 880 174 920 pro
203 881 266 917 se,
309 874 383 908 aut
419 882 508 907 cuni
548 873 688 907 contra
725 873 761 906 te
800 866 886 920 agit
913 865 1157 918 juramento
1188 868 1266 903 tuo
1306 863 1371 902 uti
1401 868 1544 915 potest.

97 932 239 974 Roscii
260 934 381 989 vulgo
402 933 602 988 appellari
622 934 767 974 solent
788 934 829 973 in
853 931 960 972 omni
980 938 1069 972 arte
1089 931 1148 970 ita
1164 929 1353 985 peifecli,
1373 935 1417 970 ut
1439 927 1545 969 Ros-

95 1001 178 1041 cius
200 1003 430 1044 comoedus
451 1003 493 1042 in
527 1008 615 1042 orte
645 1015 718 1041 sua
745 998 948 1055 perfectus
969 998 1126 1055 fuerit,
1157 998 1221 1038 cui
1242 998 1348 1038 nihil
1370 998 1546 1039 deesset

96 1068 152 1109 ad
178 1068 485 1125 perfectionem,
510 1076 556 1110 ut
588 1068 690 1109 libro
716 1080 746 1109 Ι.
767 1069 820 1108 de
843 1072 1012 1109 oratore
1031 1068 1092 1108 ait
1118 1064 1272 1107 Cicero.
1335 1064 1509 1105 Rustica
1529 1071 1547 1094 Υ

102 1134 268 1177 Vinalia
289 1151 437 1178 mense
460 1136 670 1189 Augusto,
694 1144 738 1176 ut
760 1143 814 1176 est
836 1135 877 1175 in
900 1134 1049 1181 Fastis,
1080 1131 1405 1187 Venerifiehmzt‚
1428 1133 1546 1186 quod.

97 1205 246 1245 eodem
279 1206 355 1247 illo
395 1205 459 1246 die
489 1204 583 1245 cedis
614 1205 650 1245 ei
673 1203 771 1244 Dece
798 1210 1025 1244 consecrata
1049 1207 1131 1251 est,
1147 1202 1390 1255 jumentaq.
1411 1207 1449 1242 et
1470 1199 1546 1240 oli-

98 1279 201 1312 tores
231 1271 283 1311 ab
306 1286 423 1326 opere
448 1279 615 1322 cessant,
636 1272 734 1326 quia
755 1284 905 1312 omnes
926 1271 1041 1311 horti
1063 1270 1106 1310 *in
1128 1268 1255 1309 tutela
1284 1266 1447 1308 Veneris
1469 1282 1546 1308 esse

98 1339 303 1380 dicuntur.
365 1340 545 1380 Raucos
568 1340 808 1393 appellatos
830 1353 907 1379 esse
924 1338 983 1378 ait
1004 1336 1169 1378 Verrius
1187 1336 1316 1377 videri
1334 1337 1389 1377 ab
1413 1336 1547 1377 aridi-

100 1412 207 1457 tate,
237 1407 318 1447 sive
346 1420 373 1448 a
403 1406 666 1447 similitudine
697 1406 873 1462 quadum
905 1405 1118 1460 spicarum
1151 1406 1326 1446 aristae:
1358 1404 1401 1443 in
1423 1403 1548 1457 spicis

97 1474 592 1531 numq.flavafrumenta
608 1488 717 1515 rava
730 1473 947 1527 appellari
959 1471 1059 1512 idem
1081 1469 1246 1511 Verrius
1261 1471 1407 1511 docet.
1431 1469 1548 1511 Rica

99 1547 165 1583 est
184 1542 460 1583 vestimentum
480 1541 740 1597 quadratum,
756 1541 1038 1588 fimbriatum,
1060 1552 1327 1592 purpureum,
1349 1551 1427 1591 quo
1450 1535 1549 1576 Fla-

100 1610 339 1663 minicaepro
362 1610 566 1663 palliolo,
584 1610 766 1650 mitrave
794 1607 1029 1656 utebantur,
1054 1613 1098 1646 ut
1126 1603 1291 1646 Verrius
1309 1605 1547 1646 existimat.

98 1677 285 1717 Titinius
306 1693 318 1716 .·
353 1675 458 1717 Rica
491 1690 538 1716 ex
574 1675 670 1716 lana
703 1675 874 1725 sucida,
899 1675 1000 1716 alba
1020 1674 1214 1715 vestitus.
1274 1672 1368 1712 Alii
1396 1671 1549 1723 dicunt,

92 1743 269 1798 pallium
283 1758 359 1785 esse
380 1744 560 1798 triplex,
582 1743 702 1797 quod
723 1741 951 1784 conficiant
973 1740 1150 1794 virgines
1176 1740 1384 1795 ingenuae,
1414 1741 1549 1793 patri-

99 1825 199 1861 mae,
234 1811 450 1860 matrimae,
483 1810 592 1866 quod
630 1809 796 1850 caerulco
838 1808 965 1849 colore
1001 1806 1197 1863 injectum
1229 1809 1399 1849 lavetur
1431 1820 1550 1860 aqua

100 1893 224 1932 pura.
286 1878 389 1928 Alii,
425 1893 502 1933 quo
541 1876 770 1918 Flaminica
809 1877 946 1932 cingat
975 1876 1158 1930 pileum.
1233 1874 1417 1927 Respici
1453 1874 1548 1914 avis

101 1953 196 1986 tunc
217 1945 439 1995 dicebatur,
475 1960 560 1986 cum
589 1952 758 1999 peracto
788 1945 1012 1994 sacrificio,
1035 1943 1164 1995 quasi
1186 1942 1282 1982 finis
1299 1943 1550 1994 impetratus

102 2020 212 2063 esset,
237 2020 274 2054 et
294 2014 411 2069 quasi
429 2012 576 2069 forent
597 2014 776 2054 comitia
804 2012 1015 2065 perfecta,
1040 2011 1155 2051 sumi
1176 2016 1270 2049 tunc
1292 2023 1402 2048 reum
1423 2006 1551 2061 jube-

104 2081 200 2121 bant
222 2082 459 2122 sacerdotes
474 2095 554 2122 suo
574 2094 706 2130 more,
730 2080 867 2134 aliisq.
876 2078 1054 2133 peractis
1060 2078 1193 2132 juxta
1215 2075 1550 2117 consuetudinem

103 2150 208 2199 luci,
231 2151 275 2191 in
297 2163 384 2204 quo
418 2163 545 2192 sacra
576 2150 796 2200 faciebant,
827 2162 894 2189 reo
930 2162 955 2187 a
987 2146 1208 2187 calatorib.
1235 2143 1549 2197 ingeniculato,

709 2277 943 2292 eeeeeeeeeeee

148 2337 168 2365 4
192 2334 216 2367 f.
233 2344 330 2376 avem,
346 2339 462 2367 est.—5
488 2335 511 2367 f.
528 2338 572 2367 at.

757 2419 894 2452 NOTAE

149 2490 162 2511 y
187 2484 332 2524 Rustica]
355 2485 464 2515 Varro
489 2484 548 2515 lib.
570 2493 604 2514 v.
630 2483 672 2514 de
704 2483 801 2523 Ling.
854 2482 1043 2522 signantur,
1060 2490 1098 2511 ac
1116 2483 1186 2510 tum
1204 2480 1283 2509 sunt
1311 2475 1423 2506 feriati
1454 2474 1550 2505 olito-

107 2536 182 2568 Lat.
196 2538 205 2553 ‘
223 2536 358 2566 Vinalia
377 2535 513 2565 Rustica
531 2534 691 2565 <licuntur
718 2544 748 2564 a.
767 2534 799 2564 (l.
856 2542 919 2563 τρε.
946 2531 1073 2562 Plinius
1091 2530 1149 2562 lib.
1166 2537 1217 2560 IX.
1236 2537 1310 2568 cap.
1325 2529 1355 2558 4.
1376 2525 1551 2555 Plutarch,

110 2589 161 2617 12.
185 2587 262 2617 Kal.
280 2587 376 2626 Sept.
393 2585 481 2626 quod
500 2590 568 2615 tum
596 2585 721 2615 Veneri
743 2584 800 2614 de·
857 2581 1028 2613 Problem.

109 2637 221 2669 dicata
239 2637 339 2676 ardes,
357 2644 390 2668 et
415 2636 499 2667 horti
517 2636 587 2676 ejus
609 2635 725 2667 tutela}
751 2645 801 2665 as*
