1876 3025
303 183 366 213 DE
400 176 675 210 VERBORUM
708 167 1124 206 SIGNIFIGATIONE
1159 166 1256 197 LIB.
1289 164 1439 195 XVIII.

1498 151 1583 195 951

130 281 288 335 Tagax
308 276 573 319 furunculus
586 278 612 294 ¹¹²
643 285 669 313 a
691 268 909 323 tangendo
930 267 1102 308 dictus·
1133 263 1261 318 cujus
1293 274 1369 302 vo·
1399 259 1581 314 [PAUL.

187 347 334 391 cabuli
359 344 556 386 Lucilius
586 339 808 382 meminit.
839 336 897 378 Et
923 333 1118 377 mutonis
1159 342 1336 372 manum
1349 333 1365 350 ¹¹
1398 327 1584 382 perscri-

187 416 292 457 bere
307 427 440 469 posse
462 417 675 465 tagacem.

129 485 305 537 Tages⁰
335 482 523 530 nomine,
545 477 677 520 Genii
698 474 829 523 filius,
851 484 988 526 nepos
1009 469 1038 511 J
1043 481 1158 518 ovls,
1192 477 1304 522 puer
1320 464 1386 505 di·
1419 462 1582 517 [FEST.

188 553 300 593 citur
346 548 624 602 disciplinam
668 540 881 596 aruspicii
913 538 1091 580 dedisse
1131 533 1364 577 duodecim
1400 530 1582 586 populis

189 619 394 660 Etruriae.
398 617 415 641 ⁶

130 688 290 741 Tagitp
312 686 570 728 Pacuvius
559 698 603 725 m
623 683 827 724 Teucro·
861 676 922 718 Ut
943 689 1038 730 ego,
1059 675 1097 716 si
1121 672 1360 727 quisquam
1382 682 1451 710 me
1472 667 1585 721 tagit

188 762 232 797 et
254 760 416 808 tagam.

477 752 630 794 Idem
619 764 664 792 m
686 748 957 790 Hermiona·
988 743 1081 785 Aut
1094 755 1183 783 non
1205 752 1396 789 cernam,
1417 737 1503 779 nisi
1519 741 1587 779 ta-

188 837 314 876 gam:
348 824 439 863 sine
463 821 595 861 dubio
623 818 810 871 antiqua
840 811 1158 856 consuetudine
1189 807 1450 862 usurpavit:
1481 818 1585 846 nam

185 904 299 932 nunc
320 904 374 932 ea
396 891 487 931 sine
518 885 909 943 praepositionibus
941 895 1030 923 non
1060 879 1278 928 dicuntur,
1309 882 1359 919 ut
1391 874 1585 928 contigit,

188 959 346 1012 attigit.

131 1028 262 1080 Tagit
283 1026 546 1080 simpliciter
567 1023 744 1072 dicitur,
764 1020 882 1076 quod
905 1019 1064 1073 attigit,
1081 1016 1266 1069 contigit
1277 1012 1385 1056 facit
1406 1011 1584 1065 [PAUL

190 1095 498 1149 compositum.

737 1179 751 1191 θ
757 1177 973 1191 oeteo-“00‘’

174 1276 194 1303 6
218 1271 304 1304 Haec
321 1271 458 1313 quidem
475 1279 548 1301 esse
567 1268 663 1301 Festi
680 1272 796 1300 mouet
811 1267 900 1299 Scal.
924 1265 1004 1298 licet
1028 1264 1061 1295 iu
1080 1267 1150 1294 vet.
1174 1261 1234 1292 lib.
1251 1269 1320 1291 nou
1346 1258 1414 1289 sint
1437 1260 1590 1298 reperta.

788 1411 930 1446 NOTAE

175 1499 196 1513 ¹¹¹
218 1493 329 1533 Tagax
346 1492 553 1534 furunculus]
581 1494 690 1534 Lege:
717 1493 832 1531 Tagax

123 1544 322 1584 furunculus,
341 1555 359 1575 α
375 1545 524 1584 tegendo,
539 1545 573 1576 id
588 1548 647 1584 est,
664 1544 831 1583 tangendo.

128 1596 192 1627 Est
206 1595 294 1627 enim
309 1606 326 1626 a
344 1596 451 1627 veteri
468 1600 556 1635 tago,
568 1605 634 1637 quo
652 1605 713 1636 pro
725 1593 831 1626 furari

129 1647 274 1678 Veteres
291 1647 342 1677 usi
359 1651 448 1678 sunt.
494 1647 612 1678 Plaut.
628 1647 741 1678 Cicer.
767 1647 832 1677 διο.

172 1702 187 1717 ¹¹
212 1698 257 1728 Et
271 1698 406 1728 mutonis
419 1698 560 1738 manum]
586 1698 689 1729 Hunc
707 1695 831 1727 Lucilii

130 1756 262 1778 versum
281 1757 299 1778 e
313 1748 384 1779 Sat.
398 1748 454 1778 lib.
476 1757 568 1779 xxx.
600 1746 740 1778 adducit
761 1745 831 1777 No-

130 1798 205 1829 nius
228 1798 260 1829 in
278 1808 363 1829 voce
386 1800 394 1815 ‘
411 1798 578 1839 tangere‚'
610 1798 667 1829 sed
695 1797 742 1827 ibi
769 1805 830 1837 pro

130 1848 263 1880 mutonis
279 1849 442 1890 scriptum
468 1854 520 1880 est
540 1848 711 1879 musconis:
739 1855 831 1877 men·

130 1901 212 1932 dose
235 1906 272 1933 ut
298 1907 393 1941 puto.
443 1901 640 1942 Legendum
666 1899 830 1941 suspicor.

130 1953 174 1982 Et
196 1956 320 1983 mutone
344 1963 470 1983 νηαηιιηι
484 1952 662 1991 per-scabere
677 1960 765 1991 posse
784 1954 830 1981 tu-

125 2013 246 2042 gacem.
285 2004 339 2034 De
354 2004 481 2044 Priapo
493 2004 546 2034 hic
563 2012 672 2033 sermo
690 2006 754 2041 est,
775 2001 831 2042 qui

128 2054 258 2085 furibus
288 2058 426 2084 mutoue
454 2054 614 2088 minatur,
648 2058 685 2084 ut
715 2053 748 2082 in
774 2053 831 2083 illo

127 2104 290 2136 Scazonte
300 2104 410 2145 poetae
423 2104 658 2145 Ithyphallici:
672 2108 679 2120 ‘
690 2103 830 2143 Priape,

128 2154 260 2186 furibus
277 2156 406 2186 minare
426 2154 580 2186 mutinoss
628 2155 673 2185 Et
703 2155 751 2185 sic
775 2164 830 2185 ve-

131 2216 204 2238 rum
220 2207 362 2247 hujusce
375 2216 490 2237 versus
508 2215 642 2237 sensum
667 2205 829 2236 eruimus.

133 2258 213 2289 Duc.

172 2312 186 2327 ⁰
210 2307 325 2347 Tages]
349 2306 496 2338 Vidend.
514 2306 633 2338 Cicero
652 2306 762 2338 lib.11.
787 2305 830 2337 de

130 2358 247 2390 Diviu.
272 2359 350 2389 Ant.
363 2359 450 2397 Aug.

177 2408 291 2448 Tages]
318 2409 428 2440 Cicer.
457 2408 498 2439 de
525 2408 680 2440 Divinat.
709 2408 766 2439 lib.
791 2418 830 2439 11.

133 2464 216 2490 sect.
241 2461 295 2489 23.
321 2459 452 2499 ‘Tages
481 2458 615 2499 quidam
646 2458 772 2490 dicitur
796 2459 829 2489 in

132 2519 212 2550 agro
234 2508 483 2549 Tarquiniensi,
510 2518 586 2539 cum
607 2514 701 2540 terra
718 2517 830 2539 arare-

132 2565 200 2599 tur,
217 2564 252 2591 et
269 2560 379 2590 sulcus
397 2559 496 2590 altius
514 2565 606 2591 esset
632 2560 832 2600 impressus,

132 2612 287 2643 extitisse
300 2616 442 2650 repente
458 2622 465 2641 :
481 2615 515 2640 et
527 2620 600 2641 enm
613 2610 734 2642 affatus
747 2620 830 2649 esse,

131 2663 186 2704 qui
205 2662 335 2692 arabat.
382 2661 415 2692 Is
448 2666 558 2691 autem
584 2662 705 2701 Tages,
733 2666 769 2692 ut
796 2662 829 2692 iu

131 2714 226 2744 libris
244 2718 296 2744 est
316 2713 549 2750 Etruscorum,
568 2712 688 2751 puerili
715 2713 827 2753 specie

134 2765 258 2796 dicitur
276 2764 377 2803 visus,
407 2762 466 2795 sed
493 2763 589 2794 senili
618 2762 721 2795 fuisse
748 2773 826 2803 pru-

883 1488 1010 1521 dentia.
1056 1487 1138 1528 Ejus
1154 1487 1298 1527 aspectu
1319 1490 1394 1514 cum
1422 1479 1588 1520 obstupu-

882 1540 966 1572 isset
992 1537 1175 1576 bubulcus,
1203 1535 1455 1572 clamoremque
1481 1529 1587 1570 majo-

882 1601 953 1623 rem
970 1600 1046 1622 cum
1064 1586 1289 1620 admiratione
1306 1582 1486 1618 edidisset,
1506 1589 1586 1612 con-

882 1651 1016 1674 cursum
1034 1649 1108 1671 esse
1123 1637 1268 1675 factum,
1293 1638 1471 1674 totamque
1489 1630 1587 1663 brevi

882 1696 1038 1732 tempore
1053 1690 1087 1721 in
1104 1698 1180 1720 eum
1196 1688 1307 1719 locum
1321 1683 1495 1716 Etruriam
1508 1691 1587 1712 con-

883 1743 1040 1775 venisse:
1078 1745 1150 1772 tum
1187 1738 1280 1769 illum
1308 1737 1408 1777 plura
1435 1735 1585 1765 locutum

880 1794 996 1827 multis
1027 1788 1259 1827 audientibus,
1287 1787 1346 1828 qui
1374 1784 1485 1816 omnia
1515 1783 1586 1823 ejus

883 1845 989 1877 verba
1013 1842 1226 1883 exceperint,
1251 1837 1428 1878 literisque
1449 1834 1585 1866 manda-

882 1895 1017 1928 verint:
1043 1902 1177 1925 omnem
1200 1895 1314 1923 autem
1331 1888 1518 1920 orationem
1533 1884 1585 1916 fu-

882 1950 945 1981 isse
960 1958 1045 1988 eam,
1060 1956 1128 1989 qua
1152 1943 1380 1985 haruspicinae
1403 1939 1587 1981 disciplina

882 2000 1137 2032 contineretur:
1178 2006 1252 2028 eam
1280 1998 1402 2036 postea
1437 1992 1586 2024 crevisse

882 2051 983 2082 rebus
1001 2049 1097 2081 novis
1112 2045 1376 2089 cognoscendis,
1399 2048 1434 2075 et
1463 2042 1506 2074 ad
1530 2052 1586 2073 ea-

882 2103 959 2135 dem
973 2103 1030 2134 illa
1048 2099 1220 2142 principia
1237 2094 1450 2129 referendis!
1475 2095 1559 2126 Dac.

924 2159 941 2180 P
982 2152 1092 2192 Tagit]
1132 2151 1276 2182 Veteres
1311 2151 1385 2187 tago
1423 2145 1587 2176 dicebant

882 2205 971 2247 quod
986 2214 1049 2235 nos
1066 2202 1207 2234 dicimus
1221 2205 1328 2239 tang-o,
1342 2198 1445 2240 idque
1456 2207 1473 2228 a
1488 2196 1585 2227 Grae-

883 2265 922 2287 co
945 2254 1030 2294 θίγω.
1077 2254 1207 2285 Notum
1229 2256 1294 2282 est.
1341 2249 1461 2290 Itaque
1487 2248 1585 2287 abeo,

882 2315 956 2336 cum
991 2310 1025 2336 te
1057 2303 1149 2344 prius
1177 2310 1339 2333 monuero
1368 2298 1456 2330 iufra
1483 2298 1587 2328 verba

883 2355 1074 2387 Festimale
1093 2364 1168 2385 cum
1187 2350 1455 2384 Pacuviiverbis
1472 2349 1585 2380 coalu-

881 2408 958 2443 isse,
970 2416 1044 2447 quae
1061 2406 1108 2436 sie
1120 2402 1312 2444 separanda
1324 2407 1358 2433 et
1376 2401 1586 2440 distinguen-

882 2458 927 2489 da
951 2463 1053 2488 sunt:
1082 2456 1176 2495 Tagit
1202 2455 1357 2486 Pacui-tus
1384 2454 1417 2483 in
1444 2453 1559 2483 Teucro
1575 2463 1584 2480 :

881 2513 915 2540 ut
932 2519 998 2548 ego,
1015 2508 1212 2548 siquisquam
1225 2516 1270 2537 me
1286 2505 1382 2543 tagit.
1408 2505 1451 2534 Et
1466 2507 1586 2541 tagam,

881 2562 963 2591 idem
980 2561 1011 2590 in
1029 2560 1214 2596 Hermiona,
1230 2559 1282 2595 &a
1329 2556 1370 2585 Et
1386 2558 1493 2593 tagam
1512 2563 1583 2583 ver-

886 2611 928 2641 ba
945 2615 1023 2641 sunt
1040 2610 1148 2641 Festi.
1192 2609 1237 2639 Et
1256 2607 1358 2645 idem,
1382 2606 1489 2645 inquit
1520 2605 1585 2634 Pu-

886 2662 1014 2701 ouvius,
1049 2664 1155 2700 tagam
1186 2658 1273 2689 dixit
1310 2658 1342 2688 in
1387 2655 1583 2687 Hermiona,

887 2714 982 2744 Idem.
