1876 3025
275 152 360 193 '796

725 157 872 189 SEXTI
907 154 1107 186 POMPEII
1144 154 1280 185 FESTI

335 257 427 298 inde
442 269 621 296 manasse
635 254 696 294 ait
712 253 893 294 Sinnius
912 249 1092 303 Capito,
1106 248 1215 304 quod
1225 247 1544 303 quotiescumque
1559 248 1714 288 sacrifi-

334 326 448 366 cium
466 327 640 377 propter
650 315 1105 372 viamfieret,hominem
1119 316 1328 356 Sabinum
1344 315 1398 356 ad
1409 314 1515 355 illud
1524 314 1715 356 adhibere

334 391 512 432 solebant
526 405 538 429 .·
558 402 658 430 nam
676 388 746 428 his
767 383 1026 440 promittebat
1043 396 1082 423 se
1092 396 1171 436 pro
1188 382 1241 423 eis
1256 382 1566 432 somniaturum,
1581 383 1721 424 idem-

335 473 410 514 que
432 464 648 512 postquam
680 452 904 508 evigilasset
934 464 1049 490 sacra
1081 450 1348 491 facientibus
1377 449 1577 490 narrabat
1606 463 1718 490 omne

335 523 530 581 quicquid
562 524 605 563 in
640 521 788 575 quiete
821 518 998 568 vidisset,
1032 516 1141 572 quod
1168 515 1327 572 quidem
1361 523 1456 557 esset
1504 530 1550 557 ex
1593 517 1719 557 sacri-

334 593 425 634 ficii
446 591 663 642 religione.
706 584 820 626 Unde
838 584 986 626 venisse
1006 582 1166 624 videtur
1185 584 1228 623 in
1248 583 1528 636 proverbium
1548 582 1719 623 Sabinos

335 658 484 707 solitos,
505 656 612 712 qaod
633 655 793 696 vellent
813 652 1052 694 somniare:
1082 650 1152 691 sed
1169 650 1265 705 quia
1281 656 1451 703 propter
1472 649 1719 690 aviditatem

335 725 516 767 bibendi
530 722 715 778 quaedam
737 736 839 762 anus
860 719 1045 760 mulieres
1065 718 1111 759 id
1131 718 1345 759 somnium
1365 716 1612 771 captabant,
1630 716 1721 758 vul-

333 799 476 847 gotumv
496 798 550 832 est
572 789 683 831 illud
706 801 896 843 quoque,
918 799 1025 828 auus
1045 784 1154 840 quod
1173 783 1255 824 volt
1275 784 1475 826 somniat:
1497 784 1587 825 fere
1606 785 1721 825 enim

337 859 454 914 quod
490 857 706 913 vigilantes
736 855 882 896 animo
904 853 1139 902 volvimus,
1170 851 1216 891 id
1244 850 1530 893 dormientibus
1563 865 1719 905 parere

335 927 457 968 solet.

281 996 557 1049 Sycomornm
571 997 586 1014 2
601 992 615 1015 ‘³
635 1004 761 1046 genas
791 996 846 1029 est
865 987 1035 1033 arboris,
1057 1001 1179 1042 quam
1200 987 1350 1028 dictam
1373 986 1647 1039 Pomponius
1663 986 1721 1026 ait

337 1076 383 1102 er
400 1060 503 1115 fico,
526 1067 561 1100 et
584 1072 716 1107 moro,
740 1057 855 1111 quod
878 1057 988 1097 ficus
1010 1068 1062 1096 ea
1082 1056 1133 1094 sit
1159 1061 1197 1095 et
1217 1069 1377 1094 morus.-
1421 1052 1526 1093 ‘unde
1561 1067 1720 1094 nomen

338 1142 415 1182 per
436 1129 605 1168 Morum
627 1140 646 1166 e
670 1124 820 1178 Scyron
839 1123 1066 1164 deductum
1090 1128 1174 1163 est.

286 1196 444 1237 Soleme
475 1194 554 1234 dici
575 1193 650 1244 ait,
673 1190 783 1248 qnod
815 1189 920 1230 solus
949 1188 1015 1230 sit.

881 1328 998 1342 eeeee

325 1418 345 1446 2
369 1414 431 1446 Ed.
447 1413 537 1444 Scal.
561 1413 785 1444 Saccomorum.

1077 1186 1264 1228 Eandem
1286 1187 1418 1229 modo
1437 1187 1588 1240 Solem,
1605 1187 1718 1227 modo

1002 1328 1119 1340 eeeeee

930 1511 1071 1545 NOTAE

283 1603 458 1634 somniant:
481 1606 566 1633 vetus
583 1602 615 1632 id
640 1601 832 1641 proverbium
853 1609 929 1638 esse,
945 1601 974 1629 et

283 1655 356 1684 inde
372 1662 510 1683 manasse
533 1654 580 1682 ait
595 1652 726 1682 Sinnius
751 1651 874 1691 Capito,
899 1651 977 1689 quod

283 1705 519 1744 qzwtiescunque
544 1702 728 1743 sacrificinm
753 1704 877 1742 propter
895 1701 978 1730 riam

274 1755 382 1796 fieret,
403 1754 553 1784 hominem
568 1752 716 1783 Sabinmn
732 1753 772 1782 ad
788 1752 820 1781 id
835 1750 979 1781 adhibere

281 1805 429 1836 solebant,
475 1804 558 1835 Nam
580 1803 629 1833 his
652 1801 849 1842 promittebat
871 1810 904 1831 se
923 1810 979 1840 pro

282 1856 347 1885 illis
373 1855 608 1885 somniaturum.
655 1853 741 1883 Idem
768 1853 868 1890 igitur
894 1854 979 1891 post-

284 1916 373 1945 quam
402 1916 418 1936 e
443 1915 546 1936 somno
575 1904 766 1943 evigilasset,
788 1903 863 1942 ipsis
891 1911 980 1932 sacra

275 1955 479 1992 facientibus,
493 1954 641 1985 narrabat
664 1964 764 1992 omne,
788 1953 931 1992 quicquid
946 1952 980 1981 in

285 2005 386 2044 quiete
403 2004 543 2044 vidisset,
555 2005 634 2043 quod
649 2003 770 2043 quidem
785 2006 863 2033 esset
875 2012 915 2032 ex
931 2011 979 2031 sa-

283 2055 396 2095 crificii
421 2055 581 2093 religione.
629 2054 718 2084 Unde
745 2053 830 2083 venit
851 2053 885 2082 in
910 2062 981 2092 pro-

284 2105 432 2140 verbium,
447 2104 576 2135 Sabinos
591 2105 669 2145 quod
692 2105 803 2134 vellent
817 2104 982 2134 somniare.

286 2155 351 2186 Sed
379 2156 452 2194 quia
485 2158 612 2195 propter
642 2155 824 2184 aviditatem
861 2152 984 2183 bibendi

286 2206 424 2244 quaeaam
434 2214 511 2235 anus
523 2205 555 2234 ia
569 2205 719 2235 somnium
730 2203 904 2242 captabant,
917 2203 983 2232 vul-

284 2258 395 2293 gatum
410 2258 455 2285 est
470 2255 548 2285 illud
564 2263 695 2294 quoque:
719 2254 807 2284 Anus
827 2253 906 2292 quod
922 2252 982 2281 volt

286 2306 420 2336 somniat
431 2316 441 2336 .·
457 2305 528 2343 sere
544 2305 625 2335 enim
641 2304 720 2343 quod
735 2303 901 2341 vigilantes
915 2302 983 2332 ani-

286 2366 336 2386 mo
359 2356 516 2389 volvimus,
539 2356 572 2386 id
591 2353 813 2385 dormientibus
837 2362 985 2393 apparere

286 2405 375 2435 solet.
421 2405 529 2436 Nemo
545 2404 734 2443 negaverit,
750 2411 854 2442 opera
870 2407 985 2432 nostra

288 2454 517 2496 proverbium,
540 2453 627 2494 quod
649 2453 809 2483 hactenus
834 2451 985 2491 latuerit,

289 2515 308 2536 e
335 2505 482 2536 tenebris
509 2509 641 2535 erutum
669 2511 762 2532 esse:
786 2510 896 2541 neque
921 2505 985 2540 est,

289 2555 377 2596 quod
396 2563 525 2585 morose
539 2554 612 2594 quis
630 2552 732 2582 verba
749 2552 985 2591 rimetur,cum

291 2605 464 2636 sententia
492 2604 566 2644 ipsa
591 2603 683 2633 nullo
708 2601 845 2640 negotio
871 2611 911 2631 ex
936 2610 987 2631 re—

287 2654 402 2694 liquiis
430 2654 523 2685 Festi
550 2652 693 2684 divinari
724 2651 886 2692 potuerit.
919 2651 989 2681 Jos.

292 2707 374 2738 Scat,

1072 1597 1181 1628 Sabini
1208 1599 1287 1637 quod
1310 1597 1430 1637 volunt]
1463 1595 1538 1626 Hoc
1570 1595 1617 1625 sic
1649 1595 1725 1625 olim

1029 1649 1156 1688 optime
1182 1649 1430 1678 instauraverat
1445 1646 1597 1685 Scaliger
1616 1644 1657 1674 de
1675 1653 1726 1673 sa-

1029 1698 1156 1729 crificio
1174 1704 1313 1738 propter
1327 1699 1413 1729 viam
1428 1708 1436 1728 ς
1454 1696 1531 1727 vide
1548 1697 1580 1726 in
1602 1696 1611 1711 ‘
1627 1704 1727 1735 prop-

1030 1749 1194 1780 terviam.¹
1219 1749 1302 1780 Dac.

1079 1799 1094 1820 ἃ
1128 1800 1324 1840 Sycomorum
1357 1797 1484 1838 [Saccor
1499 1817 1508 1827 .
1520 1819 1528 1828 .
1541 1819 1548 1827 .
1562 1795 1587 1836 .]
1620 1795 1729 1826 Succo-

1029 1861 1098 1881 rum
1123 1850 1289 1882 fortasse:
1315 1849 1394 1890 quid
1427 1848 1515 1879 enim
1545 1845 1636 1877 aliud
1660 1845 1727 1875 dici

1029 1901 1137 1941 possit
1150 1901 1229 1932 milii
1247 1901 1279 1931 in
1293 1903 1439 1930 mentem
1454 1906 1519 1928 non
1536 1897 1636 1927 veuit.
1652 1895 1731 1926 Ant.

1032 1954 1115 1991 Aug.
1160 1984 1161 1987 ,

1074 2003 1188 2034 Saccor
1202 2025 1210 2033 .
1221 2025 1229 2033 .
1245 2025 1253 2033 .
1265 2002 1289 2041 .]
1308 2002 1490 2043 Sycomorus
1506 2003 1551 2030 est
1564 2009 1662 2038 genus
1677 2008 1731 2029 ar-

1031 2052 1126 2089 boris,
1152 2063 1241 2092 quam
1268 2053 1382 2083 (liciam
1407 2050 1596 2090 Pomponius
1618 2050 1664 2080 ait
1691 2060 1730 2080 ex

1023 2102 1101 2142 fico,
1117 2106 1146 2133 et
1163 2113 1264 2133 moro.-
1286 2101 1453 2142 quodficus
1465 2110 1500 2131 ea
1512 2100 1565 2139 sit,
1577 2104 1607 2130 et
1620 2108 1731 2129 morus.

1039 2154 1127 2184 Unde
1143 2163 1251 2184 nomen
1274 2162 1330 2193 per
1356 2151 1562 2183 Yscrihitur.
1607 2151 1731 2181 Cetera

1035 2202 1077 2232 de
1090 2203 1180 2241 Sole,
1196 2207 1254 2233 aut
1266 2201 1414 2232 fortasse
1430 2200 1473 2231 de
1486 2200 1628 2231 Soracte
1640 2209 1731 2229 inon-

1036 2259 1070 2283 te
1087 2253 1236 2293 Apollini
1262 2253 1374 2283 dicato
1398 2249 1621 2290 concipienda
1643 2254 1730 2279 sunt.

1034 2302 1101 2332 Sed
1117 2302 1265 2332 viderint
1281 2302 1384 2332 docti.
1406 2301 1475 2330 dos.
1491 2299 1574 2331 Scal.

1077 2352 1289 2393 sycomorum]
1320 2352 1419 2382 Ficus
1435 2349 1608 2389 AEgyptia‚
1632 2358 1731 2389 quam

1036 2403 1090 2433 alii
1109 2402 1221 2440 ficum,
1245 2401 1302 2431 alii
1327 2409 1456 2430 morum
1473 2398 1680 2439 AEgypssam,
1696 2403 1732 2428 et

1035 2452 1169 2483 nomine
1182 2450 1369 2490 composito
1382 2457 1606 2489 sycomorum,
1618 2452 1652 2478 et
1665 2456 1733 2478 mo-

1036 2510 1178 2542 rosycon
1195 2501 1422 2540 appellarunt.
1447 2499 1528 2530 Dac.

1078 2558 1092 2573 θ
1117 2552 1234 2591 Solem]
1266 2551 1338 2580 Cic.
1377 2559 1416 2580 ιι.
1447 2549 1490 2579 de
1515 2549 1596 2580 Nat.
1630 2549 1732 2579 Deor.

1037 2602 1046 2619 ‘
1061 2603 1174 2635 Quare
1197 2606 1231 2631 et
1253 2600 1341 2631 idem
1363 2599 1502 2639 Apollo,
1519 2602 1556 2647 ut
1573 2597 1731 2636 Chrysip-

1038 2661 1100 2693 pus
1129 2650 1273 2691 putavit,
1302 2649 1343 2680 ab
1374 2659 1393 2680 a
1420 2648 1541 2688 privat.
1565 2652 1600 2678 et
1624 2646 1732 2681 πολὺς,

1039 2702 1177 2742 multus,
1202 2699 1291 2742 quod
1314 2700 1385 2732 sine
1403 2698 1529 2739 multis,
1547 2697 1579 2729 id
1602 2701 1664 2733 est,
1681 2705 1732 2727 so-
