1876 3025
296 172 359 201 DE
393 168 667 200 VERBORUM
700 166 1112 198 SIGNIFICATIONE
1148 166 1241 196 [AB.
1275 166 1404 196 xvtl.

1489 154 1575 196 82⁸7

180 267 367 316 videtur,
389 267 509 321 quod
532 266 664 308 etiam
678 267 690 286 ¹
713 264 808 305 salx
829 268 897 304 est
915 263 955 303 ei
976 261 1142 315 insigne
1160 275 1170 302 :
1194 274 1343 302 versus
1366 273 1543 314 quoque
1557 267 1574 283 υ

179 335 490 390 antiquissimi,
526 335 690 389 quibus
728 333 910 374 Faunus
946 330 1038 373 fata
1078 330 1291 371 cecinisse
1321 329 1574 370 hominibus

178 404 366 453 videtur,
389 402 581 445 Saturnii
603 400 896 455 appellantur,
920 399 1079 453 quibus
1101 402 1145 440 et
1166 411 1193 439 a
1215 397 1377 438 Naevio
1412 396 1576 436 bellum

180 472 397 513 Punicum
420 472 630 525 scriptum
648 475 734 519 est,
760 472 804 509 et
825 481 852 509 a
873 467 1020 508 multis
1054 467 1153 507 aliis
1184 466 1311 520 plura
1332 464 1576 517 composita

178 544 303 584 sunt:
327 540 403 594 qui
421 539 545 581 Deus
560 540 604 579 in
621 537 867 579 Saliaribus
885 535 1102 576 Saturnus
1117 539 1131 556 2
1147 539 1161 555 Χ
1175 533 1440 581 nominatur,
1456 529 1575 572 vide-

176 608 278 649 licet
297 622 325 650 a
344 608 605 649 sationibus.

124 675 339 717 Saturno&
378 675 641 717 sacrificium
683 672 732 714 fit
770 669 912 724 capite
953 676 1108 725 aperto.

724 780 845 795 ”Im

1170 666 1278 724 Ejus
1308 672 1443 707 autem
1463 679 1575 706 sacro

847 780 972 794 eeeee

165 866 180 894 1
206 863 286 893 Vet.
303 862 361 894 lib.
377 872 435 903 quo
450 863 555 893 eliam.
601 860 663 891 Vir
679 859 771 890 doct.
789 859 821 890 in
839 869 945 899 marg.
960 856 1264 898 ed.Scal.conjicit
1276 855 1496 897 quoniam—2
1523 851 1573 884 td.

120 905 201 938 ibid.
217 906 379 937 Satirnus.

426 906 511 937 Dae.
530 903 706 945 legendum
724 907 840 934 monet
856 902 1025 934 Satunnus.

777 1012 918 1044 NOTAE

161 1085 176 1100 ¹¹
198 1079 312 1111 Versus
321 1079 452 1120 quoque]
470 1079 598 1110 Ennius
612 1078 646 1110 in
663 1077 821 1110 Naevium

118 1128 270 1171 poi-itam,
289 1131 346 1171 qui
367 1130 551 1161 secundum
570 1129 696 1161 bellum
716 1128 821 1159 Puni-

117 1191 193 1212 cum
228 1180 386 1212 Saturnio
414 1180 573 1212 Carmine
611 1173 819 1220 scripserat:

118 1233 127 1248 ‘
140 1232 309 1272 scripsere
323 1231 376 1262 alii
390 1241 459 1263 rem
472 1230 628 1262 Versibu’
642 1239 726 1272 quos
739 1230 819 1262 olim

119 1282 227 1313 Fanni
239 1286 400 1323 vatesque
416 1282 598 1321 cauebant,
610 1282 694 1313 Cum
708 1291 820 1322 neque

118 1341 288 1363 musarum
311 1333 467 1374 scopulos
487 1333 665 1374 qnisquam
683 1341 821 1373 supera-

119 1387 181 1418 rat,
199 1383 274 1414 Nec
290 1382 375 1414 dicti
392 1383 564 1415 studiosus
586 1382 685 1414 erat!
731 1382 820 1416 Quia

117 1434 267 1465 Saturnii
287 1444 402 1466 versus
425 1436 480 1466 lex
505 1435 591 1467 adeo
614 1436 726 1467 soluta
742 1434 820 1475 fuit,

117 1489 156 1516 ut
173 1495 240 1516 uon
263 1490 422 1527 metrum,
439 1486 500 1517 sed
524 1486 715 1527 simplicem
743 1496 819 1517 cum

117 1537 252 1578 rythmo
281 1543 418 1570 cautum
443 1537 547 1570 fuisse
574 1538 712 1580 quidam
738 1538 819 1570 scri-

117 1587 212 1620 bant.
255 1589 395 1620 Servius
412 1589 444 1620 in
462 1589 542 1621 illud
560 1589 688 1631 Georg.
717 1591 727 1606 ⁴
743 1589 818 1621 Nec

117 1649 183 1671 non
203 1640 344 1671 Ausonii
361 1641 463 1681 Troja
481 1650 562 1682 gens
583 1641 687 1671 missa
708 1641 820 1672 coloni

117 1690 283 1722 Versibus
321 1691 475 1723 incomtis
520 1691 653 1730 ludunt,
682 1692 819 1732 risuque

116 1741 249 1773 soluto.’
284 1743 293 1759 ⁴
307 1742 348 1773 Id
366 1742 444 1781 est‚’
460 1743 581 1784 inquit,
593 1743 603 1759 ‘
615 1742 819 1773 carminibus

117 1793 277 1824 Saturnio
293 1797 402 1824 metro
420 1792 639 1834 compositis:
675 1803 756 1834 quos
778 1792 820 1824 ad

117 1845 287 1885 rythmum
307 1845 411 1875 solum
435 1845 591 1885 vulgares
613 1853 820 1885 componere

118 1900 382 1927 consueverunt.
429 1895 574 1926 Constat
595 1900 708 1926 autem
730 1894 820 1926 Iam-

120 1947 194 1978 bico
231 1947 376 1978 dimetro
415 1948 618 1986 acatalecto,
646 1951 680 1977 et
711 1946 818 1977 tribus

119 1998 288 2033 trochaeis,
306 2003 343 2029 ut
359 2000 367 2015 ‘
382 1998 527 2029 Dabunt
540 1998 663 2029 malum
683 1998 818 2029 Metelli

119 2049 242 2081 Naevio
260 2048 413 2090 poe'tael’
440 2049 539 2080 Idem.

159 2104 174 2119 ¹
200 2101 265 2136 Qui
282 2100 368 2131 Deus
391 2101 424 2131 in
448 2099 622 2131 Saliaribus
646 2100 818 2141 Saturnus]

117 2152 210 2191 Lege
226 2152 401 2183 Satunnus.
447 2151 478 2182 A
495 2151 588 2182 Sata.
613 2152 662 2182 Ut
679 2161 698 2182 a
715 2152 723 2168 ‘
740 2161 817 2192 por-

118 2202 179 2241 tu,'
196 2204 205 2220 ‘
217 2201 435 2234 Portunnusff
480 2203 568 2233 Nam
584 2202 667 2233 Salii
684 2203 819 2234 scilicet

117 2253 218 2285 aliter
234 2253 463 2294 indigitabaut
476 2263 575 2294 quam
588 2254 717 2294 volgus.
734 2254 817 2285 Duc.

159 2310 173 2331 5
207 2304 362 2344 Saturno]
399 2305 492 2335 Festi
524 2304 629 2335 verba
660 2304 819 2336 videntur

118 2356 292 2396 pertinere
310 2356 352 2387 ad
376 2355 513 2387 Saturni
541 2354 718 2391 sacrificia,
741 2366 817 2396 quae

119 2406 231 2446 capite
248 2412 367 2446 aperto
382 2406 516 2444 fierent,
530 2411 567 2437 ut
585 2406 686 2438 verbo
700 2407 817 2439 Satur-

119 2458 174 2487 nia
191 2456 319 2487 dictum
337 2461 399 2496 est,
415 2462 450 2488 et
466 2457 642 2488 Plutarch.
659 2457 691 2488 in
707 2458 818 2489 Prob-

119 2509 197 2539 lem.
227 2507 384 2540 Macrob.
414 2508 473 2540 lib.
504 2518 528 2539 1.
558 2509 696 2540 Saturn.
721 2510 819 2541 Serv.

118 2558 176 2589 lib.
191 2566 251 2589 ιιι.
274 2557 349 2588 AEn.
361 2557 424 2589 hoc
438 2558 526 2589 idem
540 2559 705 2593 scribunt,
716 2559 820 2591 idem-

119 2619 184 2650 que
201 2609 334 2640 Honori
357 2607 440 2643 fieri,
457 2614 641 2649 propterea
656 2611 746 2651 quod
762 2621 818 2643 ca-

120 2663 184 2699 put
200 2659 333 2700 aperire
350 2658 485 2688 honoris
502 2668 602 2690 causa
621 2662 819 2700 potentiori-

118 2708 182 2741 bus
200 2710 321 2745 soleat,
335 2713 372 2739 ut
388 2708 480 2739 Ptin.
492 2708 598 2740 tradit
614 2709 670 2740 lib.
686 2719 819 2744 xxvur.

122 2769 197 2801 cap.
213 2762 244 2792 6.
275 2759 382 2792 Addit
403 2759 520 2791 Festus
536 2759 625 2792 inter
638 2761 817 2795 Metellum

874 1077 1079 1110 Pontificem
1109 1077 1201 1107 Max.
1227 1079 1261 1106 et
1288 1073 1467 1106 Claudiurn
1495 1082 1574 1104 con-

873 1129 1063 1160 tentionem
1103 1127 1216 1161 fuisse,
1255 1134 1399 1166 eumque
1429 1123 1574 1155 fortasse

873 1180 1046 1216 multasse,
1060 1179 1148 1221 quod
1165 1179 1314 1210 Saturno
1328 1175 1441 1217 capite
1455 1179 1574 1216 operto

872 1231 1006 1263 fecisset
1026 1232 1058 1262 iu
1073 1230 1215 1271 Sulpicii
1233 1229 1306 1260 Ser.
1332 1228 1370 1259 F.
1395 1227 1575 1266 inaugura-

872 1283 964 1314 tione
981 1293 987 1312 :
1014 1281 1262 1321 Claudiumque
1280 1287 1495 1320 provocasse,
1514 1277 1574 1308 sed

871 1342 937 1365 non
954 1332 1155 1365 obtinuisse.
1203 1331 1289 1362 Haec
1310 1329 1459 1361 nondum
1477 1337 1576 1369 repe-

871 1384 973 1414 rimus
1012 1382 1101 1425 apud
1139 1382 1221 1413 alios
1261 1381 1457 1422 scriptores.
1494 1378 1576 1409 Ant.

870 1435 957 1474 Aug.

914 1485 1069 1525 Saturno]
1092 1484 1188 1516 Infra
1205 1484 1306 1525 plane
1330 1486 1416 1522 erat,
1439 1481 1575 1513 Saturno

869 1537 1057 1579 sacrificium
1073 1536 1119 1578 fit
1143 1536 1244 1576 capite
1269 1536 1387 1575 aperto.
1433 1533 1575 1574 Reliqua

870 1590 926 1631 qui
945 1589 1085 1620 meliore
1104 1587 1241 1628 iugenio
1258 1591 1335 1616 sunt
1361 1583 1573 1616 divinabant.

869 1642 1018 1672 Postea:
1060 1640 1182 1671 Saxum
1213 1638 1376 1678 Tarpeium
1402 1637 1577 1676 appellatur

865 1702 942 1733 pars
958 1691 1083 1730 montis,
1098 1690 1152 1731 qui
1167 1690 1203 1720 ob
1228 1690 1379 1729 sepultam
1398 1687 1576 1727 Tarpeium,

870 1754 939 1784 quoe
968 1752 1036 1774 eum
1068 1745 1202 1773 montem
1226 1740 1354 1771 Sabinis
1378 1740 1576 1779 prodiderat,

870 1794 1048 1824 nominatus
1062 1795 1130 1823 cst.-
1160 1792 1208 1822 vel
1231 1791 1268 1822 ab
1293 1801 1326 1822 eo
1345 1791 1436 1830 quod,
1451 1799 1520 1820 cum
1535 1789 1576 1820 L.

873 1844 1022 1884 Tarpeius
1040 1843 1171 1873 Romulo
1193 1842 1283 1882 quasi
1298 1840 1333 1871 ob
1348 1844 1456 1881 raptas
1476 1840 1576 1878 virgi-

869 1906 923 1927 nes
937 1896 1167 1929 adversaretur,
1184 1894 1224 1924 ud
1245 1893 1323 1923 illud
1344 1901 1457 1923 saxum
1476 1894 1522 1921 est
1536 1892 1575 1921 de

869 1946 963 1977 noxio
977 1956 1067 1986 poena
1089 1947 1212 1983 exacta,
1227 1944 1393 1974 noluerunt
1411 1941 1576 1980 funestum

869 1999 967 2029 locum
1002 2007 1071 2028 cum
1102 1998 1193 2036 purte
1232 1993 1383 2035 Capitolii
1418 1992 1575 2032 conjungi.

868 2049 1015 2080 Videtur
1046 2048 1110 2078 iste
1139 2047 1176 2077 L.
1201 2045 1368 2086 Tarpeius
1393 2044 1575 2075 Romulum

869 2099 960 2141 apud
984 2099 1148 2140 populum
1174 2105 1363 2135 accusasse,
1385 2094 1474 2136 quod
1498 2103 1574 2125 cum

869 2152 942 2182 sine
958 2159 1062 2182 causa
1078 2148 1251 2179 verisimili
1270 2156 1335 2177 non
1363 2151 1488 2187 posset,
1510 2145 1574 2176 hoc

869 2201 1005 2233 nomine
1031 2198 1200 2230 infensum
1222 2197 1347 2238 populo
1365 2194 1500 2227 efficere
1518 2205 1575 2227 vo-

873 2252 988 2289 luisse,
1005 2249 1096 2291 quod
1111 2249 1254 2279 Sabinas
1269 2247 1435 2287 rapuerit,
1452 2250 1487 2277 et
1500 2255 1574 2276 eam

872 2303 1009 2335 invidiae
1027 2311 1162 2333 causam
1177 2299 1385 2331 obtendisse.
1409 2298 1478 2328 Jos.
1491 2297 1575 2327 Scal.

917 2355 1054 2386 Saturno
1069 2350 1324 2393 sacrificiumfit]
1350 2349 1409 2380 Ait
1426 2349 1548 2380 Festus
1565 2358 1572 2377 :

872 2407 1035 2444 Saturno,
1048 2404 1162 2446 capite
1174 2407 1307 2444 aper-10,
1322 2399 1523 2431 sacrificium
1536 2397 1573 2428 fi-

874 2449 1574 2493 ebatSaturnalibus‚itaquecumSer-Sul-

873 2507 978 2548 pitius
1005 2504 1114 2537 Rufus
1137 2504 1210 2535 Ser.
1228 2503 1333 2533 Filius
1352 2502 1573 2541 inauguratus

871 2562 974 2597 esset,
991 2561 1026 2587 et
1042 2556 1116 2596 ejus
1139 2552 1392 2594 inauguratioui
1410 2550 1571 2582 Metellus

871 2607 1036 2641 Pontifex
1045 2606 1218 2646 Augurem
1231 2603 1508 2643 adessejnberet,
1518 2609 1573 2631 ex-

870 2660 1001 2693 cusavit
1017 2668 1052 2689 se
1066 2656 1240 2695 Claudius,
1252 2654 1340 2697 quod
1355 2654 1459 2684 sacris
1476 2651 1572 2683 fami-

870 2713 922 2743 liae
939 2720 1007 2741 suae
1025 2708 1206 2749 impeditus
1219 2710 1321 2741 esset,
1339 2705 1457 2745 quibus
1469 2703 1572 2734 sacri-

869 2763 1041 2797 ficandum
1071 2760 1161 2793 foret
1191 2764 1311 2800 operto
1340 2758 1466 2799 capite,
1493 2765 1569 2788 cum
