1876 3025
268 185 331 215 DE
365 180 639 214 VERBORUM
672 177 1079 211 SIGNIFICATIONE
1113 177 1208 207 [AB.
1241 176 1368 206 XVII.

1460 165 1545 207 929

109 280 317 324 Suffiscus
340 279 566 320 dicebatur
585 276 808 317 folliculus
840 274 1016 315 testium
1049 271 1343 319 arietinorum,
1375 269 1544 324 [FEST.

164 349 239 401 qui
261 346 449 388 celebris
471 359 565 385 usus
585 350 673 384 erat
687 357 766 396 pro
800 341 1024 395 marsupio.
1054 340 1236 380 forsitan
1268 337 1399 378 dictus
1421 351 1465 377 su
1511 352 1542 376 s-

165 429 232 454 cus
251 427 277 453 a
297 413 391 454 fisci
408 411 698 452 similitudine.

111 479 411 532 Suffragatores
433 475 447 499 ¹<
467 477 704 518 dicebantur
737 475 850 530 apud
867 476 1054 529 majores
1074 474 1134 524 hi,
1155 473 1231 527 qui
1252 472 1378 525 vulgo
1398 472 1443 512 in
1466 485 1551 512 usu

165 553 280 587 erant
294 543 518 585 candidatis
533 561 546 590 ;
562 559 657 585 mim
670 551 716 585 ut
729 543 869 584 melius
885 542 1308 597 apparerentjuncta
1323 538 1552 591 suffiragia,

167 612 429 667 suffragator,
471 626 596 665 quem
629 613 817 665 quisque
849 611 940 651 fieri
974 609 1120 659 vellet,
1151 609 1333 649 notabat
1372 607 1553 660 apposito

162 685 327 734 puncto
349 681 525 732 scriptis
544 679 880 720 candidatorum
899 677 1119 718 hominum
1139 674 1378 716 nominibus.
1410 673 1554 715 Varro

168 749 213 788 in
234 748 340 788 libro
362 758 452 787 vll.
484 747 648 787 Rerum
670 748 956 787 humanarum
977 745 1049 784 hoc
1071 744 1217 784 tradit.

115 813 352 865 Suffuerat,
375 816 456 855 sub
476 814 628 855 eodem
649 818 762 856 tecto
777 814 934 854 fuerat.

118 881 382 934 Sugillatum
401 880 409 903 ¹
432 882 593 922 dicitur
613 895 668 922 ex
693 881 870 929 Graeco,
892 878 1008 932 quod
1030 892 1083 919 ea
1102 891 1216 932 pars,
1239 890 1339 931 quae
1377 876 1556 930 [mvn

172 953 241 989 est
262 949 346 989 sub
369 949 499 998 collo,
522 951 642 988 κοῖλον
665 954 677 977 ³
701 949 756 990 ab
779 947 845 988 eis
869 947 1038 987 dicitur.

719 1077 836 1090 ‘‘‘‘‘‘

162 1157 181 1185 3
206 1155 284 1186 Vet.
302 1154 359 1186 lib.
376 1154 481 1185 κυλόν.

840 1076 958 1091 tttttt

774 1263 804 1294 N
811 1263 913 1294 OTAE

113 1327 220 1369 fiscus.
242 1325 361 1367 φάσκος
377 1331 488 1358 autem
510 1328 606 1366 aluta,
630 1327 718 1358 unde
735 1326 816 1367 φάσ-

123 1383 222 1408 κωλος
233 1378 302 1408 sive
314 1375 491 1416 φάσκωλον,
504 1378 683 1418 pasc-colum,
701 1388 817 1408 saccus

123 1437 165 1459 ex
187 1428 290 1459 aluta.
349 1428 438 1458 Huic
468 1433 582 1468 etymo
606 1427 700 1459 favet
728 1428 817 1469 quod

123 1478 332 1518 Augustinus
350 1478 382 1509 in
399 1478 491 1510 Psal.
511 1481 580 1509 146.
601 1484 635 1509 et
651 1484 726 1519 post
742 1488 817 1509 eum

125 1528 244 1560 Isidor.
271 1529 329 1560 lib.
360 1537 420 1560 xx.
451 1530 533 1569 orig.
560 1539 634 1570 cap.
661 1532 691 1560 9.
705 1529 820 1570 fiscum

124 1578 396 1620 interpretantur
409 1589 539 1610 saccum
554 1579 735 1619 publicum.
752 1579 820 1610 Sed

127 1630 208 1661 mihi
226 1630 429 1670 probabilius
448 1630 583 1661 videtur
604 1630 680 1670 fisci
704 1630 821 1669 appel-

127 1680 286 1711 lationem
303 1690 380 1710 rure
398 1685 505 1711 ortam
519 1679 644 1711 dicere.
690 1680 820 1710 Rustici

128 1731 214 1761 enim
232 1740 273 1761 ex
296 1731 398 1770 junco
416 1731 569 1761 utensilia
585 1731 624 1761 ad
641 1730 771 1761 fructus
788 1735 822 1761 et

133 1782 198 1811 alia
225 1780 390 1821 capienda
412 1780 597 1819 faciebant,
621 1791 695 1821 qu‘ae
717 1780 825 1821 fiscos,

123 1831 267 1872 fiscinas,
279 1831 456 1870 etfiscellas
467 1831 648 1868 vocabant,
659 1830 774 1870 afisco,
790 1830 822 1860 id

130 1881 308 1920 est,junc0.
334 1880 363 1910 Α
384 1880 528 1910 Rusticis
544 1880 673 1910 Urbani
691 1880 724 1910 in
737 1881 826 1921 ejus-

133 1931 223 1961 modi
247 1930 337 1961 fiscis
355 1935 389 1961 et
409 1930 542 1960 fiscellis
566 1930 724 1969 pecunias
751 1939 826 1960 suas

135 1989 269 2011 servare
288 1979 493 2011 didicerunt.
538 1979 666 2011 Ascon.
684 1981 715 2011 in
735 1981 827 2012 Divi-

132 2035 203 2061 nat.
227 2032 236 2048 ‘
252 2030 353 2067 Fisci,
369 2030 506 2068 fiscinae,
522 2029 676 2068 fiscellae,
692 2036 829 2070 spartea

134 2086 211 2112 sunt
228 2081 384 2112 utensilia
402 2080 443 2111 ad
465 2081 599 2121 majoris
616 2091 753 2112 sunimae
770 2091 829 2122 pe-

135 2131 250 2162 cunias
266 2130 462 2171 capiendas.
506 2131 605 2162 Unde
629 2131 705 2172 quia
720 2132 829 2172 major

136 2190 265 2212 summa
294 2185 348 2211 est
376 2181 529 2220 pecuniae
553 2181 697 2221 publicae
729 2192 829 2222 quam

136 2232 291 2271 privatae,
307 2237 344 2262 ut
360 2241 419 2271 pro
436 2241 536 2262 censu
554 2232 687 2272 privato
704 2232 831 2263 loculos

139 2287 174 2313 et
188 2291 298 2313 arcam
316 2286 350 2312 et
365 2272 504 2313 sacellos
530 2281 685 2322 dicimus,
704 2282 752 2313 sic
771 2292 831 2323 pro

139 2332 275 2372 publico
298 2332 471 2363 Thesauro
497 2333 606 2364 aerarii
634 2333 760 2364 dicitur
777 2333 832 2364 fis-

140 2381 220 2413 cus!
266 2382 376 2423 Atque
407 2382 456 2413 ita
490 2382 599 2423 primo
634 2383 742 2414 Fiscus
773 2393 833 2424 pro

140 2434 274 2471 sparteo,
290 2437 408 2472 postea
425 2442 505 2463 vero
521 2438 660 2473 propter
683 2433 835 2464 similitu-

142 2481 254 2512 dinem
278 2491 337 2521 pro
365 2482 515 2522 quolibet
537 2482 601 2513 alio
625 2492 723 2514 sacco
751 2483 835 2514 sumi

146 2537 278 2571 coeptus
294 2537 356 2562 est.
381 2532 429 2562 Ut
443 2532 496 2562 hic
513 2531 681 2563 folliculus
697 2532 836 2564 testium

144 2582 372 2616 arietinorum,
388 2582 442 2622 qui
468 2583 625 2622 marsupii
641 2592 734 2613 usum
753 2592 837 2623 prae-

147 2633 266 2670 stabat,
294 2633 441 2673 suffiscus,
464 2632 558 2672 quasi
584 2642 704 2672 parvus
728 2632 838 2673 fiscus,

150 2682 260 2712 dictus
275 2688 336 2712 est.
364 2683 440 2712 Dae.

190 2733 203 2752 l<
230 2732 394 2772 Suffragat
401 2754 499 2763 .....
502 2732 516 2772 ]
539 2732 637 2763 Quod
655 2732 760 2763 dicam
787 2742 836 2762 as-

232 2786 346 2825 Drlplz.
368 2790 397 2817 et
420 2788 495 2818 Var.
521 2786 606 2817 Clas.

755 2786 862 2825 Pomp.
882 2786 963 2816 Fest.

868 1336 980 1358 serere
1004 1334 1070 1356 non
1100 1333 1259 1365 possum;
1291 1322 1349 1354 sed
1375 1326 1412 1353 ut
1436 1321 1563 1362 aliquid

868 1377 992 1414 dicam,
1010 1376 1055 1406 ita
1073 1375 1173 1406 scribi
1185 1374 1257 1405 liaec
1275 1383 1371 1414 posse
1387 1378 1564 1413 putarem:

868 1427 1106 1468 Suffi·agatores
1121 1427 1266 1456 dicuntur
1288 1428 1365 1454 natu
1388 1422 1519 1461 majores
1533 1422 1567 1453 hi

869 1478 921 1518 qui
937 1478 1030 1516 vulgo
1045 1477 1077 1507 z'n
1092 1485 1149 1506 usu
1164 1479 1265 1514 erunt,
1285 1477 1315 1505 et
1336 1477 1369 1504 ut
1394 1474 1496 1504 minus
1512 1483 1565 1513 αρ-

867 1531 1012 1569 parerent
1033 1527 1146 1565 juncta
1170 1525 1341 1566 διψῇ-118111,
1364 1523 1567 1564 szffugutor,

870 1588 960 1619 quam
975 1577 1099 1617 quisque
1106 1577 1184 1618 fieri
1194 1577 1297 1609 vellet,
1313 1575 1450 1613 notabat,
1460 1574 1566 1613 priva-

870 1630 927 1659 tz'm
948 1628 1076 1668 scriptis
1100 1627 1333 1658 candidatorum
1347 1625 1501 1655 hominum
1516 1634 1569 1655 ηο-

870 1679 1014 1709 minibus.
1037 1678 1119 1708 Ant.
1137 1677 1223 1716 Aug.

916 1728 1164 1769 Suffiugatores]
1202 1728 1327 1759 Notum
1345 1732 1395 1757 est
1413 1726 1569 1766 antiquos

875 1777 1035 1817 suffragia
1059 1787 1122 1808 non
1146 1777 1331 1816 scripsisse,
1359 1777 1417 1807 sed
1445 1782 1570 1817 puncto

875 1833 1020 1858 notasse.
1064 1827 1219 1858 Incertus
1238 1827 1338 1867 poeta
1350 1827 1380 1857 in
1397 1827 1571 1867 Epigram-

875 1884 983 1908 mate:
1010 1878 1019 1894 ‘
1032 1877 1243 1909 Ciconiarum
1257 1876 1365 1908 Rufus
1378 1877 1442 1907 iste
1456 1876 1570 1906 condi-

877 1932 942 1966 tor,
956 1927 1023 1958 Hic
1039 1932 1091 1958 est
1107 1926 1237 1958 duobus
1263 1926 1451 1967 elegantior
1470 1926 1572 1957 Plan·

878 1979 938 2018 cis,
964 1978 1205 2017 suffragiorum
1247 1982 1374 2018 puncta
1401 1987 1466 2008 non
1497 1976 1575 2007 tulit

879 2034 1021 2070 septem.
1068 2028 1280 2059 Ciconiarum
1312 2027 1455 2068 populus
1485 2027 1573 2057 ultus

879 2084 931 2111 est
947 2078 1112 2109 mortem!
1139 2079 1221 2110 Dac.

919 2128 927 2150 ¹
952 2128 1157 2169 Sugillatum]
1172 2129 1295 2168 Inepta
1306 2127 1520 2168 etymologia,
1534 2137 1574 2158 ac

880 2184 1063 2220 propterea
1085 2178 1182 2209 falsa.
1229 2179 1347 2209 Cinnas
1374 2183 1426 2208 est
1450 2177 1575 2213 cilium,

881 2235 938 2261 aut
950 2229 1119 2270 palpebra.
1131 2227 1374 2269 ὑποκοριστικὸν,
1391 2228 1499 2258 Cilbus.
1520 2227 1575 2258 In-

883 2281 925 2311 de
940 2280 1100 2312 subcz'llum
1117 2285 1151 2311 et
1175 2280 1335 2311 subvillure
1348 2290 1358 2310 .·
1374 2278 1463 2319 quod
1483 2285 1574 2318 post-

882 2341 933 2371 ea,
947 2330 1134 2369 Subgillum‚
1146 2335 1180 2360 et
1192 2330 1371 2368 subgillnre,
1386 2327 1577 2368 ὑπωπιάζειν.

884 2382 911 2413 C
927 2382 960 2411 in
969 2380 1014 2419 G,
1027 2382 1035 2397 ‘
1050 2379 1266 2417 Subicitare,’
1281 2381 1290 2396 ‘
1304 2379 1428 2410 inicere
1439 2378 1460 2417 ;'
1474 2381 1482 2396 ‘
1493 2379 1576 2409 Sub-

884 2428 1030 2470 igitare,'
1078 2432 1087 2446 ‘
1103 2429 1254 2468 inigere.’
1300 2429 1474 2459 Praeterea
1518 2429 1578 2459 fal—

885 2490 956 2511 sum
987 2477 1039 2510 est
1067 2479 1307 2520 Sugillationes
1337 2480 1507 2519 pertinere
1536 2479 1576 2509 ad

886 2532 1027 2562 collum:
1059 2530 1121 2560 nisi
1141 2530 1246 2560 mavis
1270 2531 1381 2570 legere
1405 2530 1460 2560 sub
1474 2530 1578 2560 oculo.-

888 2581 946 2613 sed
963 2586 1042 2611 tunc
1056 2580 1133 2621 quid
1149 2580 1269 2611 Graece
1283 2581 1495 2614 substituam,
1512 2590 1578 2609 non

888 2631 999 2662 video.
1045 2631 1078 2661 Si
1106 2629 1234 2665 κυλλὸν,
1258 2630 1339 2660 1111111
1359 2639 1432 2669 ago,
1456 2630 1481 2658 si
1504 2628 1579 2667 ’γύα-

890 2687 958 2719 λον,
971 2690 1074 2719 nugas
1090 2690 1202 2720 egero.
1219 2679 1321 2718 ’γύαλα
1335 2680 1466 2720 quidem
1482 2679 1579 2709 Gra*-

892 2733 919 2761 ci
938 2732 977 2761 τὰ
993 2730 1177 2769 κοιλώματα.
1200 2731 1280 2770 Sed,
1298 2736 1455 2771 quantum
1474 2729 1580 2769 video,

1421 2785 1438 2812 3
1465 2782 1494 2813 N
