1876 3025
280 158 364 200 894
724 170 872 200 sEx‘ri
910 169 1112 199 ΡΟΜΡΕΠ
1149 169 1285 199 Fus'ri

336 266 380 307 id
404 271 486 315 est,
519 267 764 314 voluntate,
797 266 1082 319 promittatur.
1114 265 1270 306 deinde
1307 265 1485 315 oblitus,
1529 265 1725 307 inferiore

339 334 487 386 capite
512 346 721 386 sponsum
742 337 782 373 et
803 345 1008 385 sponsam
1029 346 1084 374 ex
1108 332 1267 373 Graeco
1297 332 1477 382 dictam,
1508 333 1585 383 ait,
1608 333 1725 386 quod

334 401 366 441 ii
399 402 554 447 σπονδὰς
593 400 865 453 interpositis
896 400 1025 440 rebus
1060 400 1220 440 divinis
1260 399 1441 441 faciant.
1503 400 1726 454 Spondere

335 474 460 510 antea
491 468 738 522 ponebatur
765 480 844 520 pro
880 467 1040 518 dicere,
1072 468 1188 509 unde
1215 472 1258 509 et
1291 469 1554 523 respondere
1587 469 1726 509 adhuc

333 542 482 585 manet,
502 534 717 590 sedpostea
733 536 933 589 usurpari
951 541 1153 590 coeptum
1176 540 1244 577 est
1259 535 1380 577 etiam
1397 536 1438 577 in
1456 536 1723 592 promissione

333 603 529 644 alterius.
1503 615 1505 617 ·

275 671 503 725 Spondere
525 672 768 725 ponebatur
788 683 867 724 pro
890 671 1047 721 dicere,
1071 670 1186 712 unde
1209 675 1252 712 et
1268 672 1525 726 respondere
1544 672 1722 726 [PAUL.

331 739 472 781 adhuc
503 744 670 791 manet3
702 739 777 780 sed
799 743 953 792 postea
991 740 1192 792 usurpari
1226 744 1422 794 coeptum
1452 745 1521 780 est
1551 740 1594 780 in
1623 752 1725 794 pro-

330 809 482 848 misso.

274 877 461 930 Sponsis
493 876 654 924 bene‚¹¹
688 876 882 929 beneque
921 874 1152 925 volueris‚0
1182 875 1224 916 in
1261 875 1513 928 precatione
1553 873 1720 928 [FEST.

329 945 540 997 augurali,
564 943 766 985 Messala
788 956 925 997 augur
946 943 1006 984 ait
1045 943 1291 997 significare
1323 943 1627 998 spoponderis,
1647 955 1721 984 vo-

328 1013 477 1053 lueris.

272 1080 490 1134 Spurcum
537 1079 713 1120 vinump
767 1079 982 1129 dicebant,
1017 1093 1116 1121 cum
1149 1092 1265 1132 aqua
1298 1079 1513 1127 admixta,
1537 1078 1719 1132 [PAUL.

327 1153 402 1189 aut
420 1149 521 1202 igne
541 1153 706 1189 tactum
728 1151 836 1197 erat,
857 1155 1108 1188 mustumve
1129 1152 1365 1200 antequam
1385 1146 1676 1187 defervescat.

270 1216 490 1269 Spurcum
510 1216 661 1256 vinum
692 1219 774 1264 est,
807 1214 926 1268 quod
956 1215 1095 1255 sacris
1126 1214 1322 1255 adhiberi
1360 1227 1443 1255 non
1472 1213 1523 1254 li-
1556 1212 1720 1266 [FEST.

327 1287 413 1334 cet,
447 1288 494 1324 ut
529 1285 591 1324 ait
624 1283 777 1323 Labeo
815 1281 1037 1323 Antistius
1072 1282 1183 1322 libro
1216 1281 1386 1322 decimo
1419 1281 1720 1322 commentarii

320 1351 433 1404 juris
466 1350 698 1404 pontificii,
726 1350 797 1390 cui
827 1362 946 1403 aqua
983 1348 1184 1389 admixta
1212 1353 1293 1398 est,
1324 1349 1611 1398 defrutumve,
1645 1353 1720 1389 aut

323 1421 420 1472 igne
440 1423 604 1460 tactum
626 1421 706 1467 est,
727 1420 976 1458 mustumve
997 1421 1112 1466 ante,
1136 1429 1271 1470 quam
1294 1417 1581 1458 defervescat.

269 1487 531 1541 Squalidum
554 1486 778 1535 incultum,
799 1490 844 1526 et
875 1484 1113 1535 sordidum,
1136 1485 1254 1538 quod
1276 1485 1476 1539 proxime
1539 1484 1717 1536 [PAUL.

325 1555 651 1595 similitudinem
671 1554 836 1594 habeat
857 1565 1057 1606 squamae
1077 1552 1282 1606 piscium,
1305 1553 1369 1593 sic
1391 1552 1678 1606 appellatum.

270 1620 515 1677 Squalidum
536 1627 550 1651 ‘³
572 1621 783 1662 incultum
805 1626 848 1663 et
885 1619 1102 1661 sordidum
1135 1619 1194 1660 ait
1222 1617 1389 1660 Verrius
1420 1620 1500 1674 sig·
1551 1619 1716 1672 [FEST.

861 1739 1096 1753 eeeeeeeeeeee

307 1811 342 1839 11
370 1809 451 1840 Vet.
468 1808 544 1840 cod.
563 1809 650 1839 Bene
664 1808 794 1848 sponsis.
841 1807 930 1839 Vide
947 1807 1008 1838 inf.

914 1916 1054 1948 NOTAE

1015 1985 1289 2029 fulinine'tacta’‚
1306 1988 1587 2029 quiamquejuxta
1610 1986 1714 2017 homi-

1014 2041 1065 2071 nis
1083 2050 1171 2071 mors
1189 2041 1307 2080 laqueo
1337 2037 1553 2078 pependerit,
1571 2042 1628 2067 aut
1643 2038 1714 2067 vul-

1014 2091 1142 2121 neratis
1161 2089 1304 2133 pedibus
1326 2089 1471 2127 calcata,
1489 2093 1524 2118 et
1542 2087 1630 2128 quod
1649 2087 1712 2117 cir-

262 1996 396 2032 sponte,
418 2002 493 2022 nam
516 1992 549 2022 id
568 1992 683 2023 valet)
729 1991 796 2023 Sed
825 1991 960 2022 omnino

260 2044 391 2082 spondeo
409 2053 427 2073 a
443 2043 564 2073 Graeco
582 2042 714 2081 σπένδω,
728 2043 806 2076 libo,
820 2041 907 2082 quod
926 2042 959 2071 in

261 2091 448 2122 soederibus
473 2092 630 2122 libarent.
677 2093 801 2122 Postea
817 2091 959 2129 factum,

261 2147 297 2172 ut
315 2143 371 2182 qui
388 2147 423 2173 et
447 2142 518 2172 siue
542 2142 704 2172 libatione
727 2141 958 2181 promitteret,

258 2193 405 2231 spondere
421 2191 607 2227 diceretur,
620 2196 654 2222 et
671 2193 728 2232 qui
743 2191 958 2232 repromitte-

259 2247 324 2280 ret,
338 2244 532 2282 respondere.
556 2241 663 2273 Idem.

302 2297 316 2311 0
340 2292 472 2331 Sponsis
487 2293 570 2327 hene,
583 2292 713 2331 beneque
725 2290 871 2330 volueris]
896 2292 960 2322 Le-

259 2343 310 2382 git
339 2343 467 2383 Scalig.
493 2343 623 2383 Sponsis
648 2343 732 2379 bene,
754 2343 884 2383 beneque
908 2353 959 2371 ro-

259 2393 344 2431 teris,
358 2393 411 2423 vel
429 2393 500 2423 bene
511 2394 645 2433 sponsis,
661 2393 732 2424 bene
747 2393 870 2423 coleris.
900 2392 958 2423 Vo-

259 2443 343 2481 leris,
352 2451 414 2483 pro
426 2444 569 2477 volueris,
579 2444 710 2482 sponsis,
723 2453 782 2484 pro
793 2443 959 2483 spoponde-

259 2494 317 2533 ris,
333 2494 537 2534 sponsaveris.
562 2493 669 2524 Idem.

302 2548 319 2569 Ρ
354 2543 505 2584 Spurcum
531 2543 651 2583 vinum]
676 2544 727 2574 De
757 2544 835 2574 vino
867 2543 957 2584 quod

258 2592 332 2623 Diis
349 2592 455 2623 libare
468 2591 634 2623 nefastum
650 2592 849 2631 credebaut,
866 2593 957 2624 Plin.

260 2643 319 2673 lib.
336 2652 411 2674 xw.
427 2653 456 2674 c.
470 2646 519 2673 19.
542 2648 550 2660 ‘
563 2644 606 2674 Et
621 2644 780 2684 quoniam
794 2644 956 2684 religione

260 2693 332 2723 vita
349 2697 497 2734 constat,
507 2693 678 2733 prolibare
692 2693 768 2724 Diis
786 2692 956 2724 nefastum

259 2743 405 2775 habetur
421 2743 511 2780 vino,
535 2747 661 2784 praeter
677 2744 851 2784 imputatae
868 2743 956 2782 vitis,

1013 2140 1169 2172 cumcisis
1185 2139 1332 2170 vinaceis
1346 2137 1558 2178 profluxerit,
1585 2142 1643 2167 aut
1659 2147 1712 2167 su-

1014 2200 1119 2231 perne
1136 2189 1279 2220 deciduo
1297 2188 1518 2218 immundiore
1543 2187 1636 2226 lapsu
1655 2187 1714 2217 uli-

1012 2250 1078 2281 quo
1106 2240 1248 2280 polluto,
1277 2238 1357 2269 item
1385 2238 1530 2272 Graecae,
1555 2236 1712 2277 quoniam

1015 2299 1135 2331 aquam
1152 2288 1280 2319 habet)
1314 2289 1357 2319 Et
1371 2287 1521 2319 Isidorus
1540 2287 1636 2327 Orig.
1653 2287 1712 2318 lib.

1016 2349 1056 2371 ¹1.
1072 2349 1103 2370 c.
1120 2342 1152 2370 3.
1178 2340 1186 2355 ‘
1202 2340 1370 2378 Spurcum
1387 2336 1536 2378 (vinum)
1556 2336 1644 2377 quod
1663 2336 1712 2368 of-

1014 2390 1094 2422 ferri
1113 2399 1178 2420 non
1197 2389 1288 2428 licet,
1306 2393 1365 2418 aut
1388 2387 1441 2417 cui
1459 2396 1543 2427 aqua
1560 2385 1712 2417 admixta

1014 2444 1080 2481 est,
1097 2439 1192 2481 quasi
1215 2436 1391 2478 spurium.'
1438 2437 1505 2467 Sed
1523 2437 1564 2466 de
1580 2436 1710 2476 origine

1013 2490 1118 2521 falsus
1143 2495 1195 2519 est
1223 2487 1397 2518 Isidorus:
1423 2496 1498 2517 nam
1518 2496 1671 2527 spurcum,
1691 2496 1711 2517 a

1011 2551 1095 2581 spuo.
1119 2539 1228 2570 Idem.

1053 2595 1068 2616 ‘¹
1101 2587 1300 2629 Squalidum]
1325 2587 1518 2628 Squalidum,
1546 2587 1709 2624 incultum,

1010 2644 1041 2671 et
1076 2640 1244 2677 sordidum,
1283 2639 1331 2669 sic
1370 2638 1591 2678 appellatum,
1620 2638 1708 2679 quod

1012 2690 1163 2731 proxime
1178 2689 1219 2719 ad
1233 2697 1387 2729 squamas
1406 2688 1547 2728 piscium
1562 2687 1708 2719 accedit.

1012 2740 1137 2772 Itidem
1153 2739 1282 2771 Ennius
1308 2738 1374 2770 dici
1401 2737 1570 2779 pallidum·
1587 2737 1709 2779 squali-
