1876 3025
293 139 376 181 ‘770

337 246 453 302 facit
467 246 723 288 mentionem
744 246 921 286 telorum
963 275 971 283 .

743 149 883 179 SEXTI
919 147 1013 177 POM
1025 148 1122 177 PEII
1157 148 1295 178 FESTI

832 313 997 353 solitum
1015 316 1082 352 est

834 392 952 420 remo

295 452 441 494 Rivus
455 450 470 473 *¹
492 451 625 503 vulgo
647 449 894 504 appellatur
913 448 1056 489 tenuis
1078 447 1191 488 fluor
1213 460 1357 502 aquae,
1381 460 1467 488 non
1482 461 1576 502 spe,
1601 447 1746 489 cousi-

350 521 468 561 liove
486 524 519 550 ¹⁷
549 519 710 568 factus,
732 530 884 559 verum
905 516 1096 557 naturali
1118 528 1199 557 suo
1231 515 1413 569 impetu.

1474 516 1562 556 Sed
1594 515 1626 555 ii
1661 515 1744 556 rivi

353 588 570 636 dicuntur,
605 586 683 640 qui
719 584 964 626 manufacti
995 587 1112 634 sunt,
1150 583 1244 624 sive
1275 587 1582 636 superterram
1605 583 1742 632 fossa,

352 656 444 696 sive
477 667 605 708 super
634 653 824 707 specu,¹3
857 653 987 707 cujus
1007 652 1212 695 vocabuli
1231 651 1353 704 origo
1377 665 1435 692 ex
1457 651 1618 692 Graeco
1639 664 1745 704 pen-

297 752 307 756 >
352 724 440 765 det.

296 788 603 833 ΒΟΒἺΟΑΜΑἰ
625 789 718 830 dies
740 788 877 829 festus
895 789 1084 843 septimo
1109 788 1339 830 Kalendas
1364 787 1523 837 Maias,
1565 786 1745 839 [PAUL.

351 872 439 912 quo
454 858 629 910 Robigo
648 858 749 898 Deo
764 870 862 907 suo,
884 870 1014 911 quem
1032 858 1250 911 putabant
1269 857 1510 909 rubiginem
1527 859 1743 903 avertere,

353 925 672 968 sacrificabant.

297 991 504 1036 Robumk
536 994 665 1034 rubro
702 995 860 1043 colore,
893 998 936 1035 et
967 1007 1067 1047 quae
1099 991 1195 1032 rufo
1231 990 1480 1044 significari,
1502 992 1549 1030 ut
1579 988 1746 1042 [Fsssrr.

903 1111 1019 1124 oooooo

1022 1111 1137 1122 eeeeee

340 1204 377 1232 17
406 1200 599 1239 Legendum
613 1205 729 1232 monet
753 1201 836 1231 Dac.
860 1210 936 1231 cnm
954 1200 1094 1231 doctiss
1112 1198 1353 1233 Turnebo,non
1367 1208 1455 1237 specu
1480 1197 1632 1228 inciliove.
1677 1196 1746 1226 Pro

293 1254 346 1284 spe
362 1245 412 1275 vir
428 1244 519 1276 doct.
535 1244 568 1274 in
586 1254 690 1284 marg.
707 1244 760 1275 ed.
779 1244 870 1275 Scal.
887 1244 975 1284 conj.
992 1246 1144 1284 open—18
1170 1242 1222 1273 Id.
1245 1242 1326 1273 ibid.
1349 1241 1452 1272 subter
1474 1250 1575 1281 specu.

948 1360 1088 1392 NOTJE

336 1436 351 1457 ¹¹
376 1436 490 1476 Rivus]
514 1438 605 1478 Lege
633 1448 708 1468 cum
735 1437 871 1469 doctiss.
910 1438 993 1467 Tur-

293 1489 403 1519 nebo:
442 1489 543 1519 Ritus
571 1490 662 1527 vulgo
691 1490 864 1529 appellatur
893 1489 993 1519 tenuis

285 1538 373 1579 flttor·
394 1549 492 1578 aquare,
522 1549 581 1570 non
600 1549 692 1579 specu
717 1540 859 1570 inciliore
872 1539 992 1576 sactus.

292 1590 332 1620 Id
350 1591 525 1630 sequentia
543 1590 698 1630 probant.
733 1591 833 1621 Rirus
848 1596 991 1621 autema

292 1639 360 1679 ῥέω,
378 1638 456 1670 fluo.
482 1640 579 1670 Idem.

335 1690 342 1710 i
367 1689 548 1729 Robigalia]
575 1690 750 1731 Interpres
776 1690 874 1722 Arati
901 1692 992 1722 Lati-

292 1750 353 1770 nus
371 1745 515 1770 testatur
532 1741 621 1771 liunc
639 1741 726 1772 diem
745 1751 765 1771 a
783 1742 893 1772 Numa
913 1751 992 1781 rege

292 1799 379 1820 anno
398 1790 576 1821 undecimo
591 1791 683 1832 regni
702 1793 752 1823 sui
768 1793 993 1824 constitutum

294 1840 406 1871 fuisse.
429 1840 506 1871 Ant.
522 1840 607 1879 Aug.

337 1891 521 1930 Robigalia]
547 1891 647 1922 Varr.
662 1891 719 1923 lib.
734 1901 767 1921 v.
792 1892 801 1909 ‘
821 1892 994 1931 Robigalia

293 1941 386 1972 dicta
409 1951 427 1971 a
448 1941 593 1981 Robigo.
639 1942 831 1972 Secundum
857 1949 992 1983 segetes

293 1992 370 2022 huie
390 1992 464 2021 Deo
482 1991 694 2022 sacrificatur
707 2001 747 2021 ne
764 1992 880 2032 robigo
893 2003 992 2023 occu-

293 2046 353 2081 pet
380 2042 539 2081 segetes!
586 2042 676 2073 Plin.
701 2042 760 2074 lib.
779 2052 889 2074 xvrir.
915 2054 990 2084 cap.

295 2095 346 2123 19.
369 2092 378 2109 ⁶
394 2091 574 2131 Robigalia
600 2092 711 2122 Numa
739 2093 887 2124 instituit
904 2103 991 2124 anno

295 2142 390 2181 regni
408 2142 456 2172 sui
480 2142 673 2182 undecimo,
688 2153 763 2183 qnae
786 2153 874 2173 nnnc
890 2153 993 2183 agun-

294 2197 349 2223 tur
385 2196 463 2222 ante
492 2191 580 2222 diem
610 2193 789 2232 septimum
823 2193 993 2224 Kalendas

294 2242 414 2281 Maias,
433 2243 590 2283 quoniam
608 2247 687 2274 tnnc
704 2243 777 2274 fere
792 2250 926 2285 segetes
941 2254 991 2275 ro-

294 2292 374 2333 bigo
404 2297 562 2333 occupat.
613 2294 688 2324 Hoc
718 2298 851 2333 tempus
881 2295 992 2325 Varro

294 2343 500 2375 determinat
526 2344 594 2374 sole
617 2343 719 2374 Tauri
743 2348 874 2384 partem
902 2345 992 2375 deci-

294 2404 379 2424 mam
397 2394 584 2432 obtinente,
600 2394 684 2425 sient
699 2399 778 2425 tnnc
793 2393 927 2425 ferebat
944 2405 993 2425 ra-

294 2445 355 2475 tio.
400 2444 467 2475 Sed
494 2454 572 2474 vera
597 2455 697 2475 cansa
725 2450 790 2485 est,
806 2445 893 2485 quod
918 2451 993 2485 post

295 2495 367 2525 dies
386 2495 595 2535 undeviginti
613 2496 655 2526 ab
672 2496 872 2535 aequinoctio
890 2506 992 2527 verno

296 2555 357 2585 per
375 2545 407 2575 id
428 2545 655 2585 quatriduum,
669 2546 761 2576 varia
773 2545 921 2584 gentium
936 2546 994 2576 ob-

298 2596 504 2634 servatione,
537 2596 567 2626 in
592 2601 748 2636 quartum
774 2597 852 2627 Kal.
882 2596 993 2627 Maias

297 2646 391 2677 canis
412 2646 550 2685 occidit,
577 2646 668 2677 sidus
694 2651 729 2677 et
755 2656 815 2686 per
839 2656 872 2677 se
898 2647 994 2677 vehe-

296 2706 404 2733 mens,
429 2702 464 2730 et
487 2697 539 2730 cui
563 2697 792 2740 praeoccidere
810 2698 995 2730 caniculam

1048 1446 1186 1468 necesse
1203 1437 1270 1468 sit.⁷
1294 1437 1369 1468 Hoc
1386 1446 1517 1467 sacrum
1532 1444 1590 1466 sue
1608 1438 1643 1465 et
1661 1443 1746 1464 cane

1048 1488 1289 1527 peragebatur,
1305 1498 1443 1527 qnorum
1462 1492 1543 1517 exta
1559 1496 1633 1516 cnm
1652 1486 1746 1515 thure

1047 1544 1080 1569 et
1099 1539 1175 1569 vino
1194 1539 1267 1569 Deo
1288 1537 1530 1569 offerebantur.
1578 1535 1746 1566 ()vid.1v.

1047 1589 1138 1619 Fast.
1175 1589 1227 1619 De
1260 1588 1412 1628 robigine
1439 1593 1551 1617 antem
1580 1586 1626 1616 sic
1657 1586 1748 1615 Plin.

1048 1639 1056 1654 ‘
1071 1638 1230 1678 Plerique
1247 1638 1362 1667 dixere
1385 1647 1492 1667 rorem
1512 1637 1658 1666 inustum
1677 1636 1747 1665 sole

1047 1689 1116 1718 acri
1135 1688 1289 1728 frugibus
1306 1688 1470 1727 rubiginis
1487 1696 1619 1717 causam
1638 1695 1711 1716 esse
1728 1684 1749 1715 ι’

1047 1749 1122 1780 quac,
1155 1739 1326 1769 sententia
1352 1744 1405 1769 est
1437 1737 1574 1769 Ovidii:
1600 1737 1654 1767 ‘Si
1681 1735 1750 1766 cul-

1048 1799 1118 1820 mos
1131 1790 1230 1820 Titan
1249 1789 1422 1820 incalfacit
1439 1788 1532 1826 udos,
1544 1788 1639 1818 Tunc
1655 1788 1747 1817 locus

1049 1846 1099 1871 est
1117 1841 1187 1880 irae,
1207 1841 1293 1871 Diva
1316 1840 1477 1876 timenda,
1501 1844 1567 1869 tnae
1582 1838 1600 1868 :’
1624 1847 1747 1878 nempe

1048 1891 1171 1922 Divarn
1190 1891 1392 1931 Robiginem
1415 1891 1466 1920 liic
1489 1889 1573 1919 dicit
1589 1887 1747 1926 Ovidius,

1049 1942 1168 1981 Festus
1187 1941 1350 1979 Robigum
1369 1941 1492 1970 Deum.
1517 1939 1598 1969 Duc.

1090 1991 1104 2011 k
1132 1990 1264 2030 Robum]
1291 1990 1402 2021 Graeci
1434 1987 1550 2027 ξανθόν.
1590 1987 1668 2018 Vet.
1700 1988 1748 2017 in-

1048 2041 1165 2080 script.
1189 2043 1198 2058 ‘
1214 2040 1380 2071 Omnibus
1398 2039 1492 2069 annis
1514 2037 1620 2068 vitulo
1644 2036 1747 2068 robeo

1048 2096 1082 2122 et
1097 2091 1217 2123 verre.'
1263 2092 1307 2122 Et
1323 2091 1411 2121 hunc
1429 2099 1504 2121 esse
1524 2089 1674 2119 Deorum
1694 2097 1749 2118 co-

1046 2142 1150 2172 lorem
1182 2140 1287 2172 refert
1313 2141 1450 2172 Servius
1476 2139 1517 2169 ad
1545 2138 1627 2169 illud
1651 2138 1749 2178 Virg.

1048 2192 1164 2232 Eclog.
1183 2202 1232 2223 w.
1251 2198 1258 2209 ‘
1271 2192 1467 2232 Sanguineis
1483 2190 1629 2220 frontem
1645 2189 1747 2219 moris

1048 2247 1083 2272 et
1111 2248 1267 2283 tempora
1293 2242 1425 2282 pingit!
1450 2239 1599 2275 ‘Multi,’
1628 2239 1746 2280 inquit,

1048 2291 1113 2322 ‘ob
1136 2293 1199 2323 lioc
1217 2293 1344 2322 dictum
1361 2295 1494 2331 putant,
1518 2289 1605 2330 quod
1624 2289 1746 2319 rubeus

1048 2343 1138 2372 color
1151 2343 1300 2373 Deorum
1311 2343 1365 2372 sit.
1379 2341 1476 2372 Unde
1490 2346 1522 2371 et
1539 2339 1746 2379 triumphan-

1050 2398 1099 2423 tes
1111 2392 1184 2423 face
1202 2393 1350 2427 minima,
1368 2392 1447 2422 etin
1467 2390 1636 2431 Capitolio
1647 2389 1746 2429 Jupi-

1048 2449 1100 2474 ter
1112 2445 1143 2475 in
1157 2442 1490 2485 quadrigarriiniata.’
1509 2441 1594 2472 Inde
1605 2449 1748 2481 quercus

1048 2495 1140 2525 robur
1155 2494 1260 2532 dicta,
1275 2493 1352 2534 quia
1369 2493 1442 2531 ejus
1459 2501 1553 2522 venae
1566 2500 1640 2522 enm
1658 2490 1747 2521 colo-

1050 2556 1119 2577 rem
1146 2546 1310 2577 referunt.
1357 2545 1472 2576 Robur
1488 2543 1601 2578 etiam,
1617 2542 1678 2572 lioc
1695 2545 1748 2572 est

1050 2595 1228 2634 fortitudo,
1243 2597 1284 2627 al)
1301 2605 1340 2626 eo
1364 2596 1476 2626 colore
1493 2590 1611 2624 nomen
1635 2601 1747 2631 sump-

1052 2648 1141 2678 sitsi
1168 2648 1304 2678 Festum
1333 2647 1496 2677 andimus.
1543 2643 1609 2675 Sed
1635 2643 1746 2682 potina

1051 2701 1102 2729 est
1121 2697 1161 2729 ab
1177 2698 1284 2730 AEolio
1308 2697 1418 2738 ρὧορ,
1442 2695 1551 2735 ῥῶμορ,
1567 2693 1661 2734 ῥώμη,
1678 2690 1745 2724 for-
