1876 3025
179 174 241 204 DE
275 170 549 202 VERBORUM
582 168 990 199 SlGNlFlCA'rloNli
1027 167 1119 195 [ΑΒ.
1154 166 1265 195 XlX.
1291 166 1383 195 XX.

1444 154 1555 195 1013

163 268 283 322 quod
305 267 453 321 potius
468 266 624 307 dicitur
639 264 730 318 jus,
749 264 854 317 quia
868 263 916 304 fit
935 263 1044 303 inter
1066 275 1158 312 eos,
1175 262 1251 315 qui
1270 261 1554 301 contendunt.

164 336 229 377 M.
253 336 363 377 Cato
394 335 439 375 in
472 348 538 384 ea,
564 348 697 388 quam
721 333 898 385 scripsit
921 332 973 373 L.
1005 331 1158 372 Furio:
1191 330 1259 370 De
1281 342 1400 383 aqua

680 402 904 442 Praetores
924 399 1168 441 secundum
1188 398 1401 452 populum
1419 396 1558 437 vindi-

165 473 260 514 cias
289 472 442 513 dicunt

1087 472 1132 508 et
1158 466 1378 506 Lucilius:
1412 464 1557 505 Nemo

162 541 231 582 hic
253 539 472 581 vindicias
494 551 634 592 neque
660 550 802 585 sacra,
822 549 961 589 neque
982 548 1140 576 numen
1165 537 1441 575 vereretur.¹4
1490 532 1560 572 De

163 621 252 662 quo
284 608 419 648 verbo
454 606 633 648 Cincius
666 606 731 646 sic
765 606 852 646 ait:
884 604 1109 645 Vindiciae
1145 603 1247 643 olim
1281 597 1563 642 dicebanturf

162 676 267 725 illae,
298 689 398 729 quae
421 688 478 717 ex
499 675 636 715 fundo
658 678 816 714 sumtae
843 673 887 713 in
914 674 990 726 jus
1014 672 1163 712 allatae
1187 675 1321 712 erant.

760 741 854 795 jam
869 746 885 770 S
918 740 1192 794 singulariter
1210 740 1399 780 formato
1420 736 1558 777 vindi-

164 743 396 796 Sulpicius

165 812 279 853 ciam
302 825 402 852 esse
420 811 480 852 ait
512 840 521 849 .

1383 669 1442 709 At
1464 668 1560 708 Ser.

1336 818 1423 859 qua
1443 804 1496 845 de
1517 817 1561 844 re

165 880 469 921 controversia
495 882 578 928 est,
612 877 667 918 ab
701 889 753 917 eo
785 877 903 930 quod
929 876 1174 916 vindicatur

536 950 579 987 et
598 945 643 986 in
665 943 927 985 duodecim:
960 943 1009 983 Si
1028 942 1267 983 vindiciam
1285 941 1440 982 falsam
1465 939 1563 980 tulit

808 1012 845 1052 si
872 1011 976 1051 velit
1006 1011 1044 1051 is

165 1083 356 1125 arbitros
379 1089 469 1125 tres
486 1087 516 1112 ¹⁵
539 1083 666 1123 dato:
695 1093 842 1122 eorum
864 1081 1045 1121 arbitrio

164 1150 332 1193 fructus
347 1151 380 1176 ¹⁶
411 1152 620 1206 duplione
642 1151 850 1191 damnum
872 1148 1097 1192 decidito.†

713 1270 847 1283 eeeeeee

853 1269 950 1281 ’’’’’

154 1352 194 1381 1-1
215 1348 304 1380 Scal.
324 1350 422 1379 Nemo
438 1349 510 1380 hinc
524 1348 688 1384 vlndicius,
703 1359 825 1384 numen,
840 1359 935 1389 neque
950 1357 1037 1378 sacra
1054 1351 1186 1377 rer-etur.
1232 1343 1380 1375 anneb.
1400 1343 1499 1372 Nema
1515 1342 1564 1372 hic

109 1393 262 1423 vindicias
287 1402 381 1432 neque
403 1401 491 1422 sacra
512 1396 568 1422 aut
593 1393 720 1423 numina
746 1396 846 1422 retur.

894 1392 989 1422 Duza
1003 1402 1012 1421 z
1042 1391 1138 1420 Nemo
1155 1389 1204 1419 hic
1221 1398 1274 1418 nec
1291 1396 1412 1423 numen,
1427 1395 1481 1414 nec
1497 1385 1565 1414 rin-

108 1435 205 1465 (licias
219 1445 314 1475 neque
328 1445 418 1466 sacra
433 1438 624 1470 veretum—12
649 1435 845 1474 Legendnm
872 1440 988 1465 monet
1010 1432 1177 1469 Gifanius‚
1193 1431 1312 1461 Indice
1340 1428 1542 1460 Lucretiano
1557 1438 1564 1457 :

113 1478 155 1508 At
170 1477 238 1508 Ser.
257 1478 412 1518 Sulpicius
436 1478 557 1509 nomine
570 1478 640 1516 jam
662 1478 868 1517 singulariter
884 1478 1024 1515 formato
1050 1475 1214 1507 vindiciam
1240 1483 1304 1504 esse
1319 1473 1377 1506 ait,
1404 1481 1464 1510 qua
1480 1471 1517 1500 de
1533 1480 1566 1499 re

108 1521 319 1552 controversia
335 1524 391 1557 est,
406 1521 445 1551 ab
461 1531 494 1551 eo
519 1522 598 1560 quod
614 1521 814 1552 vindicatur:
831 1524 866 1551 ut
881 1522 914 1551 in
931 1520 1109 1551 duodecim:
1128 1518 1164 1548 Si
1176 1516 1343 1547 vindiciam
1357 1514 1477 1551 falsam
1492 1513 1565 1543 latit

109 1564 157 1594 rei
173 1564 237 1595 sive
250 1564 317 1594 litis
331 1564 465 1594 arbitros
481 1567 545 1595 tres
557 1566 645 1594 dato:
667 1564 812 1594 arbilrz‘is
827 1563 929 1601 fructi
944 1563 1087 1602 duplione
1100 1563 1243 1591 damnum
1258 1559 1392 1590 decidito
1411 1557 1461 1586 vel
1486 1557 1566 1586 deci-

108 1606 287 1638 ditem—15
313 1607 393 1637 Vet.
411 1606 470 1637 lib.
488 1610 534 1637 lot
549 1606 684 1637 arbitros
698 1607 871 1637 ceris—10
895 1607 974 1636 Vet.
992 1605 1169 1642 lib-fructi.

772 1712 912 1744 NOTAE

111 1777 278 1815 manibus,
293 1778 417 1818 injure
433 1777 606 1818 quippiam
624 1787 718 1808 suum
735 1787 812 1808 esse

111 1829 240 1859 dicere.
296 1829 397 1859 Unde
429 1829 574 1859 vindiciae
606 1838 658 1859 res
697 1838 812 1859 omnes

110 1889 185 1920 quae
203 1879 256 1910 cui
275 1879 468 1919 pertineant
489 1883 525 1910 et
549 1878 763 1910 vindicentur
780 1880 812 1909 in

106 1930 186 1969 jure
211 1931 334 1970 agitur.
387 1930 554 1962 Vindiciae
583 1931 683 1962 etiam
712 1931 815 1961 diciae

112 1991 164 2011 res
182 1981 344 2021 quaelibet
359 1981 402 2011 de
419 1981 542 2022 quibus
558 1982 658 2012 aliter
672 1986 813 2013 conten·

111 2031 197 2061 dunt
229 2032 319 2061 inter
348 2041 395 2061 se.
452 2031 553 2062 Unde
582 2032 812 2063 Glossarium:

112 2084 121 2098 ‘
140 2082 321 2119 Vindiciae‚
341 2081 382 2112 τὰ
408 2082 442 2112 ἐν
458 2082 692 2121 ἀμφισβητήσει
715 2082 813 2123 πράγ-

109 2133 218 2173 ματα,’
234 2135 242 2151 ‘
259 2143 310 2164 res
323 2144 398 2175 qnae
412 2135 444 2164 in
461 2136 694 2166 controversia
710 2134 813 2166 suut.'

112 2185 279 2215 Vindiciae
302 2186 404 2215 etiam
428 2185 556 2216 dicitur
580 2186 747 2226 possessio
766 2186 813 2215 rei

112 2239 340 2266 controversa:
372 2245 478 2275 usque
515 2235 556 2266 ad
594 2235 813 2276 dijudicatam

111 2287 217 2317 litem.
263 2285 303 2316 In
330 2286 385 2316 illo
407 2287 560 2324 Catonis,
584 2287 743 2318 Proetores
770 2297 815 2318 se-

112 2338 244 2368 cundam
273 2337 419 2377 populum
447 2337 598 2368 vindicias
628 2338 757 2368 dicunt.-
782 2338 814 2368 id

113 2393 178 2427 est,
197 2388 321 2428 populo
348 2387 513 2418 vindicias
537 2388 631 2425 dant,
655 2388 718 2419 Rei
736 2398 815 2419 con-

114 2443 276 2469 troversae
296 2438 536 2477 possessionem
555 2439 680 2479 populo
697 2438 816 2469 decer-

114 2493 211 2518 nunt.
236 2488 318 2518 Dae.

156 2537 168 2558 s
193 2538 344 2568 Vindicioe
374 2538 447 2567 olim
470 2537 667 2577 dicebantur]
700 2539 815 2569 Ursin.

115 2593 150 2619 et
178 2588 324 2619 Turneb.
360 2587 513 2618 Vindicioe
538 2588 610 2618 olim
635 2589 815 2620 dicebantur

112 2640 212 2680 glebae
233 2651 300 2680 quae
323 2650 362 2670 esc
377 2640 490 2679 fundo,
517 2641 570 2679 ᾅ-ε.
619 2640 708 2670 Nam
736 2641 812 2671 olim

113 2691 169 2732 qui
186 2690 328 2721 fundum
344 2690 489 2731 aliquem
513 2698 608 2719 snum
631 2699 706 2720 esse
722 2690 813 2720 dice-

114 2741 184 2782 bat,
201 2751 242 2773 ex
260 2751 299 2773 eo
318 2741 432 2781 glebas
450 2740 577 2781 aliquas
595 2740 627 2770 in
650 2740 707 2780 jus
724 2739 811 2772 fere·

868 1778 938 1817 bat,
964 1780 999 1807 ut
1027 1775 1068 1805 de
1101 1774 1205 1805 fundo
1230 1774 1324 1804 litem
1353 1774 1508 1802 moveret
1533 1773 1569 1799 et

867 1827 1034 1858 vindicias
1055 1830 1198 1865 peteret.
1223 1825 1321 1855 Idem.

912 1884 926 1905 g
949 1878 995 1909 At
1018 1877 1087 1907 Ser.
1108 1876 1206 1916 Sulpi.
1221 1897 1227 1906 .
1242 1897 1249 1904 .
1264 1874 1361 1914 jam]
1388 1873 1497 1910 Lege:
1524 1870 1568 1900 At

869 1929 997 1960 Servius
1013 1927 1170 1967 Sulpitius
1185 1926 1306 1956 nomine
1322 1924 1416 1955 etiam
1432 1922 1568 1961 singula—

868 1979 947 2010 riter
967 1978 1107 2017 formato
1133 1977 1303 2007 vindiciam
1329 1975 1374 2005 ait
1399 1984 1464 2004 esse
1491 1983 1568 2012 eam,

869 2040 928 2069 qua
951 2031 989 2059 de
1011 2038 1056 2067 re,
1077 2029 1128 2067 ᾅτ.
1178 2025 1324 2058 Vindicio
1345 2034 1406 2065 pro
1425 2023 1570 2054 vindiciae

870 2081 902 2111 in
930 2083 980 2111 12.
1026 2079 1065 2110 Si
1087 2078 1255 2110 vindiciam
1272 2076 1392 2114 falsam
1417 2075 1501 2109 tulit,
1526 2074 1571 2104 rei

868 2132 933 2162 sive
959 2132 1026 2162 litis
1050 2134 1169 2171 proetor
1191 2129 1326 2159 arbitros
1343 2130 1406 2157 tres
1422 2127 1507 2163 dato,
1523 2134 1571 2155 eo-

869 2193 937 2213 ram
963 2182 1095 2213 arbitrio
1110 2180 1237 2219 fructus
1263 2178 1405 2218 duplione
1427 2177 1573 2206 damnum

868 2234 1013 2265 decidito.
1058 2233 1113 2263 Sic
1132 2231 1220 2261 enim
1237 2228 1429 2269 legendnm.
1483 2225 1570 2256 Nam

871 2286 902 2316 in
926 2283 1069 2315 Schedis
1093 2286 1187 2313 erat:
1214 2280 1252 2311 Si
1270 2279 1438 2310 vindiciam
1455 2277 1573 2314 falsam

871 2336 944 2366 tulit
959 2357 966 2366 .
982 2359 989 2366 .
1003 2357 1010 2364 .
1024 2334 1051 2364 si
1067 2334 1143 2364 velit
1158 2334 1206 2362 is.
1222 2354 1230 2361 .
1244 2352 1251 2360 .
1265 2352 1272 2360 .
1286 2334 1346 2370 lor,
1359 2329 1505 2365 arbitros,
1520 2329 1573 2366 Syc-

872 2385 1065 2416 Vindiciam
1089 2383 1179 2414 ferre
1200 2388 1250 2413 est
1268 2381 1410 2412 decreto
1429 2388 1497 2408 rem
1513 2376 1571 2406 ob-

873 2437 995 2473 tinere,
1019 2433 1201 2465 vindiciam
1227 2431 1364 2462 dicebat
1382 2429 1504 2470 judex,
1521 2425 1571 2456 fea

873 2486 971 2517 rebat
994 2485 1020 2515 is
1043 2485 1099 2525 qui
1128 2493 1199 2514 reni
1225 2480 1413 2512 obtinebat.
1461 2475 1526 2506 Sed
1545 2475 1571 2505 si

872 2537 1053 2568 vindiciam
1072 2535 1125 2565 ille
1141 2534 1280 2572 tulerat,
1295 2532 1350 2572 qui
1366 2539 1432 2560 non
1447 2527 1571 2557 debue-

871 2592 936 2628 rat,
952 2591 1080 2627 praetor
1102 2591 1171 2616 tres
1190 2583 1335 2614 arbitros
1357 2580 1472 2612 dabat,
1489 2586 1569 2615 qno«²

870 2649 942 2669 rum
968 2636 1109 2668 arbitrio
1135 2635 1296 2675 duplione
1324 2632 1480 2661 damnum
1499 2628 1569 2657 lue=

870 2689 939 2719 bat.
964 2688 1063 2719 Idem.
