1876 3025
315 132 425 174 1124
755 137 903 169 sexri
940 136 1143 168 POMPE11
1180 136 1317 167 Fusrr

307 240 428 280 nium
452 237 552 286 ffere
588 235 765 290 exempla
798 233 956 284 volunt,
990 239 1033 273 ut
1067 231 1189 273 sudus
1223 232 1388 273 siccum
1422 229 1662 283 significet:
1694 243 1759 270 su-

311 307 406 348 dum
426 307 530 348 enim
550 305 668 362 quasi
684 303 866 353 seudum,
882 301 927 342 z'd
946 307 1026 352 est,
1051 303 1144 342 sine
1166 301 1269 350 udo,
1290 303 1338 341 ut
1357 312 1542 349 Securus,
1564 298 1645 338 sine
1662 311 1760 337 cura

314 374 463 415 dictum
486 379 557 414 est.

313 441 518 491 Sublesta,
552 438 713 493 antiqui
747 437 956 478 dicebant
990 435 1171 485 infirma,
1206 442 1244 475 et
1278 435 1427 475 tenuia.
1488 434 1679 475 Plautus
1719 432 1762 472 in

311 510 477 551 Persa:
509 508 582 549 Ad
601 505 722 559 [104]
755 509 1059 559 paupertatem
1098 504 1134 544 si
1159 504 1407 556 immigrant
1437 502 1646 552 infamiae,
1670 512 1764 553 gra-

311 578 407 619 vior
423 580 666 630 paupertas
689 574 754 621 fit,
773 573 880 614 fides
899 573 1163 613 sublestior:
1194 572 1238 611 id
1263 575 1345 619 est,
1366 570 1590 612 infirmior.
1642 568 1764 609 Idem

311 646 357 686 in
405 643 673 685 Nervolaria
715 642 862 682 vinum
902 641 964 681 ait
1003 640 1386 689 sublestissimum,
1428 639 1532 693 quia
1573 636 1765 678 infirmos

311 713 449 753 faciat
468 711 540 752 vel
563 722 758 763 corpore,
777 708 845 749 vel
866 708 1023 748 animo.

310 781 454 830 Satur,
498 783 541 820 et
577 779 656 827 vir,
707 783 751 818 et
794 788 899 816 caro
928 788 1017 815 non
1057 775 1233 815 habent.
1305 773 1604 826 Supellectilis
1643 774 1765 812 recto

314 860 439 896 casu,
479 849 520 887 et
554 847 674 886 senis
718 845 882 885 ratione
921 843 1189 891 dicebantur,
1233 854 1335 896 quae
1383 854 1498 882 nunc
1548 839 1767 881 contraria

312 916 515 956 videntur
537 927 634 954 esse
666 913 850 953 finitioni
870 910 1086 964 portionis
1105 915 1148 950 :4
1177 910 1282 963 quia
1304 909 1449 950 omnia
1470 907 1705 955 vocabula,
1731 916 1764 945 x

312 983 440 1023 litera
480 982 617 1027 finita,
646 993 726 1034 per
757 978 1076 1020 declinationes
1107 978 1384 1031 obliquorum
1416 989 1601 1017 casuum
1633 974 1767 1028 sylla-

316 1052 417 1091 bam
441 1050 692 1103 accipiunt:
724 1047 820 1088 haec
849 1052 991 1087 autem
1015 1046 1101 1086 duo
1122 1046 1404 1086 desciverunt
1439 1045 1495 1085 ab
1517 1057 1586 1092 ea,
1609 1047 1658 1084 ut
1679 1042 1768 1083 alta

319 1119 578 1171 compiurn,⁵
599 1129 700 1171 quae
721 1128 804 1156 non
827 1114 927 1155 ideo
950 1113 1164 1154 infirmare
1185 1113 1346 1153 debent
1366 1117 1653 1166 praeceptum.

315 1186 486 1227 Scurrae
530 1184 799 1226 vocabulum
843 1182 1024 1222 Verrius
1063 1181 1343 1234 ineptissime
1387 1186 1465 1221 aut
1510 1192 1569 1220 ex
1609 1179 1770 1219 Graeco

315 1260 505 1295 tractum
540 1254 616 1301 ait,
650 1252 768 1306 quod
801 1257 871 1291 est
902 1250 1213 1304 schypoazain,
1248 1253 1322 1289 aut
1352 1262 1378 1289 a
1420 1247 1662 1301 sequendo,
1699 1246 1771 1286 cui

317 1323 455 1373 magis
486 1321 742 1368 adsentitur,
775 1318 892 1372 quod
928 1326 971 1357 et
1005 1319 1228 1358 tenuiores
1258 1318 1447 1357 sortunae
1479 1316 1694 1364 homines,
1728 1317 1772 1354 et

320 1389 451 1429 ceteri
467 1388 656 1442 alioqui:
679 1389 754 1441 qui
776 1387 952 1427 honoris
969 1387 1108 1438 gratia
1125 1388 1486 1439 prosequerentur
1502 1383 1771 1437 quempiam,

320 1469 408 1496 non
433 1456 709 1504 antecedere,
732 1454 811 1495 sed
835 1454 958 1507 sequi
997 1454 1083 1494 sint
1105 1453 1225 1492 soliti
1245 1465 1254 1492 :
1288 1452 1394 1505 quia
1416 1450 1630 1491 videlicet
1653 1450 1772 1490 dicat

320 1523 530 1564 Lucilius.
592 1522 828 1563 Cornelius
860 1521 912 1561 P.
934 1526 1083 1561 noster
1115 1519 1351 1572 Scipiadas
1384 1518 1518 1567 dicto,
1550 1524 1770 1571 tempusq.

323 1593 541 1645 intorquet
563 1591 606 1631 in
626 1591 772 1644 ipsum
791 1590 868 1635 oti,
887 1593 929 1629 et
950 1589 1139 1637 deheim,
1160 1588 1250 1628 luci
1272 1586 1441 1635 effictae,
1464 1590 1554 1639 atq.
1577 1585 1771 1626 cinaedo:

329 1665 373 1700 et
395 1660 603 1699 sectatori
638 1658 751 1699 adeo
780 1657 868 1710 ipsi
908 1669 1002 1704 sue,
1031 1668 1118 1709 quo
1151 1655 1314 1695 rectius
1346 1653 1483 1694 dicas.
1547 1653 1643 1692 lbat
1664 1652 1773 1692 sorte

323 1727 513 1776 domum,
553 1727 776 1780 sequimur
816 1724 958 1772 multi,
1002 1731 1092 1775 atq.
1128 1722 1409 1775 frequentes:
1454 1733 1554 1761 cum
1597 1723 1774 1759 secutos

324 1795 465 1835 videri
487 1794 607 1842 velit,
630 1795 686 1834 ob
709 1806 852 1833 eorum
867 1793 1026 1845 jurgia,
1051 1803 1133 1831 non
1155 1791 1210 1830 ob
1234 1789 1462 1830 adsuetum
1486 1787 1690 1829 officium.

323 1863 444 1915 [105]
475 1862 630 1911 Secus,
662 1861 849 1913 Valgius
871 1864 997 1913 putat
1027 1871 1084 1898 ex
1108 1857 1281 1901 Graeco,
1305 1857 1423 1909 quod
1459 1861 1537 1904 est,
1569 1858 1656 1901 ἑκὰς
1685 1855 1775 1895 dic-

323 1935 411 1971 tum
432 1943 441 1971 :
473 1929 662 1970 absurde
683 1929 874 1969 seilicet:
910 1926 1128 1979 significat
1153 1926 1270 1965 enim
1294 1929 1440 1978 aperte
1464 1924 1604 1973 aliter,
1626 1935 1770 1963 exem-

325 1999 411 2051 plis
433 1999 623 2037 omnium
646 1997 748 2045 fere,
780 1997 855 2049 qui
886 2008 981 2036 eam
1005 2007 1154 2034 vocem
1187 1996 1418 2045 usurpant.
1479 1991 1645 2043 Stipem
1677 2002 1775 2029 esse

325 2077 551 2105 nummum
583 2064 819 2115 signatum,
850 2061 1105 2103 testimonio
1136 2064 1204 2099 est
1238 2064 1284 2100 et
1314 2059 1367 2099 de
1399 2071 1451 2098 eo
1484 2056 1618 2110 quae⁶
1648 2056 1776 2096 datur

326 2132 590 2185 stipendium
626 2132 767 2179 militi,
790 2134 833 2171 et
865 2143 961 2170 cum
998 2127 1234 2181 spondetur
1268 2125 1470 2178 pecunia,
1495 2124 1612 2178 quod
1636 2124 1776 2176 stipu-

327 2200 409 2241 lari
433 2200 605 2240 dieitur.
648 2199 865 2240 Sobrinus
886 2202 970 2245 est,
993 2201 1041 2236 ut
1063 2196 1123 2236 ait
1144 2194 1319 2235 Gallius
1344 2193 1505 2242 AElius,
1530 2192 1669 2245 patris
1692 2191 1777 2230 mei

330 2267 583 2309 consobrini
605 2267 735 2315 filius,
756 2271 799 2306 et
821 2264 967 2305 matris
988 2276 1097 2304 meae
1119 2262 1400 2303 consobrinae
1422 2260 1564 2300 filius:
1595 2258 1777 2299 foemina

329 2336 486 2376 iisdem
518 2335 572 2375 de
595 2335 744 2375 causis
767 2331 965 2386 appellat
986 2331 1175 2378 fratrem,
1195 2334 1236 2370 et
1257 2329 1430 2369 fratrem
1463 2326 1714 2380 patruelem,
1735 2328 1778 2365 et

333 2404 659 2451 consobrinum,
686 2408 732 2443 et
768 2401 949 2454 propius
983 2398 1280 2447 consobrino,7
1315 2401 1357 2437 et
1385 2396 1593 2436 sobrina:
1644 2392 1777 2432 iidem

334 2472 492 2523 gradus
522 2471 563 2510 in
594 2470 766 2511 sobrina
790 2481 923 2521 quoq.
947 2471 1060 2506 sunt.
1120 2465 1344 2505 Sororium
1370 2463 1557 2516 tigillum
1580 2459 1779 2514 appella-

937 2579 1170 2591 &moeno-eet

386 2655 397 2681 1
434 2651 456 2682 s.
482 2652 762 2689 proportionis.—5
788 2649 811 2679 Υ.
842 2650 901 2679 ulia
925 2649 1154 2687 compluria—6
1178 2645 1201 2675 f.
1229 2646 1273 2684 id,
1301 2645 1454 2683 Ἰασὼ-7
1480 2642 1500 2672 t'.
1526 2642 1657 2672 sobrino,
