<?xml version="1.0" encoding="UTF-8"?>
<!DOCTYPE html PUBLIC "-//W3C//DTD XHTML 1.0 Transitional//EN"
    "http://www.w3.org/TR/xhtml1/DTD/xhtml1-transitional.dtd">
<html xmlns="http://www.w3.org/1999/xhtml" xml:lang="en" lang="en">
 <head>
  <title>
</title>
<meta http-equiv="Content-Type" content="text/html;charset=utf-8" />
  <meta name='ocr-system' content='tesseract 3.04.00' />
  <meta name='ocr-capabilities' content='ocr_page ocr_carea ocr_par ocr_line ocrx_word'/>
</head>
<body>
  <div class='ocr_page' id='page_1' title='image "./mverriiflacciqua02verruoft/mverriiflacciqua02verruoft_0158.png"; bbox 0 0 1876 3025; ppageno 0'>
   <div class='ocr_carea' id='block_1_1' title="bbox 283 144 366 187">
    <p class='ocr_par' dir='ltr' id='par_1_1' title="bbox 283 144 366 187">
     <span class='ocr_line' id='line_1_1' title="bbox 283 144 366 187; baseline 0 -1"><span class='ocrx_word' id='word_1_1' title='bbox 283 144 366 187; x_wconf 76' lang='lat'>788</span> 
     </span>
    </p>
   </div>
   <div class='ocr_carea' id='block_1_2' title="bbox 721 154 1275 186">
    <p class='ocr_par' dir='ltr' id='par_1_2' title="bbox 721 154 1275 186">
     <span class='ocr_line' id='line_1_2' title="bbox 721 154 1275 186; baseline -0.005 0"><span class='ocrx_word' id='word_1_2' title='bbox 721 155 868 186; x_wconf 85' lang='lat' dir='ltr'>SEXTI</span> <span class='ocrx_word' id='word_1_3' title='bbox 903 154 1105 185; x_wconf 77' lang='lat' dir='ltr'>POMPEI!</span> <span class='ocrx_word' id='word_1_4' title='bbox 1140 154 1275 185; x_wconf 83' lang='lat' dir='ltr'>FESTI</span> 
     </span>
    </p>
   </div>
   <div class='ocr_carea' id='block_1_3' title="bbox 286 246 1724 437">
    <p class='ocr_par' dir='ltr' id='par_1_3' title="bbox 286 246 1724 437">
     <span class='ocr_line' id='line_1_3' title="bbox 286 246 1722 306; baseline -0.001 -15"><span class='ocrx_word' id='word_1_5' title='bbox 286 248 537 291; x_wconf 75' lang='lat' dir='ltr'>Rumentum</span> <span class='ocrx_word' id='word_1_6' title='bbox 567 250 610 291; x_wconf 81' lang='lat' dir='ltr'>in</span> <span class='ocrx_word' id='word_1_7' title='bbox 633 250 932 306; x_wconf 76' lang='lat' dir='ltr'>Auguralibus</span> <span class='ocrx_word' id='word_1_8' title='bbox 954 249 1197 301; x_wconf 80' lang='lat' dir='ltr'>significare</span> <span class='ocrx_word' id='word_1_9' title='bbox 1216 246 1381 290; x_wconf 77' lang='lat' dir='ltr'>videtur</span> <span class='ocrx_word' id='word_1_10' title='bbox 1402 248 1528 288; x_wconf 72' lang='lat' dir='ltr'>inter-</span> <span class='ocrx_word' id='word_1_11' title='bbox 1558 247 1722 302; x_wconf 79' lang='lat' dir='ltr'>[FEST.</span> 
     </span>
     <span class='ocr_line' id='line_1_4' title="bbox 340 314 1724 372; baseline -0.002 -15"><span class='ocrx_word' id='word_1_12' title='bbox 340 318 489 372; x_wconf 72' lang='lat' dir='ltr'>raptio,</span> <span class='ocrx_word' id='word_1_13' title='bbox 523 317 791 372; x_wconf 77' lang='lat' dir='ltr'>abruptiove,</span> <span class='ocrx_word' id='word_1_14' title='bbox 819 318 922 358; x_wconf 87' lang='lat' dir='ltr'>dum</span> <span class='ocrx_word' id='word_1_15' title='bbox 948 316 1082 356; x_wconf 87' lang='lat' dir='ltr'>verba</span> <span class='ocrx_word' id='word_1_16' title='bbox 1102 314 1327 357; x_wconf 80' lang='lat' dir='ltr'>Ancilibus</span> <span class='ocrx_word' id='word_1_17' title='bbox 1360 314 1562 355; x_wconf 75' lang='lat' dir='ltr'>movendis</span> <span class='ocrx_word' id='word_1_18' title='bbox 1586 314 1724 368; x_wconf 80' lang='lat' dir='ltr'>praeit,</span> 
     </span>
     <span class='ocr_line' id='line_1_5' title="bbox 340 382 1723 437; baseline -0.002 -12"><span class='ocrx_word' id='word_1_19' title='bbox 340 385 374 425; x_wconf 67' lang='lat' dir='ltr'>si</span> <span class='ocrx_word' id='word_1_20' title='bbox 400 385 560 425; x_wconf 78' lang='lat' dir='ltr'><em>interim</em></span> <span class='ocrx_word' id='word_1_21' title='bbox 581 387 676 425; x_wconf 86' lang='lat' dir='ltr'>avis</span> <span class='ocrx_word' id='word_1_22' title='bbox 707 385 882 433; x_wconf 84' lang='lat' dir='ltr'>canerit,</span> <span class='ocrx_word' id='word_1_23' title='bbox 914 390 1000 423; x_wconf 77' lang='lat' dir='ltr'>tum</span> <span class='ocrx_word' id='word_1_24' title='bbox 1030 396 1136 437; x_wconf 71' lang='lat' dir='ltr'>(eque</span> <span class='ocrx_word' id='word_1_25' title='bbox 1165 388 1288 436; x_wconf 79' lang='lat' dir='ltr'>atque</span> <span class='ocrx_word' id='word_1_26' title='bbox 1317 382 1509 436; x_wconf 77' lang='lat' dir='ltr'>auspicio,</span> <span class='ocrx_word' id='word_1_27' title='bbox 1541 382 1723 434; x_wconf 82' lang='lat' dir='ltr'>augurio</span> 
     </span>
    </p>
   </div>
   <div class='ocr_carea' id='block_1_4' title="bbox 340 450 712 494">
    <p class='ocr_par' dir='ltr' id='par_1_4' title="bbox 340 450 712 494">
     <span class='ocr_line' id='line_1_6' title="bbox 340 450 712 494; baseline -0.011 0"><span class='ocrx_word' id='word_1_28' title='bbox 340 457 580 494; x_wconf 84' lang='lat' dir='ltr'>rumentum</span> <span class='ocrx_word' id='word_1_29' title='bbox 602 450 712 492; x_wconf 81' lang='lat' dir='ltr'>estod</span> 
     </span>
    </p>
   </div>
   <div class='ocr_carea' id='block_1_5' title="bbox 286 583 1242 639">
    <p class='ocr_par' dir='ltr' id='par_1_5' title="bbox 286 583 1242 639">
     <span class='ocr_line' id='line_1_7' title="bbox 286 583 1242 639; baseline -0.004 -12"><span class='ocrx_word' id='word_1_30' title='bbox 286 587 480 636; x_wconf 80' lang='lat' dir='ltr'>Ramex,</span> <span class='ocrx_word' id='word_1_31' title='bbox 503 599 638 639; x_wconf 86' lang='lat' dir='ltr'>genus</span> <span class='ocrx_word' id='word_1_32' title='bbox 661 586 736 626; x_wconf 84' lang='lat' dir='ltr'>teli</span> <span class='ocrx_word' id='word_1_33' title='bbox 757 583 898 625; x_wconf 81' lang='lat' dir='ltr'>simile</span> <span class='ocrx_word' id='word_1_34' title='bbox 916 584 1038 636; x_wconf 82' lang='lat' dir='ltr'>spari</span> <span class='ocrx_word' id='word_1_35' title='bbox 1058 583 1242 624; x_wconf 81' lang='lat' dir='ltr'>Gallici.</span> 
     </span>
    </p>
   </div>
   <div class='ocr_carea' id='block_1_6' title="bbox 1530 546 1725 636">
    <p class='ocr_par' dir='ltr' id='par_1_6' title="bbox 1530 546 1725 636">
     <span class='ocr_line' id='line_1_8' title="bbox 1530 546 1725 636; baseline -0.005 -14"><span class='ocrx_word' id='word_1_36' title='bbox 1530 546 1725 636; x_wconf 40' lang='lat' dir='ltr'>imon]</span> 
     </span>
    </p>
   </div>
   <div class='ocr_carea' id='block_1_7' title="bbox 286 648 1725 708">
    <p class='ocr_par' dir='ltr' id='par_1_7' title="bbox 286 648 1725 708">
     <span class='ocr_line' id='line_1_9' title="bbox 286 648 1725 708; baseline -0.004 -14"><span class='ocrx_word' id='word_1_37' title='bbox 286 652 491 694; x_wconf 69' lang='lat' dir='ltr'>Rumexh</span> <span class='ocrx_word' id='word_1_38' title='bbox 518 667 645 708; x_wconf 77' lang='lat' dir='ltr'>genus</span> <span class='ocrx_word' id='word_1_39' title='bbox 667 652 737 704; x_wconf 71' lang='lat' dir='ltr'>teli</span> <span class='ocrx_word' id='word_1_40' title='bbox 757 650 885 691; x_wconf 83' lang='lat' dir='ltr'>simile</span> <span class='ocrx_word' id='word_1_41' title='bbox 904 650 1016 704; x_wconf 78' lang='lat' dir='ltr'>spari</span> <span class='ocrx_word' id='word_1_42' title='bbox 1033 648 1192 704; x_wconf 82' lang='lat' dir='ltr'><em>gallici,</em></span> <span class='ocrx_word' id='word_1_43' title='bbox 1213 651 1328 702; x_wconf 76' lang='lat' dir='ltr'>cujus</span> <span class='ocrx_word' id='word_1_44' title='bbox 1347 649 1542 706; x_wconf 76' lang='lat' dir='ltr'><strong>meminit</strong></span> <span class='ocrx_word' id='word_1_45' title='bbox 1562 648 1725 700; x_wconf 82' lang='lat' dir='ltr'>[FES&#39;r.</span> 
     </span>
    </p>
   </div>
   <div class='ocr_carea' id='block_1_8' title="bbox 342 721 503 761">
    <p class='ocr_par' dir='ltr' id='par_1_8' title="bbox 342 721 503 761">
     <span class='ocr_line' id='line_1_10' title="bbox 342 721 503 761; baseline 0 0"><span class='ocrx_word' id='word_1_46' title='bbox 342 721 503 761; x_wconf 87' lang='lat' dir='ltr'>Lucili.</span> 
     </span>
    </p>
   </div>
   <div class='ocr_carea' id='block_1_9' title="bbox 566 716 1707 773">
    <p class='ocr_par' dir='ltr' id='par_1_9' title="bbox 566 716 1707 773">
     <span class='ocr_line' id='line_1_11' title="bbox 566 716 1707 773; baseline -0.006 -13"><span class='ocrx_word' id='word_1_47' title='bbox 566 718 604 760; x_wconf 87' lang='lat' dir='ltr'><em>T</em></span> <span class='ocrx_word' id='word_1_48' title='bbox 604 734 667 760; x_wconf 78' lang='lat' dir='ltr'>um</span> <span class='ocrx_word' id='word_1_49' title='bbox 689 733 825 773; x_wconf 81' lang='lat' dir='ltr'>spara,</span> <span class='ocrx_word' id='word_1_50' title='bbox 846 725 931 758; x_wconf 78' lang='lat' dir='ltr'>tum</span> <span class='ocrx_word' id='word_1_51' title='bbox 954 717 1118 757; x_wconf 76' lang='lat' dir='ltr'>rumices</span> <span class='ocrx_word' id='word_1_52' title='bbox 1135 723 1361 771; x_wconf 80' lang='lat' dir='ltr'>portantur</span> <span class='ocrx_word' id='word_1_53' title='bbox 1382 716 1552 769; x_wconf 81' lang='lat' dir='ltr'>tragula</span> <span class='ocrx_word' id='word_1_54' title='bbox 1566 728 1707 769; x_wconf 80' lang='lat' dir='ltr'>porro,</span> 
     </span>
    </p>
   </div>
   <div class='ocr_carea' id='block_1_10' title="bbox 938 863 1075 894">
    <p class='ocr_par' dir='ltr' id='par_1_10' title="bbox 938 863 1075 894">
     <span class='ocr_line' id='line_1_12' title="bbox 938 863 1075 894; baseline -0.007 0"><span class='ocrx_word' id='word_1_55' title='bbox 938 863 967 894; x_wconf 92' lang='lat' dir='ltr'>N</span> <span class='ocrx_word' id='word_1_56' title='bbox 974 863 1075 894; x_wconf 68' lang='lat' dir='ltr'>0¹1*AE</span> 
     </span>
    </p>
   </div>
   <div class='ocr_carea' id='block_1_11' title="bbox 286 949 987 2039">
    <p class='ocr_par' dir='ltr' id='par_1_11' title="bbox 286 949 984 1739">
     <span class='ocr_line' id='line_1_13' title="bbox 286 949 980 984; baseline -0.003 -3"><span class='ocrx_word' id='word_1_57' title='bbox 286 951 313 981; x_wconf 88' lang='lat' dir='ltr'>si</span> <span class='ocrx_word' id='word_1_58' title='bbox 343 950 412 981; x_wconf 87' lang='lat' dir='ltr'>avis</span> <span class='ocrx_word' id='word_1_59' title='bbox 443 959 559 980; x_wconf 88' lang='lat' dir='ltr'>vocem</span> <span class='ocrx_word' id='word_1_60' title='bbox 586 949 751 984; x_wconf 82' lang='lat' dir='ltr'>emiserit,</span> <span class='ocrx_word' id='word_1_61' title='bbox 777 959 841 979; x_wconf 91' lang='lat' dir='ltr'>non</span> <span class='ocrx_word' id='word_1_62' title='bbox 872 949 980 979; x_wconf 78' lang='lat' dir='ltr'>minus</span> 
     </span>
     <span class='ocr_line' id='line_1_14' title="bbox 286 999 981 1040; baseline -0.003 -9"><span class='ocrx_word' id='word_1_63' title='bbox 286 1001 423 1040; x_wconf 84' lang='lat' dir='ltr'>augurio</span> <span class='ocrx_word' id='word_1_64' title='bbox 452 1000 500 1031; x_wconf 89' lang='lat' dir='ltr'>illi</span> <span class='ocrx_word' id='word_1_65' title='bbox 533 1004 723 1031; x_wconf 85' lang='lat' dir='ltr'>rumentum</span> <span class='ocrx_word' id='word_1_66' title='bbox 752 999 855 1030; x_wconf 89' lang='lat' dir='ltr'>fiebat</span> <span class='ocrx_word' id='word_1_67' title='bbox 883 1009 981 1039; x_wconf 84' lang='lat' dir='ltr'>quarn</span> 
     </span>
     <span class='ocr_line' id='line_1_15' title="bbox 288 1048 981 1091; baseline -0.004 -9"><span class='ocrx_word' id='word_1_68' title='bbox 288 1051 438 1091; x_wconf 82' lang='lat' dir='ltr'>auspicio</span> <span class='ocrx_word' id='word_1_69' title='bbox 465 1051 571 1081; x_wconf 81' lang='lat' dir='ltr'>cuivis</span> <span class='ocrx_word' id='word_1_70' title='bbox 599 1050 667 1085; x_wconf 90' lang='lat' dir='ltr'>alii,</span> <span class='ocrx_word' id='word_1_71' title='bbox 691 1049 718 1080; x_wconf 90' lang='lat' dir='ltr'>si</span> <span class='ocrx_word' id='word_1_72' title='bbox 741 1049 829 1090; x_wconf 91' lang='lat' dir='ltr'>quod</span> <span class='ocrx_word' id='word_1_73' title='bbox 855 1048 981 1079; x_wconf 84' lang='lat' dir='ltr'>factum</span> 
     </span>
     <span class='ocr_line' id='line_1_16' title="bbox 286 1099 983 1139; baseline -0.004 -7"><span class='ocrx_word' id='word_1_74' title='bbox 286 1107 388 1132; x_wconf 80' lang='lat' dir='ltr'>esset.</span> <span class='ocrx_word' id='word_1_75' title='bbox 434 1102 506 1132; x_wconf 83' lang='lat' dir='ltr'>Hos</span> <span class='ocrx_word' id='word_1_76' title='bbox 532 1101 643 1132; x_wconf 84' lang='lat' dir='ltr'>hiatus</span> <span class='ocrx_word' id='word_1_77' title='bbox 666 1100 742 1130; x_wconf 88' lang='lat' dir='ltr'>olim</span> <span class='ocrx_word' id='word_1_78' title='bbox 765 1099 983 1139; x_wconf 83' lang='lat' dir='ltr'>suppleverat</span> 
     </span>
     <span class='ocr_line' id='line_1_17' title="bbox 286 1150 983 1191; baseline -0.003 -10"><span class='ocrx_word' id='word_1_79' title='bbox 286 1151 458 1191; x_wconf 77' lang='lat' dir='ltr'>Scaliger:</span> <span class='ocrx_word' id='word_1_80' title='bbox 485 1151 570 1181; x_wconf 79' lang='lat' dir='ltr'>Dum</span> <span class='ocrx_word' id='word_1_81' title='bbox 586 1151 729 1181; x_wconf 81' lang='lat' dir='ltr'>verberat</span> <span class='ocrx_word' id='word_1_82' title='bbox 745 1150 926 1180; x_wconf 79' lang='lat' dir='ltr'>anciliorum</span> <span class='ocrx_word' id='word_1_83' title='bbox 941 1160 983 1180; x_wconf 77' lang='grc' dir='ltr'>α’-</span> 
     </span>
     <span class='ocr_line' id='line_1_18' title="bbox 286 1200 983 1239; baseline -0.001 -8"><span class='ocrx_word' id='word_1_84' title='bbox 286 1202 396 1239; x_wconf 75' lang='lat' dir='ltr'>rimen,</span> <span class='ocrx_word' id='word_1_85' title='bbox 408 1201 472 1231; x_wconf 73' lang='lat' dir='ltr'>avis</span> <span class='ocrx_word' id='word_1_86' title='bbox 485 1200 603 1231; x_wconf 80' lang='lat' dir='ltr'>canerit</span> <span class='ocrx_word' id='word_1_87' title='bbox 618 1200 748 1235; x_wconf 81' lang='lat' dir='ltr'>interea,</span> <span class='ocrx_word' id='word_1_88' title='bbox 761 1200 794 1230; x_wconf 82' lang='lat' dir='ltr'>id</span> <span class='ocrx_word' id='word_1_89' title='bbox 805 1209 837 1230; x_wconf 84' lang='lat' dir='ltr'>eo</span> <span class='ocrx_word' id='word_1_90' title='bbox 853 1200 983 1239; x_wconf 76' lang='lat' dir='ltr'>augurio</span> 
     </span>
     <span class='ocr_line' id='line_1_19' title="bbox 286 1249 982 1288; baseline 0 -8"><span class='ocrx_word' id='word_1_91' title='bbox 286 1254 460 1281; x_wconf 79' lang='lat' dir='ltr'>rumentum</span> <span class='ocrx_word' id='word_1_92' title='bbox 487 1253 561 1280; x_wconf 80' lang='lat' dir='ltr'>esto.</span> <span class='ocrx_word' id='word_1_93' title='bbox 607 1249 746 1280; x_wconf 58' lang='lat' dir='ltr'>sEm‘men</span> <span class='ocrx_word' id='word_1_94' title='bbox 778 1254 831 1280; x_wconf 84' lang='lat' dir='ltr'>est</span> <span class='ocrx_word' id='word_1_95' title='bbox 861 1259 918 1288; x_wconf 81' lang='lat' dir='ltr'>aes,</span> <span class='ocrx_word' id='word_1_96' title='bbox 946 1254 982 1280; x_wconf 87' lang='lat' dir='ltr'>nt</span> 
     </span>
     <span class='ocr_line' id='line_1_20' title="bbox 288 1299 984 1340; baseline 0 -9"><span class='ocrx_word' id='word_1_97' title='bbox 288 1310 389 1340; x_wconf 87' lang='lat' dir='ltr'>supra</span> <span class='ocrx_word' id='word_1_98' title='bbox 406 1300 621 1340; x_wconf 82' lang='lat' dir='ltr'>cognovimus</span> <span class='ocrx_word' id='word_1_99' title='bbox 634 1309 676 1330; x_wconf 79' lang='lat' dir='ltr'>ex</span> <span class='ocrx_word' id='word_1_100' title='bbox 693 1299 752 1330; x_wconf 86' lang='lat' dir='ltr'>lib.</span> <span class='ocrx_word' id='word_1_101' title='bbox 771 1308 825 1329; x_wconf 82' lang='lat'>111.</span> <span class='ocrx_word' id='word_1_102' title='bbox 855 1300 984 1331; x_wconf 78' lang='lat' dir='ltr'>Canerit</span> 
     </span>
     <span class='ocr_line' id='line_1_21' title="bbox 288 1350 984 1391; baseline 0 -11"><span class='ocrx_word' id='word_1_103' title='bbox 288 1360 349 1391; x_wconf 88' lang='lat' dir='ltr'>pro</span> <span class='ocrx_word' id='word_1_104' title='bbox 365 1351 520 1388; x_wconf 76' lang='lat' dir='ltr'>cecinerit,</span> <span class='ocrx_word' id='word_1_105' title='bbox 535 1355 571 1380; x_wconf 91' lang='lat' dir='ltr'>ut</span> <span class='ocrx_word' id='word_1_106' title='bbox 587 1350 689 1380; x_wconf 83' lang='lat' dir='ltr'>etiam</span> <span class='ocrx_word' id='word_1_107' title='bbox 705 1350 883 1380; x_wconf 74' lang='lat' dir='ltr'>Sallustius</span> <span class='ocrx_word' id='word_1_108' title='bbox 898 1350 984 1380; x_wconf 75' lang='lat' dir='ltr'>dixit</span> 
     </span>
     <span class='ocr_line' id='line_1_22' title="bbox 288 1399 984 1440; baseline -0.001 -9"><span class='ocrx_word' id='word_1_109' title='bbox 288 1400 480 1432; x_wconf 78' lang='lat' dir='ltr'>‘cannete’</span> <span class='ocrx_word' id='word_1_110' title='bbox 508 1410 570 1440; x_wconf 85' lang='lat' dir='ltr'>pro</span> <span class='ocrx_word' id='word_1_111' title='bbox 606 1399 807 1431; x_wconf 86' lang='lat' dir='ltr'>‘cecinere.&#39;</span> <span class='ocrx_word' id='word_1_112' title='bbox 852 1400 984 1430; x_wconf 86' lang='lat' dir='ltr'>Morem</span> 
     </span>
     <span class='ocr_line' id='line_1_23' title="bbox 288 1449 984 1490; baseline -0.003 -8"><span class='ocrx_word' id='word_1_113' title='bbox 288 1453 376 1483; x_wconf 85' lang='lat' dir='ltr'>hunc</span> <span class='ocrx_word' id='word_1_114' title='bbox 393 1460 461 1482; x_wconf 84' lang='lat' dir='ltr'>aera</span> <span class='ocrx_word' id='word_1_115' title='bbox 477 1451 509 1481; x_wconf 88' lang='lat' dir='ltr'>in</span> <span class='ocrx_word' id='word_1_116' title='bbox 524 1449 707 1481; x_wconf 79' lang='lat' dir='ltr'>Saliaribus</span> <span class='ocrx_word' id='word_1_117' title='bbox 721 1450 894 1490; x_wconf 84' lang='lat' dir='ltr'>quatiendi</span> <span class='ocrx_word' id='word_1_118' title='bbox 913 1454 984 1480; x_wconf 83' lang='lat' dir='ltr'>lan-</span> 
     </span>
     <span class='ocr_line' id='line_1_24' title="bbox 289 1501 984 1543; baseline -0.004 -10"><span class='ocrx_word' id='word_1_119' title='bbox 289 1502 392 1543; x_wconf 77' lang='lat' dir='ltr'>gebat</span> <span class='ocrx_word' id='word_1_120' title='bbox 426 1501 581 1541; x_wconf 82' lang='lat' dir='ltr'>Nigidius</span> <span class='ocrx_word' id='word_1_121' title='bbox 608 1501 665 1531; x_wconf 88' lang='lat' dir='ltr'>lib.</span> <span class='ocrx_word' id='word_1_122' title='bbox 698 1509 806 1531; x_wconf 78' lang='lat' dir='ltr'>xvut.</span> <span class='ocrx_word' id='word_1_123' title='bbox 833 1502 842 1517; x_wconf 81' lang='lat'><strong><em>⁴</em></strong></span> <span class='ocrx_word' id='word_1_124' title='bbox 862 1501 984 1541; x_wconf 87' lang='lat' dir='ltr'>Itaque</span> 
     </span>
     <span class='ocr_line' id='line_1_25' title="bbox 289 1549 984 1582; baseline -0.004 0"><span class='ocrx_word' id='word_1_125' title='bbox 289 1562 331 1582; x_wconf 82' lang='lat' dir='ltr'>ex</span> <span class='ocrx_word' id='word_1_126' title='bbox 360 1560 426 1581; x_wconf 80' lang='lat' dir='ltr'>aere</span> <span class='ocrx_word' id='word_1_127' title='bbox 452 1551 485 1580; x_wconf 89' lang='lat' dir='ltr'>in</span> <span class='ocrx_word' id='word_1_128' title='bbox 508 1549 695 1580; x_wconf 79' lang='lat' dir='ltr'>Saliaribus</span> <span class='ocrx_word' id='word_1_129' title='bbox 721 1549 864 1580; x_wconf 77' lang='lat' dir='ltr'>Altanns</span> <span class='ocrx_word' id='word_1_130' title='bbox 892 1550 984 1580; x_wconf 85' lang='lat' dir='ltr'>tinti-</span> 
     </span>
     <span class='ocr_line' id='line_1_26' title="bbox 288 1598 984 1639; baseline -0.004 -8"><span class='ocrx_word' id='word_1_131' title='bbox 288 1600 369 1632; x_wconf 86' lang='lat' dir='ltr'>nat.’</span> <span class='ocrx_word' id='word_1_132' title='bbox 401 1600 487 1631; x_wconf 82' lang='lat' dir='ltr'>Haec</span> <span class='ocrx_word' id='word_1_133' title='bbox 505 1599 554 1629; x_wconf 92' lang='lat' dir='ltr'>vir</span> <span class='ocrx_word' id='word_1_134' title='bbox 570 1598 798 1636; x_wconf 80' lang='lat' dir='ltr'>doctissimus,</span> <span class='ocrx_word' id='word_1_135' title='bbox 816 1608 891 1639; x_wconf 86' lang='lat' dir='ltr'>quae</span> <span class='ocrx_word' id='word_1_136' title='bbox 904 1608 984 1629; x_wconf 85' lang='lat' dir='ltr'>sane</span> 
     </span>
     <span class='ocr_line' id='line_1_27' title="bbox 289 1649 984 1689; baseline -0.003 -8"><span class='ocrx_word' id='word_1_137' title='bbox 289 1650 350 1681; x_wconf 82' lang='lat' dir='ltr'>uisi</span> <span class='ocrx_word' id='word_1_138' title='bbox 368 1650 432 1681; x_wconf 88' lang='lat' dir='ltr'>alia</span> <span class='ocrx_word' id='word_1_139' title='bbox 445 1649 578 1680; x_wconf 78' lang='lat' dir='ltr'>schedae</span> <span class='ocrx_word' id='word_1_140' title='bbox 592 1649 806 1685; x_wconf 75' lang='lat' dir='ltr'>exhiberent,</span> <span class='ocrx_word' id='word_1_141' title='bbox 825 1658 883 1689; x_wconf 89' lang='lat' dir='ltr'>pro</span> <span class='ocrx_word' id='word_1_142' title='bbox 899 1649 984 1680; x_wconf 82' lang='lat' dir='ltr'>veris</span> 
     </span>
     <span class='ocr_line' id='line_1_28' title="bbox 290 1698 823 1739; baseline -0.008 -7"><span class='ocrx_word' id='word_1_143' title='bbox 290 1701 389 1732; x_wconf 76' lang='lat' dir='ltr'>facile</span> <span class='ocrx_word' id='word_1_144' title='bbox 409 1704 546 1739; x_wconf 85' lang='lat' dir='ltr'>recepta</span> <span class='ocrx_word' id='word_1_145' title='bbox 563 1698 716 1729; x_wconf 81' lang='lat' dir='ltr'>fuissent.</span> <span class='ocrx_word' id='word_1_146' title='bbox 741 1699 823 1729; x_wconf 80' lang='lat' dir='ltr'>Duc.</span> 
     </span>
    </p>

    <p class='ocr_par' dir='ltr' id='par_1_12' title="bbox 287 1748 986 1939">
     <span class='ocr_line' id='line_1_29' title="bbox 331 1748 985 1789; baseline -0.002 -8"><span class='ocrx_word' id='word_1_147' title='bbox 331 1750 344 1771; x_wconf 67' lang='lat'>¹¹</span> <span class='ocrx_word' id='word_1_148' title='bbox 372 1750 511 1789; x_wconf 71' lang='lat' dir='ltr'>Ramex]</span> <span class='ocrx_word' id='word_1_149' title='bbox 534 1749 660 1780; x_wconf 81' lang='lat' dir='ltr'>Versus</span> <span class='ocrx_word' id='word_1_150' title='bbox 688 1749 807 1779; x_wconf 90' lang='lat' dir='ltr'>Lucilii</span> <span class='ocrx_word' id='word_1_151' title='bbox 840 1748 985 1780; x_wconf 84' lang='lat' dir='ltr'>refertur</span> 
     </span>
     <span class='ocr_line' id='line_1_30' title="bbox 290 1800 986 1840; baseline -0.004 -8"><span class='ocrx_word' id='word_1_152' title='bbox 290 1801 395 1832; x_wconf 88' lang='lat' dir='ltr'>verbo</span> <span class='ocrx_word' id='word_1_153' title='bbox 418 1800 570 1840; x_wconf 86' lang='lat' dir='ltr'>‘Spara.&#39;</span> <span class='ocrx_word' id='word_1_154' title='bbox 617 1801 694 1830; x_wconf 84' lang='lat' dir='ltr'>Tum</span> <span class='ocrx_word' id='word_1_155' title='bbox 716 1809 822 1839; x_wconf 72' lang='lat' dir='ltr'>spara,</span> <span class='ocrx_word' id='word_1_156' title='bbox 848 1803 913 1829; x_wconf 81' lang='lat' dir='ltr'>lum</span> <span class='ocrx_word' id='word_1_157' title='bbox 934 1810 986 1829; x_wconf 81' lang='lat' dir='ltr'>ru-</span> 
     </span>
     <span class='ocr_line' id='line_1_31' title="bbox 287 1850 986 1891; baseline -0.001 -10"><span class='ocrx_word' id='word_1_158' title='bbox 287 1852 378 1882; x_wconf 80' lang='lat' dir='ltr'>mices</span> <span class='ocrx_word' id='word_1_159' title='bbox 405 1854 570 1891; x_wconf 72' lang='lat' dir='ltr'>porlcmtur</span> <span class='ocrx_word' id='word_1_160' title='bbox 599 1851 723 1888; x_wconf 78' lang='lat' dir='ltr'>tragula</span> <span class='ocrx_word' id='word_1_161' title='bbox 749 1859 841 1889; x_wconf 77' lang='lat' dir='ltr'>porro</span> <span class='ocrx_word' id='word_1_162' title='bbox 860 1861 870 1880; x_wconf 89' lang='lat'><em>:</em></span> <span class='ocrx_word' id='word_1_163' title='bbox 905 1850 986 1880; x_wconf 87' lang='lat' dir='ltr'>licet</span> 
     </span>
     <span class='ocr_line' id='line_1_32' title="bbox 289 1899 986 1939; baseline -0.001 -8"><span class='ocrx_word' id='word_1_164' title='bbox 289 1901 358 1932; x_wconf 92' lang='lat' dir='ltr'>illic</span> <span class='ocrx_word' id='word_1_165' title='bbox 383 1900 513 1931; x_wconf 75' lang='lat' dir='ltr'>murices</span> <span class='ocrx_word' id='word_1_166' title='bbox 535 1901 697 1939; x_wconf 84' lang='lat' dir='ltr'>scriptum</span> <span class='ocrx_word' id='word_1_167' title='bbox 723 1900 777 1930; x_wconf 87' lang='lat' dir='ltr'>sit.</span> <span class='ocrx_word' id='word_1_168' title='bbox 802 1899 879 1930; x_wconf 76' lang='lat' dir='ltr'>Aut.</span> <span class='ocrx_word' id='word_1_169' title='bbox 901 1899 986 1937; x_wconf 79' lang='lat' dir='ltr'>Aug.</span> 
     </span>
    </p>

    <p class='ocr_par' dir='ltr' id='par_1_13' title="bbox 291 1950 987 2039">
     <span class='ocr_line' id='line_1_33' title="bbox 334 1950 987 1990; baseline -0.003 -9"><span class='ocrx_word' id='word_1_170' title='bbox 334 1951 706 1990; x_wconf 78' lang='lat' dir='ltr'>Rume.1·]Suspicautur</span> <span class='ocrx_word' id='word_1_171' title='bbox 725 1950 784 1980; x_wconf 89' lang='lat' dir='ltr'>viri</span> <span class='ocrx_word' id='word_1_172' title='bbox 802 1950 894 1980; x_wconf 90' lang='lat' dir='ltr'>docti</span> <span class='ocrx_word' id='word_1_173' title='bbox 909 1950 987 1979; x_wconf 85' lang='lat' dir='ltr'>Fes-</span> 
     </span>
     <span class='ocr_line' id='line_1_34' title="bbox 291 1998 986 2039; baseline -0.006 -7"><span class='ocrx_word' id='word_1_174' title='bbox 291 2006 359 2032; x_wconf 87' lang='lat' dir='ltr'>tum</span> <span class='ocrx_word' id='word_1_175' title='bbox 379 2001 466 2030; x_wconf 85' lang='lat' dir='ltr'>male</span> <span class='ocrx_word' id='word_1_176' title='bbox 491 2000 609 2038; x_wconf 84' lang='lat' dir='ltr'>legisse</span> <span class='ocrx_word' id='word_1_177' title='bbox 633 1999 721 2039; x_wconf 84' lang='lat' dir='ltr'>apud</span> <span class='ocrx_word' id='word_1_178' title='bbox 745 1998 912 2029; x_wconf 85' lang='lat' dir='ltr'>Lucilium</span> <span class='ocrx_word' id='word_1_179' title='bbox 936 2009 986 2028; x_wconf 78' lang='lat' dir='ltr'>ru-</span> 
     </span>
    </p>
   </div>
   <div class='ocr_carea' id='block_1_12' title="bbox 291 2049 1047 2090">
    <p class='ocr_par' dir='ltr' id='par_1_14' title="bbox 291 2049 1047 2090">
     <span class='ocr_line' id='line_1_35' title="bbox 291 2049 1047 2090; baseline 0 -10"><span class='ocrx_word' id='word_1_180' title='bbox 291 2051 382 2081; x_wconf 83' lang='lat' dir='ltr'>mices</span> <span class='ocrx_word' id='word_1_181' title='bbox 405 2060 465 2090; x_wconf 83' lang='lat' dir='ltr'>pro</span> <span class='ocrx_word' id='word_1_182' title='bbox 488 2049 637 2080; x_wconf 77' lang='lat' dir='ltr'>nmrices:</span> <span class='ocrx_word' id='word_1_183' title='bbox 661 2059 736 2079; x_wconf 88' lang='lat' dir='ltr'>nam</span> <span class='ocrx_word' id='word_1_184' title='bbox 761 2049 892 2079; x_wconf 72' lang='lat' dir='ltr'>murices</span> <span class='ocrx_word' id='word_1_185' title='bbox 911 2057 986 2087; x_wconf 86' lang='lat' dir='ltr'>pro·</span> <span class='ocrx_word' id='word_1_186' title='bbox 1040 2072 1047 2080; x_wconf 92' lang='lat'><strong>.</strong></span> 
     </span>
    </p>
   </div>
   <div class='ocr_carea' id='block_1_13' title="bbox 291 2098 987 2140">
    <p class='ocr_par' dir='ltr' id='par_1_15' title="bbox 291 2098 987 2140">
     <span class='ocr_line' id='line_1_36' title="bbox 291 2098 987 2140; baseline -0.004 -9"><span class='ocrx_word' id='word_1_187' title='bbox 291 2100 362 2140; x_wconf 86' lang='lat' dir='ltr'>prie</span> <span class='ocrx_word' id='word_1_188' title='bbox 379 2104 456 2131; x_wconf 85' lang='lat' dir='ltr'>sunt</span> <span class='ocrx_word' id='word_1_189' title='bbox 469 2099 616 2137; x_wconf 78' lang='lat' dir='ltr'>couchae‚</span> <span class='ocrx_word' id='word_1_190' title='bbox 627 2098 811 2138; x_wconf 84' lang='lat' dir='ltr'>conchylia,</span> <span class='ocrx_word' id='word_1_191' title='bbox 824 2108 897 2139; x_wconf 82' lang='lat' dir='ltr'>quae</span> <span class='ocrx_word' id='word_1_192' title='bbox 911 2098 987 2139; x_wconf 90' lang='lat' dir='ltr'>quia</span> 
     </span>
    </p>
   </div>
   <div class='ocr_carea' id='block_1_14' title="bbox 289 2148 1048 2331">
    <p class='ocr_par' dir='ltr' id='par_1_16' title="bbox 289 2148 1048 2331">
     <span class='ocr_line' id='line_1_37' title="bbox 290 2148 1048 2189; baseline 0 -8"><span class='ocrx_word' id='word_1_193' title='bbox 290 2151 323 2180; x_wconf 91' lang='lat' dir='ltr'>in</span> <span class='ocrx_word' id='word_1_194' title='bbox 341 2156 476 2181; x_wconf 85' lang='lat' dir='ltr'>acutum</span> <span class='ocrx_word' id='word_1_195' title='bbox 493 2149 663 2184; x_wconf 82' lang='lat' dir='ltr'>desinunt,</span> <span class='ocrx_word' id='word_1_196' title='bbox 681 2148 760 2179; x_wconf 89' lang='lat' dir='ltr'>inde</span> <span class='ocrx_word' id='word_1_197' title='bbox 773 2148 900 2189; x_wconf 78' lang='lat' dir='ltr'>quaevis</span> <span class='ocrx_word' id='word_1_198' title='bbox 910 2148 983 2179; x_wconf 84' lang='lat' dir='ltr'>aliae</span> <span class='ocrx_word' id='word_1_199' title='bbox 1039 2172 1048 2181; x_wconf 90' lang='lat'><strong>.</strong></span> 
     </span>
     <span class='ocr_line' id='line_1_38' title="bbox 289 2198 1047 2240; baseline -0.001 -10"><span class='ocrx_word' id='word_1_200' title='bbox 289 2210 343 2231; x_wconf 83' lang='lat' dir='ltr'>res</span> <span class='ocrx_word' id='word_1_201' title='bbox 361 2201 461 2240; x_wconf 79' lang='lat' dir='ltr'>dictae</span> <span class='ocrx_word' id='word_1_202' title='bbox 478 2201 624 2231; x_wconf 80' lang='lat' dir='ltr'>murices.-</span> <span class='ocrx_word' id='word_1_203' title='bbox 648 2204 683 2230; x_wconf 90' lang='lat' dir='ltr'>ut</span> <span class='ocrx_word' id='word_1_204' title='bbox 701 2198 876 2229; x_wconf 85' lang='lat' dir='ltr'>cacumina</span> <span class='ocrx_word' id='word_1_205' title='bbox 890 2208 985 2228; x_wconf 77' lang='lat' dir='ltr'>saxo·</span> <span class='ocrx_word' id='word_1_206' title='bbox 1039 2222 1047 2229; x_wconf 90' lang='lat'><strong><em>.</em></strong></span> 
     </span>
     <span class='ocr_line' id='line_1_39' title="bbox 290 2247 1048 2290; baseline -0.004 -10"><span class='ocrx_word' id='word_1_207' title='bbox 290 2259 376 2280; x_wconf 84' lang='lat' dir='ltr'>rum.</span> <span class='ocrx_word' id='word_1_208' title='bbox 420 2250 541 2290; x_wconf 77' lang='lat' dir='ltr'>Virgil.</span> <span class='ocrx_word' id='word_1_209' title='bbox 560 2254 568 2267; x_wconf 85' lang='lat'><em>‘</em></span> <span class='ocrx_word' id='word_1_210' title='bbox 581 2249 692 2280; x_wconf 88' lang='lat' dir='ltr'>Acuto</span> <span class='ocrx_word' id='word_1_211' title='bbox 709 2249 741 2278; x_wconf 93' lang='grc'>111</span> <span class='ocrx_word' id='word_1_212' title='bbox 758 2248 885 2279; x_wconf 85' lang='lat' dir='ltr'>murice</span> <span class='ocrx_word' id='word_1_213' title='bbox 903 2247 984 2278; x_wconf 84' lang='lat' dir='ltr'>remi</span> <span class='ocrx_word' id='word_1_214' title='bbox 1039 2272 1048 2281; x_wconf 80' lang='grc'><strong>.</strong></span> 
     </span>
     <span class='ocr_line' id='line_1_40' title="bbox 292 2297 1048 2331; baseline -0.001 -1"><span class='ocrx_word' id='word_1_215' title='bbox 292 2299 455 2331; x_wconf 82' lang='lat' dir='ltr'>Concussi</span> <span class='ocrx_word' id='word_1_216' title='bbox 472 2298 635 2330; x_wconf 59' lang='lat' dir='ltr'>sonuere)</span> <span class='ocrx_word' id='word_1_217' title='bbox 660 2299 725 2329; x_wconf 91' lang='lat' dir='ltr'>Ubi</span> <span class='ocrx_word' id='word_1_218' title='bbox 741 2297 876 2329; x_wconf 79' lang='lat' dir='ltr'>Servius</span> <span class='ocrx_word' id='word_1_219' title='bbox 892 2298 901 2313; x_wconf 87' lang='lat'>‘</span> <span class='ocrx_word' id='word_1_220' title='bbox 915 2308 984 2328; x_wconf 87' lang='grc'>11111-</span> <span class='ocrx_word' id='word_1_221' title='bbox 1040 2321 1048 2329; x_wconf 92' lang='grc'><strong>.</strong></span> 
     </span>
    </p>
   </div>
   <div class='ocr_carea' id='block_1_15' title="bbox 289 2348 986 2743">
    <p class='ocr_par' dir='ltr' id='par_1_17' title="bbox 289 2348 986 2743">
     <span class='ocr_line' id='line_1_41' title="bbox 289 2348 986 2390; baseline -0.006 -9"><span class='ocrx_word' id='word_1_222' title='bbox 289 2352 393 2381; x_wconf 89' lang='lat' dir='ltr'>ricem</span> <span class='ocrx_word' id='word_1_223' title='bbox 405 2349 413 2362; x_wconf 89' lang='lat'><em>&#39;</em></span> <span class='ocrx_word' id='word_1_224' title='bbox 437 2351 589 2390; x_wconf 80' lang='lat' dir='ltr'>exponit.</span> <span class='ocrx_word' id='word_1_225' title='bbox 614 2352 623 2366; x_wconf 80' lang='lat'><strong><em>⁴</em></strong></span> <span class='ocrx_word' id='word_1_226' title='bbox 636 2349 715 2380; x_wconf 82' lang='lat' dir='ltr'>Saxi</span> <span class='ocrx_word' id='word_1_227' title='bbox 732 2357 892 2379; x_wconf 82' lang='lat' dir='ltr'>cacumen</span> <span class='ocrx_word' id='word_1_228' title='bbox 909 2348 986 2378; x_wconf 85' lang='lat' dir='ltr'>emi-</span> 
     </span>
     <span class='ocr_line' id='line_1_42' title="bbox 291 2397 985 2441; baseline -0.006 -10"><span class='ocrx_word' id='word_1_229' title='bbox 291 2411 372 2432; x_wconf 85' lang='lat' dir='ltr'>nens</span> <span class='ocrx_word' id='word_1_230' title='bbox 388 2410 447 2441; x_wconf 84' lang='lat' dir='ltr'>pei·</span> <span class='ocrx_word' id='word_1_231' title='bbox 460 2398 764 2440; x_wconf 85' lang='lat' dir='ltr'>tranquillitatem.’</span> <span class='ocrx_word' id='word_1_232' title='bbox 788 2397 908 2428; x_wconf 79' lang='lat' dir='ltr'>Isidor.</span> <span class='ocrx_word' id='word_1_233' title='bbox 928 2397 985 2428; x_wconf 90' lang='lat' dir='ltr'>lib.</span> 
     </span>
     <span class='ocr_line' id='line_1_43' title="bbox 292 2448 984 2489; baseline -0.006 -7"><span class='ocrx_word' id='word_1_234' title='bbox 292 2460 369 2482; x_wconf 73' lang='grc' dir='ltr'>ΧΠ.</span> <span class='ocrx_word' id='word_1_235' title='bbox 401 2460 473 2489; x_wconf 83' lang='lat' dir='ltr'>cap.</span> <span class='ocrx_word' id='word_1_236' title='bbox 491 2454 521 2480; x_wconf 83' lang='lat'>3.</span> <span class='ocrx_word' id='word_1_237' title='bbox 545 2450 717 2480; x_wconf 84' lang='lat' dir='ltr'>‘Murices</span> <span class='ocrx_word' id='word_1_238' title='bbox 746 2454 853 2488; x_wconf 80' lang='lat' dir='ltr'>petrae</span> <span class='ocrx_word' id='word_1_239' title='bbox 878 2448 908 2478; x_wconf 92' lang='lat' dir='ltr'>iu</span> <span class='ocrx_word' id='word_1_240' title='bbox 930 2449 984 2479; x_wconf 88' lang='lat' dir='ltr'>lit-</span> 
     </span>
     <span class='ocr_line' id='line_1_44' title="bbox 291 2499 984 2536; baseline -0.006 -5"><span class='ocrx_word' id='word_1_241' title='bbox 291 2506 363 2531; x_wconf 82' lang='lat' dir='ltr'>tore</span> <span class='ocrx_word' id='word_1_242' title='bbox 380 2500 502 2530; x_wconf 71' lang='lat' dir='ltr'>similes</span> <span class='ocrx_word' id='word_1_243' title='bbox 521 2499 701 2530; x_wconf 83' lang='lat' dir='ltr'>muricibus</span> <span class='ocrx_word' id='word_1_244' title='bbox 720 2499 816 2536; x_wconf 74' lang='lat' dir='ltr'>vivis,</span> <span class='ocrx_word' id='word_1_245' title='bbox 833 2499 984 2527; x_wconf 79' lang='lat' dir='ltr'>acutissi-</span> 
     </span>
     <span class='ocr_line' id='line_1_45' title="bbox 292 2548 984 2590; baseline -0.006 -8"><span class='ocrx_word' id='word_1_246' title='bbox 292 2561 354 2582; x_wconf 75' lang='lat' dir='ltr'>mae</span> <span class='ocrx_word' id='word_1_247' title='bbox 372 2557 406 2582; x_wconf 87' lang='lat' dir='ltr'>et</span> <span class='ocrx_word' id='word_1_248' title='bbox 423 2551 560 2581; x_wconf 84' lang='lat' dir='ltr'>navibus</span> <span class='ocrx_word' id='word_1_249' title='bbox 584 2548 807 2590; x_wconf 54' lang='lat' dir='ltr'>perniciosae)</span> <span class='ocrx_word' id='word_1_250' title='bbox 854 2548 910 2579; x_wconf 88' lang='lat' dir='ltr'>Sic</span> <span class='ocrx_word' id='word_1_251' title='bbox 927 2548 984 2578; x_wconf 79' lang='lat' dir='ltr'>tri-</span> 
     </span>
     <span class='ocr_line' id='line_1_46' title="bbox 293 2598 986 2641; baseline -0.004 -9"><span class='ocrx_word' id='word_1_252' title='bbox 293 2602 351 2632; x_wconf 57' lang='lat' dir='ltr'>hali</span> <span class='ocrx_word' id='word_1_253' title='bbox 375 2601 458 2632; x_wconf 82' lang='lat' dir='ltr'>dicti</span> <span class='ocrx_word' id='word_1_254' title='bbox 483 2600 623 2640; x_wconf 76' lang='lat' dir='ltr'>murices,</span> <span class='ocrx_word' id='word_1_255' title='bbox 646 2599 722 2641; x_wconf 81' lang='lat' dir='ltr'>quia</span> <span class='ocrx_word' id='word_1_256' title='bbox 746 2599 866 2630; x_wconf 83' lang='lat' dir='ltr'>multos</span> <span class='ocrx_word' id='word_1_257' title='bbox 886 2598 986 2629; x_wconf 86' lang='lat' dir='ltr'>simul</span> 
     </span>
     <span class='ocr_line' id='line_1_47' title="bbox 293 2648 986 2683; baseline -0.003 -2"><span class='ocrx_word' id='word_1_258' title='bbox 293 2653 425 2683; x_wconf 84' lang='lat' dir='ltr'>aculeos</span> <span class='ocrx_word' id='word_1_259' title='bbox 463 2651 656 2683; x_wconf 85' lang='lat' dir='ltr'>ostendunt.</span> <span class='ocrx_word' id='word_1_260' title='bbox 716 2649 803 2680; x_wconf 83' lang='lat' dir='ltr'>Vide</span> <span class='ocrx_word' id='word_1_261' title='bbox 842 2648 986 2680; x_wconf 85' lang='lat' dir='ltr'>Casaub.</span> 
     </span>
     <span class='ocr_line' id='line_1_48' title="bbox 293 2701 986 2743; baseline -0.003 -9"><span class='ocrx_word' id='word_1_262' title='bbox 293 2703 380 2743; x_wconf 74' lang='lat' dir='ltr'>apud</span> <span class='ocrx_word' id='word_1_263' title='bbox 399 2703 523 2734; x_wconf 64' lang='lat' dir='ltr'>Athen.</span> <span class='ocrx_word' id='word_1_264' title='bbox 539 2701 596 2733; x_wconf 89' lang='lat' dir='ltr'>lib.</span> <span class='ocrx_word' id='word_1_265' title='bbox 611 2711 690 2733; x_wconf 81' lang='lat' dir='ltr'>vui.</span> <span class='ocrx_word' id='word_1_266' title='bbox 708 2704 738 2731; x_wconf 78' lang='lat'>9.</span> <span class='ocrx_word' id='word_1_267' title='bbox 769 2701 894 2732; x_wconf 79' lang='lat' dir='ltr'>Verum</span> <span class='ocrx_word' id='word_1_268' title='bbox 910 2701 986 2733; x_wconf 85' lang='lat' dir='ltr'>huic</span> 
     </span>
    </p>
   </div>
   <div class='ocr_carea' id='block_1_16' title="bbox 1033 944 1735 2741">
    <p class='ocr_par' dir='ltr' id='par_1_18' title="bbox 1033 944 1735 2741">
     <span class='ocr_line' id='line_1_49' title="bbox 1034 944 1728 987; baseline -0.007 -8"><span class='ocrx_word' id='word_1_269' title='bbox 1034 947 1241 987; x_wconf 82' lang='lat' dir='ltr'>conjecturae</span> <span class='ocrx_word' id='word_1_270' title='bbox 1272 946 1388 978; x_wconf 81' lang='lat' dir='ltr'>obstat</span> <span class='ocrx_word' id='word_1_271' title='bbox 1424 946 1514 986; x_wconf 86' lang='lat' dir='ltr'>quod</span> <span class='ocrx_word' id='word_1_272' title='bbox 1550 945 1656 985; x_wconf 86' lang='lat' dir='ltr'>prima</span> <span class='ocrx_word' id='word_1_273' title='bbox 1693 944 1728 975; x_wconf 85' lang='lat' dir='ltr'>in</span> 
     </span>
     <span class='ocr_line' id='line_1_50' title="bbox 1033 996 1729 1038; baseline -0.006 -9"><span class='ocrx_word' id='word_1_274' title='bbox 1033 1008 1142 1029; x_wconf 78' lang='lat' dir='ltr'>murex</span> <span class='ocrx_word' id='word_1_275' title='bbox 1167 997 1373 1038; x_wconf 85' lang='lat' dir='ltr'>producitur,</span> <span class='ocrx_word' id='word_1_276' title='bbox 1398 1007 1472 1038; x_wconf 83' lang='lat' dir='ltr'>quae</span> <span class='ocrx_word' id='word_1_277' title='bbox 1496 996 1677 1036; x_wconf 80' lang='lat' dir='ltr'>corripitur</span> <span class='ocrx_word' id='word_1_278' title='bbox 1696 996 1729 1026; x_wconf 91' lang='lat' dir='ltr'>in</span> 
     </span>
     <span class='ocr_line' id='line_1_51' title="bbox 1033 1046 1727 1085; baseline -0.001 -8"><span class='ocrx_word' id='word_1_279' title='bbox 1033 1057 1152 1078; x_wconf 77' lang='lat' dir='ltr'>rumeae.</span> <span class='ocrx_word' id='word_1_280' title='bbox 1203 1047 1290 1078; x_wconf 86' lang='lat' dir='ltr'>Saue</span> <span class='ocrx_word' id='word_1_281' title='bbox 1307 1046 1438 1078; x_wconf 84' lang='lat' dir='ltr'>Gellius</span> <span class='ocrx_word' id='word_1_282' title='bbox 1455 1046 1513 1078; x_wconf 89' lang='lat' dir='ltr'>lib.</span> <span class='ocrx_word' id='word_1_283' title='bbox 1529 1055 1564 1076; x_wconf 86' lang='lat' dir='ltr'>x.</span> <span class='ocrx_word' id='word_1_284' title='bbox 1581 1055 1656 1085; x_wconf 87' lang='lat' dir='ltr'>cap.</span> <span class='ocrx_word' id='word_1_285' title='bbox 1674 1048 1727 1076; x_wconf 84' lang='lat'>25.</span> 
     </span>
     <span class='ocr_line' id='line_1_52' title="bbox 1036 1095 1730 1136; baseline -0.001 -10"><span class='ocrx_word' id='word_1_286' title='bbox 1036 1097 1361 1136; x_wconf 79' lang='lat' dir='ltr'>Rumigestrumdicit</span> <span class='ocrx_word' id='word_1_287' title='bbox 1377 1105 1452 1127; x_wconf 83' lang='lat' dir='ltr'>esse</span> <span class='ocrx_word' id='word_1_288' title='bbox 1466 1096 1582 1127; x_wconf 87' lang='lat' dir='ltr'>telum.</span> <span class='ocrx_word' id='word_1_289' title='bbox 1607 1100 1614 1112; x_wconf 89' lang='lat'><em>‘</em></span> <span class='ocrx_word' id='word_1_290' title='bbox 1633 1095 1730 1126; x_wconf 86' lang='lat' dir='ltr'>Inter</span> 
     </span>
     <span class='ocr_line' id='line_1_53' title="bbox 1036 1145 1730 1188; baseline -0.004 -10"><span class='ocrx_word' id='word_1_291' title='bbox 1036 1147 1205 1186; x_wconf 87' lang='lat' dir='ltr'>telorum,’</span> <span class='ocrx_word' id='word_1_292' title='bbox 1222 1148 1344 1188; x_wconf 89' lang='lat' dir='ltr'>inquit,</span> <span class='ocrx_word' id='word_1_293' title='bbox 1365 1147 1587 1187; x_wconf 88' lang='lat' dir='ltr'>‘jaculorum,</span> <span class='ocrx_word' id='word_1_294' title='bbox 1603 1145 1730 1186; x_wconf 84' lang='lat' dir='ltr'>gladio-</span> 
     </span>
     <span class='ocr_line' id='line_1_54' title="bbox 1035 1196 1732 1237; baseline -0.003 -9"><span class='ocrx_word' id='word_1_295' title='bbox 1035 1206 1106 1228; x_wconf 83' lang='lat' dir='ltr'>rum</span> <span class='ocrx_word' id='word_1_296' title='bbox 1126 1198 1284 1229; x_wconf 83' lang='lat' dir='ltr'>vocabula</span> <span class='ocrx_word' id='word_1_297' title='bbox 1301 1199 1430 1236; x_wconf 87' lang='lat' dir='ltr'>lancea,</span> <span class='ocrx_word' id='word_1_298' title='bbox 1454 1197 1555 1237; x_wconf 79' lang='lat' dir='ltr'>spari,</span> <span class='ocrx_word' id='word_1_299' title='bbox 1570 1196 1732 1236; x_wconf 78' lang='lat' dir='ltr'>rumiges-</span> 
     </span>
     <span class='ocr_line' id='line_1_55' title="bbox 1035 1245 1730 1287; baseline -0.004 -9"><span class='ocrx_word' id='word_1_300' title='bbox 1035 1248 1091 1287; x_wconf 89' lang='lat' dir='ltr'>tri,</span> <span class='ocrx_word' id='word_1_301' title='bbox 1113 1246 1217 1278; x_wconf 82' lang='lat' dir='ltr'>falces</span> <span class='ocrx_word' id='word_1_302' title='bbox 1233 1251 1251 1277; x_wconf 72' lang='grc' dir='ltr'>ε’</span> <span class='ocrx_word' id='word_1_303' title='bbox 1269 1247 1356 1278; x_wconf 89' lang='lat' dir='ltr'>unde</span> <span class='ocrx_word' id='word_1_304' title='bbox 1373 1247 1523 1286; x_wconf 80' lang='lat' dir='ltr'>Scaliger</span> <span class='ocrx_word' id='word_1_305' title='bbox 1541 1245 1628 1286; x_wconf 88' lang='lat' dir='ltr'>apud</span> <span class='ocrx_word' id='word_1_306' title='bbox 1646 1246 1730 1276; x_wconf 91' lang='lat' dir='ltr'>Var-</span> 
     </span>
     <span class='ocr_line' id='line_1_56' title="bbox 1036 1296 1730 1337; baseline -0.003 -9"><span class='ocrx_word' id='word_1_307' title='bbox 1036 1307 1150 1328; x_wconf 83' lang='lat' dir='ltr'>ronem</span> <span class='ocrx_word' id='word_1_308' title='bbox 1171 1308 1179 1328; x_wconf 89' lang='lat'>:</span> <span class='ocrx_word' id='word_1_309' title='bbox 1212 1299 1337 1328; x_wconf 87' lang='lat' dir='ltr'>Forsan</span> <span class='ocrx_word' id='word_1_310' title='bbox 1368 1297 1458 1337; x_wconf 88' lang='lat' dir='ltr'>apud</span> <span class='ocrx_word' id='word_1_311' title='bbox 1489 1296 1638 1327; x_wconf 88' lang='lat' dir='ltr'>Gellium</span> <span class='ocrx_word' id='word_1_312' title='bbox 1667 1305 1730 1336; x_wconf 89' lang='lat' dir='ltr'>pro</span> 
     </span>
     <span class='ocr_line' id='line_1_57' title="bbox 1034 1346 1731 1388; baseline -0.003 -10"><span class='ocrx_word' id='word_1_313' title='bbox 1034 1348 1216 1387; x_wconf 67' lang='lat' dir='ltr'>manige-stri</span> <span class='ocrx_word' id='word_1_314' title='bbox 1241 1347 1470 1388; x_wconf 82' lang='lat' dir='ltr'>reponendum</span> <span class='ocrx_word' id='word_1_315' title='bbox 1492 1346 1661 1386; x_wconf 79' lang='lat' dir='ltr'>runcastri,</span> <span class='ocrx_word' id='word_1_316' title='bbox 1679 1346 1731 1377; x_wconf 86' lang='lat' dir='ltr'>vel</span> 
     </span>
     <span class='ocr_line' id='line_1_58' title="bbox 1035 1396 1731 1436; baseline -0.001 -8"><span class='ocrx_word' id='word_1_317' title='bbox 1035 1398 1222 1429; x_wconf 78' lang='lat' dir='ltr'>rumiceslri.</span> <span class='ocrx_word' id='word_1_318' title='bbox 1255 1398 1401 1428; x_wconf 60' lang='lat' dir='ltr'>Rmnices</span> <span class='ocrx_word' id='word_1_319' title='bbox 1418 1397 1560 1434; x_wconf 86' lang='lat' dir='ltr'>Lucilio,</span> <span class='ocrx_word' id='word_1_320' title='bbox 1577 1396 1731 1436; x_wconf 79' lang='lat' dir='ltr'>Tmnspa-</span> 
     </span>
     <span class='ocr_line' id='line_1_59' title="bbox 1035 1445 1731 1487; baseline -0.004 -8"><span class='ocrx_word' id='word_1_321' title='bbox 1035 1458 1069 1479; x_wconf 83' lang='lat' dir='ltr'>ru</span> <span class='ocrx_word' id='word_1_322' title='bbox 1092 1452 1157 1479; x_wconf 84' lang='lat' dir='ltr'>tum</span> <span class='ocrx_word' id='word_1_323' title='bbox 1175 1448 1319 1486; x_wconf 78' lang='lat' dir='ltr'>rumices,</span> <span class='ocrx_word' id='word_1_324' title='bbox 1342 1449 1395 1487; x_wconf 59' lang='lat' dir='ltr'>&amp;a</span> <span class='ocrx_word' id='word_1_325' title='bbox 1444 1446 1557 1487; x_wconf 80' lang='lat' dir='ltr'>Atque</span> <span class='ocrx_word' id='word_1_326' title='bbox 1581 1446 1658 1477; x_wconf 90' lang='lat' dir='ltr'>ideo</span> <span class='ocrx_word' id='word_1_327' title='bbox 1683 1445 1731 1476; x_wconf 93' lang='lat' dir='ltr'>vi-</span> 
     </span>
     <span class='ocr_line' id='line_1_60' title="bbox 1036 1496 1731 1536; baseline -0.003 -8"><span class='ocrx_word' id='word_1_328' title='bbox 1036 1498 1136 1529; x_wconf 84' lang='lat' dir='ltr'>detur</span> <span class='ocrx_word' id='word_1_329' title='bbox 1152 1498 1284 1528; x_wconf 86' lang='lat' dir='ltr'>Gellius</span> <span class='ocrx_word' id='word_1_330' title='bbox 1312 1497 1368 1528; x_wconf 89' lang='lat' dir='ltr'>illa</span> <span class='ocrx_word' id='word_1_331' title='bbox 1385 1497 1451 1527; x_wconf 92' lang='lat' dir='ltr'>duo</span> <span class='ocrx_word' id='word_1_332' title='bbox 1468 1496 1638 1536; x_wconf 83' lang='lat' dir='ltr'>junxisse,</span> <span class='ocrx_word' id='word_1_333' title='bbox 1658 1500 1731 1527; x_wconf 90' lang='lat' dir='ltr'>tan-</span> 
     </span>
     <span class='ocr_line' id='line_1_61' title="bbox 1035 1546 1732 1588; baseline -0.001 -10"><span class='ocrx_word' id='word_1_334' title='bbox 1035 1557 1133 1588; x_wconf 87' lang='lat' dir='ltr'>quam</span> <span class='ocrx_word' id='word_1_335' title='bbox 1161 1547 1249 1587; x_wconf 88' lang='lat' dir='ltr'>apud</span> <span class='ocrx_word' id='word_1_336' title='bbox 1274 1547 1418 1577; x_wconf 83' lang='lat' dir='ltr'>eundem</span> <span class='ocrx_word' id='word_1_337' title='bbox 1443 1546 1607 1577; x_wconf 89' lang='lat' dir='ltr'>Lucilium</span> <span class='ocrx_word' id='word_1_338' title='bbox 1633 1546 1732 1577; x_wconf 83' lang='lat' dir='ltr'>lecta.</span> 
     </span>
     <span class='ocr_line' id='line_1_62' title="bbox 1037 1595 1733 1639; baseline -0.004 -11"><span class='ocrx_word' id='word_1_339' title='bbox 1037 1598 1230 1639; x_wconf 84' lang='lat' dir='ltr'>Antequam</span> <span class='ocrx_word' id='word_1_340' title='bbox 1260 1598 1337 1628; x_wconf 86' lang='lat' dir='ltr'>binc</span> <span class='ocrx_word' id='word_1_341' title='bbox 1361 1597 1446 1628; x_wconf 87' lang='lat' dir='ltr'>abeo</span> <span class='ocrx_word' id='word_1_342' title='bbox 1470 1595 1653 1627; x_wconf 81' lang='lat' dir='ltr'>monendus</span> <span class='ocrx_word' id='word_1_343' title='bbox 1680 1599 1733 1626; x_wconf 89' lang='lat' dir='ltr'>est</span> 
     </span>
     <span class='ocr_line' id='line_1_63' title="bbox 1036 1645 1731 1688; baseline -0.004 -9"><span class='ocrx_word' id='word_1_344' title='bbox 1036 1649 1153 1687; x_wconf 76' lang='lat' dir='ltr'>lector,</span> <span class='ocrx_word' id='word_1_345' title='bbox 1169 1654 1248 1679; x_wconf 85' lang='lat' dir='ltr'>ante</span> <span class='ocrx_word' id='word_1_346' title='bbox 1266 1652 1370 1688; x_wconf 88' lang='lat' dir='ltr'>caput</span> <span class='ocrx_word' id='word_1_347' title='bbox 1387 1648 1521 1682; x_wconf 76' lang='lat' dir='ltr'>Ramex,</span> <span class='ocrx_word' id='word_1_348' title='bbox 1549 1647 1581 1677; x_wconf 89' lang='lat' dir='ltr'>in</span> <span class='ocrx_word' id='word_1_349' title='bbox 1598 1645 1731 1676; x_wconf 79' lang='lat' dir='ltr'>schedis</span> 
     </span>
     <span class='ocr_line' id='line_1_64' title="bbox 1037 1697 1733 1739; baseline -0.006 -9"><span class='ocrx_word' id='word_1_350' title='bbox 1037 1705 1155 1730; x_wconf 72' lang='lat' dir='ltr'>extare</span> <span class='ocrx_word' id='word_1_351' title='bbox 1173 1698 1330 1739; x_wconf 88' lang='lat' dir='ltr'>quasdam</span> <span class='ocrx_word' id='word_1_352' title='bbox 1348 1698 1515 1739; x_wconf 87' lang='lat' dir='ltr'>reliquias,</span> <span class='ocrx_word' id='word_1_353' title='bbox 1528 1706 1602 1737; x_wconf 87' lang='lat' dir='ltr'>quae</span> <span class='ocrx_word' id='word_1_354' title='bbox 1617 1697 1648 1726; x_wconf 91' lang='lat' dir='ltr'>in</span> <span class='ocrx_word' id='word_1_355' title='bbox 1663 1705 1733 1726; x_wconf 89' lang='lat' dir='ltr'>om-</span> 
     </span>
     <span class='ocr_line' id='line_1_65' title="bbox 1037 1745 1732 1788; baseline -0.006 -9"><span class='ocrx_word' id='word_1_356' title='bbox 1037 1748 1135 1779; x_wconf 82' lang='lat' dir='ltr'>nibus</span> <span class='ocrx_word' id='word_1_357' title='bbox 1155 1749 1249 1780; x_wconf 89' lang='lat' dir='ltr'>Festi</span> <span class='ocrx_word' id='word_1_358' title='bbox 1272 1748 1370 1779; x_wconf 85' lang='lat' dir='ltr'>editt.</span> <span class='ocrx_word' id='word_1_359' title='bbox 1394 1747 1644 1788; x_wconf 80' lang='lat' dir='ltr'>praetermissae.</span> <span class='ocrx_word' id='word_1_360' title='bbox 1691 1745 1732 1776; x_wconf 88' lang='lat' dir='ltr'>In</span> 
     </span>
     <span class='ocr_line' id='line_1_66' title="bbox 1038 1797 1733 1839; baseline -0.004 -10"><span class='ocrx_word' id='word_1_361' title='bbox 1038 1800 1078 1829; x_wconf 85' lang='lat' dir='ltr'>iis</span> <span class='ocrx_word' id='word_1_362' title='bbox 1096 1804 1240 1839; x_wconf 85' lang='lat' dir='ltr'>apparet</span> <span class='ocrx_word' id='word_1_363' title='bbox 1263 1799 1303 1829; x_wconf 88' lang='lat' dir='ltr'>de</span> <span class='ocrx_word' id='word_1_364' title='bbox 1324 1799 1437 1834; x_wconf 74' lang='lat' dir='ltr'>Rama,</span> <span class='ocrx_word' id='word_1_365' title='bbox 1454 1797 1485 1828; x_wconf 92' lang='lat' dir='ltr'>id</span> <span class='ocrx_word' id='word_1_366' title='bbox 1504 1801 1568 1837; x_wconf 78' lang='lat' dir='ltr'>est,</span> <span class='ocrx_word' id='word_1_367' title='bbox 1590 1805 1733 1827; x_wconf 88' lang='lat' dir='ltr'>mamma</span> 
     </span>
     <span class='ocr_line' id='line_1_67' title="bbox 1038 1846 1734 1888; baseline -0.004 -9"><span class='ocrx_word' id='word_1_368' title='bbox 1038 1849 1175 1879; x_wconf 85' lang='lat' dir='ltr'>Festum</span> <span class='ocrx_word' id='word_1_369' title='bbox 1192 1849 1314 1888; x_wconf 79' lang='lat' dir='ltr'>egisse,</span> <span class='ocrx_word' id='word_1_370' title='bbox 1329 1848 1410 1879; x_wconf 86' lang='lat' dir='ltr'>item</span> <span class='ocrx_word' id='word_1_371' title='bbox 1428 1847 1469 1888; x_wconf 85' lang='lat' dir='ltr'>de</span> <span class='ocrx_word' id='word_1_372' title='bbox 1486 1847 1548 1878; x_wconf 87' lang='lat' dir='ltr'>ficu</span> <span class='ocrx_word' id='word_1_373' title='bbox 1564 1846 1734 1877; x_wconf 86' lang='lat' dir='ltr'>Ruminali</span> 
     </span>
     <span class='ocr_line' id='line_1_68' title="bbox 1037 1897 1733 1939; baseline -0.004 -10"><span class='ocrx_word' id='word_1_374' title='bbox 1037 1904 1072 1929; x_wconf 89' lang='lat' dir='ltr'>et</span> <span class='ocrx_word' id='word_1_375' title='bbox 1089 1900 1179 1939; x_wconf 82' lang='lat' dir='ltr'>lupa,</span> <span class='ocrx_word' id='word_1_376' title='bbox 1196 1909 1269 1939; x_wconf 60' lang='lat' dir='ltr'>quae</span> <span class='ocrx_word' id='word_1_377' title='bbox 1295 1898 1403 1929; x_wconf 84' lang='lat' dir='ltr'>Remo</span> <span class='ocrx_word' id='word_1_378' title='bbox 1427 1904 1461 1929; x_wconf 85' lang='lat' dir='ltr'>et</span> <span class='ocrx_word' id='word_1_379' title='bbox 1485 1897 1628 1928; x_wconf 90' lang='lat' dir='ltr'>Romulo</span> <span class='ocrx_word' id='word_1_380' title='bbox 1649 1906 1733 1937; x_wconf 83' lang='lat' dir='ltr'>prae-</span> 
     </span>
     <span class='ocr_line' id='line_1_69' title="bbox 1038 1947 1734 1982; baseline -0.004 -3"><span class='ocrx_word' id='word_1_381' title='bbox 1038 1949 1110 1979; x_wconf 86' lang='lat' dir='ltr'>buit</span> <span class='ocrx_word' id='word_1_382' title='bbox 1126 1959 1251 1982; x_wconf 78' lang='lat' dir='ltr'>rumam</span> <span class='ocrx_word' id='word_1_383' title='bbox 1267 1959 1275 1979; x_wconf 88' lang='lat'>:</span> <span class='ocrx_word' id='word_1_384' title='bbox 1301 1953 1378 1978; x_wconf 88' lang='lat' dir='ltr'>sunt</span> <span class='ocrx_word' id='word_1_385' title='bbox 1401 1948 1489 1978; x_wconf 88' lang='lat' dir='ltr'>enim</span> <span class='ocrx_word' id='word_1_386' title='bbox 1506 1948 1546 1977; x_wconf 87' lang='lat' dir='ltr'>ad</span> <span class='ocrx_word' id='word_1_387' title='bbox 1563 1947 1649 1977; x_wconf 82' lang='lat' dir='ltr'>hunc</span> <span class='ocrx_word' id='word_1_388' title='bbox 1667 1956 1734 1976; x_wconf 87' lang='lat' dir='ltr'>mo-</span> 
     </span>
     <span class='ocr_line' id='line_1_70' title="bbox 1038 1998 1609 2037; baseline -0.004 -8"><span class='ocrx_word' id='word_1_389' title='bbox 1038 1999 1116 2030; x_wconf 88' lang='lat' dir='ltr'>dum</span> <span class='ocrx_word' id='word_1_390' title='bbox 1133 2009 1141 2029; x_wconf 78' lang='lat' dir='ltr'><strong><em>z</em></strong></span> <span class='ocrx_word' id='word_1_391' title='bbox 1164 2000 1173 2015; x_wconf 89' lang='lat'>‘</span> <span class='ocrx_word' id='word_1_392' title='bbox 1189 1998 1309 2037; x_wconf 87' lang='lat' dir='ltr'>Ruma,</span> <span class='ocrx_word' id='word_1_393' title='bbox 1325 1998 1357 2028; x_wconf 89' lang='lat' dir='ltr'>id</span> <span class='ocrx_word' id='word_1_394' title='bbox 1375 2003 1437 2033; x_wconf 81' lang='lat' dir='ltr'>est,</span> <span class='ocrx_word' id='word_1_395' title='bbox 1455 2006 1609 2028; x_wconf 84' lang='lat' dir='ltr'>mamma.</span> 
     </span>
     <span class='ocr_line' id='line_1_71' title="bbox 1640 2047 1732 2086; baseline -0.011 -8"><span class='ocrx_word' id='word_1_396' title='bbox 1640 2047 1732 2086; x_wconf 57' lang='lat' dir='ltr'>caph</span> 
     </span>
     <span class='ocr_line' id='line_1_72' title="bbox 1642 2097 1733 2127; baseline 0 0"><span class='ocrx_word' id='word_1_397' title='bbox 1642 2097 1733 2127; x_wconf 85' lang='lat' dir='ltr'>nium</span> 
     </span>
     <span class='ocr_line' id='line_1_73' title="bbox 1689 2147 1732 2178; baseline 0.023 -1"><span class='ocrx_word' id='word_1_398' title='bbox 1689 2147 1732 2178; x_wconf 91' lang='lat' dir='ltr'>de</span> 
     </span>
     <span class='ocr_line' id='line_1_74' title="bbox 1616 2206 1732 2238; baseline -0.009 -10"><span class='ocrx_word' id='word_1_399' title='bbox 1616 2220 1624 2228; x_wconf 88' lang='lat'>.</span> <span class='ocrx_word' id='word_1_400' title='bbox 1656 2206 1732 2238; x_wconf 86' lang='lat' dir='ltr'>quae</span> 
     </span>
     <span class='ocr_line' id='line_1_75' title="bbox 1607 2247 1734 2287; baseline 0.008 -11"><span class='ocrx_word' id='word_1_401' title='bbox 1607 2247 1734 2287; x_wconf 84' lang='lat' dir='ltr'>requisi</span> 
     </span>
     <span class='ocr_line' id='line_1_76' title="bbox 1525 2297 1732 2337; baseline 0 -10"><span class='ocrx_word' id='word_1_402' title='bbox 1525 2297 1732 2337; x_wconf 84' lang='lat' dir='ltr'>appellatam</span> 
     </span>
     <span class='ocr_line' id='line_1_77' title="bbox 1040 2352 1733 2387; baseline -0.004 -8"><span class='ocrx_word' id='word_1_403' title='bbox 1040 2372 1047 2379; x_wconf 92' lang='lat'><em>.</em></span> <span class='ocrx_word' id='word_1_404' title='bbox 1136 2373 1143 2381; x_wconf 88' lang='lat'><strong>.</strong></span> <span class='ocrx_word' id='word_1_405' title='bbox 1231 2372 1239 2379; x_wconf 90' lang='lat'><strong>.</strong></span> <span class='ocrx_word' id='word_1_406' title='bbox 1327 2372 1334 2380; x_wconf 89' lang='lat'><strong><em>.</em></strong></span> <span class='ocrx_word' id='word_1_407' title='bbox 1588 2352 1640 2377; x_wconf 79' lang='lat' dir='ltr'>est</span> <span class='ocrx_word' id='word_1_408' title='bbox 1658 2356 1733 2387; x_wconf 78' lang='lat' dir='ltr'>quae</span> 
     </span>
     <span class='ocr_line' id='line_1_78' title="bbox 1041 2396 1734 2438; baseline -0.009 -7"><span class='ocrx_word' id='word_1_409' title='bbox 1041 2401 1170 2431; x_wconf 85' lang='lat' dir='ltr'>Rumex</span> <span class='ocrx_word' id='word_1_410' title='bbox 1188 2399 1245 2429; x_wconf 89' lang='lat' dir='ltr'>teli</span> <span class='ocrx_word' id='word_1_411' title='bbox 1263 2397 1467 2438; x_wconf 79' lang='lat' dir='ltr'>genuS‚’&amp;c.</span> <span class='ocrx_word' id='word_1_412' title='bbox 1514 2396 1656 2435; x_wconf 75' lang='lat' dir='ltr'>Quibus,</span> <span class='ocrx_word' id='word_1_413' title='bbox 1669 2396 1734 2427; x_wconf 80' lang='lat' dir='ltr'>etsi</span> 
     </span>
     <span class='ocr_line' id='line_1_79' title="bbox 1039 2447 1733 2487; baseline -0.006 -7"><span class='ocrx_word' id='word_1_414' title='bbox 1039 2461 1096 2481; x_wconf 85' lang='lat' dir='ltr'>eas</span> <span class='ocrx_word' id='word_1_415' title='bbox 1125 2451 1310 2480; x_wconf 79' lang='lat' dir='ltr'>instaurare</span> <span class='ocrx_word' id='word_1_416' title='bbox 1342 2457 1406 2478; x_wconf 91' lang='lat' dir='ltr'>nou</span> <span class='ocrx_word' id='word_1_417' title='bbox 1439 2457 1585 2487; x_wconf 82' lang='lat' dir='ltr'>possum,</span> <span class='ocrx_word' id='word_1_418' title='bbox 1608 2447 1733 2477; x_wconf 89' lang='lat' dir='ltr'>diutius</span> 
     </span>
     <span class='ocr_line' id='line_1_80' title="bbox 1040 2497 1733 2537; baseline -0.006 -7"><span class='ocrx_word' id='word_1_419' title='bbox 1040 2510 1155 2531; x_wconf 81' lang='lat' dir='ltr'>carere</span> <span class='ocrx_word' id='word_1_420' title='bbox 1175 2506 1208 2529; x_wconf 90' lang='lat' dir='ltr'>te</span> <span class='ocrx_word' id='word_1_421' title='bbox 1226 2498 1326 2533; x_wconf 86' lang='lat' dir='ltr'>nolui,</span> <span class='ocrx_word' id='word_1_422' title='bbox 1345 2502 1379 2527; x_wconf 88' lang='lat' dir='ltr'>ut</span> <span class='ocrx_word' id='word_1_423' title='bbox 1397 2497 1506 2537; x_wconf 74' lang='grc'>(1110311</span> <span class='ocrx_word' id='word_1_424' title='bbox 1528 2497 1598 2527; x_wconf 82' lang='lat' dir='ltr'>sieri</span> <span class='ocrx_word' id='word_1_425' title='bbox 1617 2497 1733 2536; x_wconf 78' lang='lat' dir='ltr'>possit,</span> 
     </span>
     <span class='ocr_line' id='line_1_81' title="bbox 1039 2547 1735 2590; baseline -0.006 -10"><span class='ocrx_word' id='word_1_426' title='bbox 1039 2556 1073 2580; x_wconf 88' lang='lat' dir='ltr'>et</span> <span class='ocrx_word' id='word_1_427' title='bbox 1091 2554 1251 2590; x_wconf 77' lang='lat' dir='ltr'>quantuni</span> <span class='ocrx_word' id='word_1_428' title='bbox 1269 2548 1300 2577; x_wconf 92' lang='grc'>111</span> <span class='ocrx_word' id='word_1_429' title='bbox 1318 2557 1369 2577; x_wconf 88' lang='lat' dir='ltr'>me</span> <span class='ocrx_word' id='word_1_430' title='bbox 1394 2553 1459 2585; x_wconf 76' lang='lat' dir='ltr'>est,</span> <span class='ocrx_word' id='word_1_431' title='bbox 1483 2547 1574 2577; x_wconf 84' lang='lat' dir='ltr'>Festi</span> <span class='ocrx_word' id='word_1_432' title='bbox 1591 2556 1664 2587; x_wconf 88' lang='lat' dir='ltr'>quae</span> <span class='ocrx_word' id='word_1_433' title='bbox 1682 2555 1735 2576; x_wconf 88' lang='lat' dir='ltr'>su-</span> 
     </span>
     <span class='ocr_line' id='line_1_82' title="bbox 1040 2596 1733 2640; baseline -0.006 -10"><span class='ocrx_word' id='word_1_434' title='bbox 1040 2604 1193 2640; x_wconf 79' lang='lat' dir='ltr'>persunt,</span> <span class='ocrx_word' id='word_1_435' title='bbox 1234 2608 1273 2629; x_wconf 84' lang='lat' dir='ltr'>ea</span> <span class='ocrx_word' id='word_1_436' title='bbox 1304 2597 1364 2628; x_wconf 89' lang='lat' dir='ltr'>tibi</span> <span class='ocrx_word' id='word_1_437' title='bbox 1396 2597 1504 2627; x_wconf 86' lang='lat' dir='ltr'>onmia</span> <span class='ocrx_word' id='word_1_438' title='bbox 1533 2596 1566 2627; x_wconf 89' lang='grc'>111</span> <span class='ocrx_word' id='word_1_439' title='bbox 1598 2603 1733 2636; x_wconf 83' lang='lat' dir='ltr'>promtu</span> 
     </span>
     <span class='ocr_line' id='line_1_83' title="bbox 1041 2646 1731 2688; baseline -0.006 -8"><span class='ocrx_word' id='word_1_440' title='bbox 1041 2650 1119 2684; x_wconf 87' lang='lat' dir='ltr'>siut,</span> <span class='ocrx_word' id='word_1_441' title='bbox 1146 2654 1180 2680; x_wconf 89' lang='lat' dir='ltr'>et</span> <span class='ocrx_word' id='word_1_442' title='bbox 1206 2648 1327 2678; x_wconf 82' lang='lat' dir='ltr'>habeas</span> <span class='ocrx_word' id='word_1_443' title='bbox 1356 2647 1456 2678; x_wconf 87' lang='lat' dir='ltr'>etiam</span> <span class='ocrx_word' id='word_1_444' title='bbox 1483 2647 1615 2688; x_wconf 89' lang='lat' dir='ltr'>quicum</span> <span class='ocrx_word' id='word_1_445' title='bbox 1645 2646 1731 2676; x_wconf 78' lang='lat' dir='ltr'>vires</span> 
     </span>
     <span class='ocr_line' id='line_1_84' title="bbox 1043 2699 1435 2741; baseline -0.01 -8"><span class='ocrx_word' id='word_1_446' title='bbox 1043 2707 1116 2733; x_wconf 78' lang='lat' dir='ltr'>tuas</span> <span class='ocrx_word' id='word_1_447' title='bbox 1134 2700 1330 2741; x_wconf 81' lang='lat' dir='ltr'>experiaris.</span> <span class='ocrx_word' id='word_1_448' title='bbox 1356 2699 1435 2729; x_wconf 73' lang='lat' dir='ltr'>Duc,</span> 
     </span>
    </p>
   </div>
   <div class='ocr_carea' id='block_1_17' title="bbox 1039 2099 1119 2130">
    <p class='ocr_par' dir='ltr' id='par_1_19' title="bbox 1039 2099 1119 2130">
     <span class='ocr_line' id='line_1_85' title="bbox 1039 2099 1119 2130; baseline 0.013 -1"><span class='ocrx_word' id='word_1_449' title='bbox 1039 2099 1119 2130; x_wconf 86' lang='lat' dir='ltr'>tolio</span> 
     </span>
    </p>
   </div>
  </div>
 </body>
</html>
