1876 3025
291 193 354 222 DE
389 192 660 223 VERBORUM
697 194 1105 227 SIGNlFIUATlONE
1141 199 1233 228 [AB.
1270 200 1399 231 XVII.

1488 194 1573 236 945

119 286 451 340 Sycophantasi
473 288 723 342 appellatos
746 290 827 332 liae
844 290 897 331 do
907 304 1045 332 causa
1066 292 1231 334 dicunt.
1264 293 1379 335 Atti—
1396 295 1573 345 [PAUL0

175 367 252 396 cos
271 355 483 408 quosdam
503 362 538 380 ¹0
553 356 742 410 juvenes
765 359 920 399 solitos
937 359 1063 401 aiunt
1083 361 1127 401 in
1147 362 1297 402 hortos
1318 362 1574 417 irrumpere,

175 421 374 476 ficosque
396 423 610 477 deligere:
639 439 768 479 quam
791 428 846 468 ob
867 441 1046 469 causam
1069 430 1162 482 lege
1185 433 1251 471 est
1268 432 1574 483 constitutum,

175 496 223 532 ut
244 493 317 546 qui
338 492 382 533 id
399 492 594 543 fecisset,
618 494 764 548 capite
785 498 1080 539 truncaretur:
1114 511 1247 551 quam
1283 512 1462 552 poenam
1498 502 1575 554 qui

175 564 540 613 persequerentur
570 562 626 601 ob
650 562 838 615 parvula
870 563 1140 616 detrimenta,
1174 566 1476 621 sycophantas
1498 582 1577 623 ap-

177 626 382 679 pellatos.

120 693 404 748 Sycophantas
424 696 598 752 qnidam
621 711 677 739 ex
699 698 780 739 hac
804 711 943 741 causa
962 699 1086 741 dictos
1101 708 1280 755 putant.-
1310 700 1390 743 At·
1412 704 1578 758 [FEs'ro

177 763 290 803 ticos
311 764 533 817 quondam
563 765 731 819 juvenes
752 764 887 805 solitos
911 767 1036 808 aiunt
1070 770 1113 809 in
1137 769 1285 811 hortos
1307 770 1577 825 quorumdam

178 831 430 884 irrumpere,
451 832 649 885 ficosque
671 831 871 887 deligere:
905 849 1029 888 quam
1059 838 1110 877 ob
1144 851 1328 879 causam
1357 839 1452 892 lege
1484 839 1577 881 fac-

179 896 303 948 tam,k
326 901 401 953 qui
422 900 464 940 id
487 900 683 950 fecisset,
707 902 852 955 capite
872 907 988 944 esset
1004 903 1043 943 ei
1062 918 1071 945 ε
1090 910 1118 927 ¹¹
1144 919 1274 958 quam
1303 921 1481 960 poenam
1503 909 1578 962 qui

176 972 543 1020 persequerentur
563 969 619 1009 ob
655 969 837 1023 parvola
869 969 1140 1021 detrimenta,
1179 975 1476 1028 sycophantas
1498 989 1578 1029 ap-

177 1034 391 1088 pellatos.

728 1132 847 1144 aaaaaa

851 1134 966 1145 aaaaaa

164 1231 204 1258 10
228 1228 309 1258 Vet.
333 1228 390 1260 lib.
406 1230 648 1268 quosdam—11
677 1231 873 1271 Legendum
905 1238 1021 1265 monet
1046 1234 1133 1266 Dae.
1155 1235 1254 1274 Iegem
1270 1236 1416 1273 saetam:
1441 1237 1494 1268 vel
1518 1238 1583 1277 lege

112 1271 258 1309 functum
273 1274 307 1302 ut
322 1271 374 1312 qui
390 1272 559 1310 idsecz'sset
574 1274 690 1314 capital
705 1278 782 1306 esset
797 1276 836 1315 ei,
851 1278 904 1315 &c-

780 1393 920 1425 NOTAE

123 1469 157 1494 et
184 1464 331 1495 Sutrinis
365 1466 524 1496 auxilium
553 1465 673 1497 ferret.
731 1467 821 1498 vide
876 1470 961 1507 Aug.

125 1514 199 1544 Liv.
227 1514 288 1546 lib.
321 1524 370 1546 vr.
401 1523 488 1546 sect.
519 1518 550 1546 3.
595 1517 723 1548 Postea
753 1517 824 1549 fac·

123 1570 193 1594 tuin
216 1565 448 1605 proverbium,
467 1565 613 1597 Sutrium
629 1568 718 1607 quasi
740 1572 825 1607 eant,

122 1621 156 1646 et
173 1615 215 1645 de
233 1616 270 1646 iis
289 1621 500 1655 usurpatum,
513 1625 593 1656 non,
607 1622 644 1648 ut
657 1619 727 1648 vult
745 1619 825 1649 Fes-

123 1670 187 1701 tus,
212 1667 265 1705 quz'
285 1666 374 1697 rebus
396 1668 461 1697 suis
487 1667 652 1708 opibusque
678 1670 770 1710 officii
793 1670 825 1700 id

116 1721 304 1756 proestarent
319 1717 427 1756 quibus
443 1717 598 1754 deberent,
615 1719 673 1749 sed
700 1720 756 1759 qui
775 1730 824 1751 re-

122 1767 182 1798 bus
208 1767 408 1798 necessariis
425 1767 585 1798 instructi
608 1777 682 1799 sese
706 1768 747 1799 ad
766 1770 825 1801 ali-

122 1817 202 1858 quid
220 1816 389 1857 agendum
408 1818 637 1856 accingerent.
662 1819 747 1850 Dac.

164 1866 324 1906 Sutrium]
366 1866 480 1897 plaut.
511 1867 544 1897 in
573 1867 727 1900 Casina:
763 1869 827 1900 Sed

116 1918 221 1954 facito
254 1918 327 1948 dum
364 1918 540 1948 memineris
589 1928 710 1959 versus,
754 1930 828 1960 quos

121 1972 229 2000 cantat
264 1969 365 1999 colax.
428 1969 507 1999 Cum
528 1969 594 2000 cibo
625 1973 692 2001 tum
721 1971 829 2011 quiqui

112 2019 228 2058 facito,
268 2023 302 2049 ut
333 2018 473 2054 veniant,
499 2019 589 2058 quasi
618 2023 689 2050 eant
720 2019 825 2051 Sutri-

121 2081 183 2101 um.
230 2070 302 2101 Liv.
334 2070 393 2100 lib.
418 2079 468 2100 vr.
495 2069 617 2101 scribit
643 2071 825 2102 Camillum

120 2121 271 2152 Sutrium
289 2131 388 2162 quam
407 2121 570 2152 citissime
593 2130 825 2161 recuperasse.

122 2173 260 2203 Festum
278 2171 381 2211 igitur
397 2171 575 2211 opinamur
600 2172 662 2203 hoc
687 2182 826 2212 prover-

122 2222 211 2253 bium
232 2222 297 2253 hoe
324 2222 396 2252 loco
420 2221 524 2253 fuisse
551 2222 829 2264 interpretatum,

124 2274 276 2304 Sutrium
294 2274 356 2312 ire,
374 2274 513 2314 ejusque
532 2274 697 2315 originem
722 2275 827 2306 tradi-

121 2325 210 2355 disse
238 2334 280 2355 ex
307 2325 438 2355 Gallico
461 2325 619 2364 tumultu,
636 2335 711 2356 cum
733 2325 825 2357 edic-

122 2380 193 2404 tum
221 2381 272 2404 est
296 2384 315 2404 a
337 2374 492 2416 Camillo,
518 2379 556 2405 ut
580 2375 730 2416 legiones
747 2385 825 2407 cum

122 2425 200 2456 cibo
225 2435 283 2456 suo
310 2425 414 2456 Sutrii
439 2431 567 2466 praesto
589 2431 716 2457 essent.
746 2427 825 2458 Ant„

212 2834 327 2876 Daph.
340 2839 369 2866 et
386 2835 460 2867 γαν.
480 2837 565 2867 Clas.

730 2838 838 2877 Pomp.

920 1519 927 1539 ¹
951 1520 1180 1561 Sycophantas]
1205 1521 1312 1553 Plura
1333 1523 1454 1554 dehac
1473 1533 1507 1555 re
1523 1535 1584 1555 nuo

880 1576 1005 1609 gantur
1030 1572 1159 1610 Graeci,
1177 1582 1250 1613 quae
1274 1573 1366 1604 natio
1383 1574 1464 1604 nihil
1482 1584 1582 1614 paene

882 1619 973 1650 aliud
1002 1621 1110 1660 egisse
1129 1621 1276 1658 videtur,
1299 1632 1397 1664 quani
1427 1630 1462 1654 ut
1486 1634 1583 1664 repe=

881 1670 965 1700 riret
982 1671 1149 1711 quomodo
1167 1672 1199 1702 iu
1223 1672 1291 1703 otio
1309 1673 1484 1712 negotiosa
1509 1684 1584 1705 esse

881 1726 1007 1760 posset.
1069 1721 1229 1752 Ceterum
1270 1728 1364 1760 potes
1400 1723 1584 1755 advertere

883 1780 982 1810 quam
1011 1771 1150 1811 dignum
1179 1772 1224 1803 sit
1257 1773 1362 1804 Paulo
1380 1774 1585 1805 mutilatore

880 1821 978 1861 illud,
997 1822 1108 1862 Capite
1124 1826 1331 1857 truncaretur,
1347 1822 1436 1863 quod
1462 1823 1584 1854 Festus

882 1872 1028 1912 dixerat,
1051 1873 1186 1912 Capita!
1210 1877 1312 1909 esset,
1340 1878 1374 1904 et
1400 1873 1431 1904 in
1459 1874 1586 1905 Graeco

881 1921 1024 1953 decreto
1056 1923 1127 1953 sine
1167 1922 1272 1954 dubio
1303 1922 1417 1955 fuerat

881 1971 998 2010 τίμημα
1012 1970 1105 2003 ἔστω.
1128 1973 1200 2004 Jos.
1217 1973 1302 2004 Scal-

926 2022 1158 2064 Sycophantas]
1176 2022 1288 2054 Aliter
1306 2024 1406 2063 paulo
1418 2024 1586 2055 Scholias-

883 2077 934 2104 tes
965 2073 1216 2113 Aristophanis,
1232 2074 1289 2114 qui
1316 2073 1365 2104 ait
1383 2075 1585 2114 sycophantas

880 2124 1003 2158 dictos,
1020 2123 1109 2164 quod
1126 2133 1183 2154 eos
1205 2124 1404 2164 judicarent
1419 2125 1475 2165 qui
1489 2124 1585 2165 fieus,

881 2183 923 2204 ex
938 2172 1317 2214 Attica2deportarent,
1333 2184 1351 2204 a
1367 2174 1470 2213 σῦκον,
1488 2175 1583 2214 ficus,

1455 1922 1585 1955 θάνατος

882 2228 916 2254 et
933 2223 1042 2262 φαίνω,
1059 2224 1184 2263 indico,
1201 2234 1336 2256 accuso.
1382 2224 1462 2256 Alia
1478 2227 1586 2257 multa

883 2285 986 2316 super
1010 2276 1073 2306 hac
1099 2285 1135 2306 re
1160 2281 1330 2317 nugantur
1353 2276 1482 2317 Graeci,
1508 2287 1583 2318 quae

880 2335 944 2357 non
960 2331 1012 2358 est
1026 2326 1081 2358 liic
1099 2326 1236 2359 dicendi
1249 2328 1352 2359 locus.
1399 2328 1489 2359 Vide
1504 2329 1512 2346 ‘
1527 2329 1583 2361 120⁶

880 2376 1066 2418 lophanta.'
1088 2378 1171 2409 Dae„

861 2839 943 2869 Festi
1417 2839 1434 2865 3
1462 2836 1489 2866 O
