1876 3025
289 181 351 211 DE
384 177 658 209 VERBORUM
693 171 1101 205 SIGNlFlGATlONE
1136 171 1228 201 [ΑΒ.
1263 170 1390 199 XVII.

1492 157 1577 200 883

171 272 297 323 rium,
320 273 450 313 simul
471 277 512 313 et
533 272 629 312 sola
649 270 788 323 regni:
821 273 863 310 et
882 267 1016 310 aliubi
1034 265 1082 308 :¹⁶
1114 266 1205 307 Sed
1234 265 1333 306 sola
1365 267 1573 305 terrarum

172 347 408 396 postquam
430 353 661 394 permensa
680 350 930 393 parumper.

116 411 287 460 Solum,
312 415 487 450 terram.

115 479 331 524 Sonivio,e
354 476 542 518 sonanti.

1394 398 1573 454 [PAUL.

116 546 297 587 Sonivio
333 543 555 597 significat
577 543 620 583 in
649 540 828 582 carmine
853 538 998 580 saliari
1019 545 1056 579 et
1078 537 1277 591 augurali
1305 549 1376 577 so·
1407 534 1569 588 [FEST.

170 613 306 655 nanti.
341 611 560 652 sonivium
580 615 612 641 ¹7
633 608 878 663 tripudium,
899 614 945 647 ut
961 606 1021 647 az'c
1038 605 1201 660 Appius
1221 604 1426 655 Pulcher,
1444 601 1569 656 quod

170 688 294 731 sonet,
311 695 400 721 cam
416 678 532 734 pullo
552 678 700 719 excidit
720 677 820 731 puls
839 673 1153 730 quadrupedive
1174 688 1222 714 ex
1241 687 1322 715 ore.

117 750 245 798 Sons,
265 762 452 790 nocens:
486 748 663 796 Insons‚
692 746 919 786 innocens.

120 816 255 867 Sons‚f
271 830 447 865 nocens,
465 820 511 857 ut
532 828 587 855 ex
608 812 828 862 contrario,
847 811 1006 862 Insons,
1026 811 1229 851 innocens.

1393 739 1573 793 [PAUL.

1403 807 1572 861 [FEST.

117 885 346 926 Sonticum
364 890 380 914 g
401 885 596 925 morbum
614 882 659 922 in
680 880 916 921 duodecim
938 879 1185 932 significare
1209 877 1270 918 ait
1286 876 1434 918 AElius
1450 875 1568 916 Stilo

172 957 336 994 certum
356 965 453 993 cum
467 951 590 1005 justa
610 961 758 998 causa,
779 960 909 1001 quem
940 945 1137 987 nonnulli
1159 948 1318 998 putant
1344 955 1455 992 esse,
1492 942 1569 995 qui

172 1019 385 1070 nocent‚¹8
407 1018 523 1072 quod
555 1021 704 1058 sontes
740 1016 956 1067 significet
984 1017 1201 1054 nocentes.

1265 1011 1450 1052 Naevius
1480 1010 1544 1050 ait
1562 1024 1572 1050 :

173 1088 398 1129 Sonticam
421 1099 517 1128 esse
540 1088 716 1139 oportet
746 1096 947 1132 causam,
971 1081 1256 1135 quamobrem
1288 1079 1446 1133 perdas
1478 1091 1570 1118 mu-

172 1155 338 1196 lierem.

722 1237 959 1250 eaeeeoeeaeaeaeee

159 1324 198 1352 16
223 1320 283 1351 Vir
300 1319 392 1350 doct.
406 1318 545 1359 conjicit
561 1318 734 1349 alibi.—17
759 1317 848 1348 Vide
874 1317 1000 1348 Notam
1029 1313 1192 1354 Scaligeri
1220 1310 1409 1342 infra.—18
1435 1310 1569 1351 Legen-

117 1364 193 1395 dum
212 1369 327 1395 monet
346 1365 435 1394 Dae.
451 1363 502 1403 qui
517 1365 618 1402 nocet,
635 1361 689 1392 vel
706 1360 758 1401 qui
774 1364 894 1391 noceat.

772 1468 915 1500 NOTAE

157 1554 168 1569 θ
191 1545 334 1587 saniz-2¹0]
355 1547 472 1578 Utitur
487 1544 552 1577 hoc
569 1545 674 1576 verbo
692 1544 814 1576 Cicero

115 1599 147 1628 in
165 1598 267 1638 epist.
286 1597 327 1628 ad
346 1597 541 1628 Caecinuam
559 1595 618 1626 lib.
638 1604 689 1626 vr.
711 1594 813 1636 epist.

116 1649 195 1680 Ant.
210 1649 296 1687 Aug.

158 1697 304 1737 Sonivio]
323 1697 444 1729 Cicero
456 1696 627 1727 Caecinnae
643 1705 651 1725 :
670 1696 678 1712 ‘
692 1695 815 1735 Neque

116 1760 158 1781 ex
189 1748 348 1789 tripudiis
379 1746 562 1785 solistimis,
590 1749 648 1776 aut
679 1745 814 1776 soniviis

116 1800 179 1831 tibi
212 1797 380 1837 auguror!
440 1796 570 1827 Plinius
602 1795 643 1826 de
673 1795 814 1826 nucibus

108 1850 351 1892 juglandibus:
376 1847 385 1864 ‘
401 1848 487 1880 Quae
501 1856 603 1878 causa
615 1856 672 1877 eas
686 1846 814 1886 nuptiis

116 1902 201 1933 fecit
219 1900 403 1940 religiosas,
422 1903 472 1929 tot
487 1898 596 1928 modis
613 1896 694 1928 foetu
708 1897 814 1928 muni-

116 1960 172 1985 to:
200 1952 287 1993 quod
304 1956 357 1982 est
376 1949 602 1987 verisimilius,
617 1958 716 1989 quam
734 1947 815 1988 quia

116 2003 270 2035 cadendo
284 2000 470 2042 tripudium
485 1999 650 2030 sonivium
662 1997 815 2029 faciant!

116 2053 304 2085 Manifesto
330 2061 445 2083 errore
473 2050 598 2090 legitur
618 2049 650 2080 in
668 2049 815 2089 vulgatis

115 2104 296 2143 Plinianis,
325 2111 467 2133 sonumve
489 2100 630 2139 faciunt.
676 2100 814 2131 Servius

116 2155 268 2186 Danielis
286 2155 317 2183 in
335 2152 439 2183 illud:
462 2156 470 2170 ‘
485 2156 630 2181 tremere
642 2150 752 2180 onmia
767 2150 814 2180 vi-

116 2217 153 2237 sa
169 2204 334 2246 repente‚⁷
350 2205 358 2220 ‘
375 2203 449 2234 Hoc
473 2200 674 2243 augurium,’
690 2200 816 2242 inquit,

115 2257 234 2296 ‘juxta
250 2255 443 2294 auguralem
460 2253 670 2292 disciplinam
685 2251 815 2282 (lictum

119 2312 182 2341 est,
212 2306 302 2347 quod
330 2303 741 2345 appellaturTripudium
763 2312 817 2333 so—

119 2358 266 2388 nivium:
299 2356 332 2387 id
361 2361 424 2395 est,
455 2365 474 2386 a
501 2364 595 2385 sono.
643 2352 696 2384 Ad
726 2352 816 2393 quod

120 2408 280 2447 pertinet,
310 2407 336 2437 si
363 2406 464 2436 arbor
494 2410 614 2446 sponte
646 2403 817 2435 radicibus

119 2457 233 2494 cadat,
256 2458 281 2487 si
306 2461 398 2487 terra
423 2461 559 2496 tremat,
581 2454 670 2496 quod
691 2454 746 2484 liic
764 2453 818 2484 ΖΕ-

118 2517 191 2538 neae
209 2506 335 2537 factum
353 2506 515 2545 ostendit,
538 2510 720 2546 antequam
736 2512 819 2533 voce

120 2559 234 2589 divina
250 2567 410 2597 responsa
426 2556 643 2597 perciperet.’
679 2555 766 2586 Haec
783 2554 819 2585 il-

119 2611 150 2641 le
168 2608 411 2640 vetustissimus
429 2608 614 2647 interpres.
637 2607 720 2637 Dae.

164 2659 307 2700 Sonivio]
332 2657 447 2689 Infra:
472 2657 596 2689 Sonivio
611 2657 772 2697 significat
786 2656 819 2686 in

125 2710 270 2740 Carmine
298 2708 428 2744 Saliari,
455 2709 528 2739 item
551 2708 584 2738 in
603 2706 820 2738 commentario

122 2760 276 2801 augurali,
298 2758 432 2790 sonanti.
478 2757 580 2789 Aliud
607 2762 731 2798 caput:
763 2757 819 2787 So-

866 1544 985 1575 nivium
1012 1542 1184 1582 tripudium
1209 1539 1339 1577 dicitur,
1363 1540 1398 1567 ut
1421 1535 1467 1566 ait
1491 1535 1570 1566 Pul-

866 1594 950 1630 cher,
966 1594 1044 1634 quod
1069 1595 1181 1622 sonet:
1206 1592 1240 1620 ut
1263 1598 1331 1620 cum
1352 1587 1437 1627 pullo
1453 1585 1571 1616 excidit

862 1645 944 1684 puls,
960 1642 1187 1684 quadrupedive
1201 1639 1318 1679 aliquid
1335 1649 1374 1669 ex
1389 1647 1449 1668 ore.
1481 1635 1570 1666 Vide

866 1697 875 1712 ‘
890 1694 1125 1725 Solistimum.’
1148 1693 1218 1722 Jos.
1238 1690 1321 1720 Scal-

910 1743 922 1766 s
941 1744 1032 1784 Sons]
1057 1744 1138 1775 Sons
1154 1751 1274 1776 nocens,
1290 1743 1325 1770 ut
1347 1749 1387 1769 ex
1402 1736 1570 1771 contrario,

866 1796 983 1834 insons,
999 1795 1155 1825 innocens.
1180 1790 1349 1822 Ausonius
1368 1789 1399 1818 in
1416 1787 1569 1818 Techno-

868 1846 1023 1885 paegniot
1047 1844 1105 1875 ‘Si
1125 1843 1234 1873 bonus
1260 1844 1313 1870 est
1341 1839 1468 1875 insonS‚
1490 1845 1568 1867 con-

868 1896 992 1927 trarius
1010 1899 1044 1926 et
1063 1896 1169 1925 malus
1187 1897 1240 1923 est
1257 1888 1355 1921 sons?
1380 1889 1462 1919 Dae.

909 1951 925 1973 g
948 1945 1123 1984 Santicum]
1140 1941 1373 1974 Glossarium:
1389 1940 1397 1955 ‘
1411 1937 1570 1969 Sonticus

866 1995 1017 2034 morbum,
1035 1995 1099 2036 ἱερὰ
1115 1992 1228 2024 νόσω-3
1251 1992 1330 2023 Ant.
1347 1989 1432 2028 Aug.

910 2044 1087 2084 Santicum]
1111 2042 1228 2074 Infra:
1255 2039 1385 2071 sontica
1403 2048 1497 2069 causa
1522 2037 1570 2068 ‹li-

866 2097 950 2128 citur
973 2107 991 2127 α
1012 2095 1115 2127 morbo
1138 2093 1269 2129 sontico,
1295 2090 1348 2131 qui
1369 2089 1443 2130 quid
1459 2098 1572 2127 geren-

866 2148 938 2178 dum
954 2157 1045 2186 agere
1055 2155 1116 2176 non
1131 2142 1299 2184 permittit.
1349 2142 1426 2171 Cato
1439 2140 1475 2169 de
1487 2139 1572 2177 regis

868 2198 972 2230 Attali
988 2197 1203 2237 vectigalibus.
1228 2194 1369 2234 Reliqua
1383 2201 1450 2223 non
1465 2189 1573 2231 potui.

867 2250 937 2279 Jos.
955 2248 1043 2279 Scul.

912 2299 1074 2330 Santicum
1094 2296 1246 2336 morbum]
1272 2294 1340 2327 Qui
1365 2301 1443 2323 vere
1468 2300 1572 2323 causa

870 2355 923 2380 est
936 2359 995 2380 cur
1007 2348 1097 2389 quod
1116 2346 1284 2388 agendum
1299 2348 1383 2379 erat,
1397 2352 1497 2382 agere
1516 2342 1572 2371 de-

870 2401 1031 2440 sistimus,
1047 2408 1152 2440 quare
1167 2408 1184 2428 a
1206 2398 1309 2428 Festo
1322 2395 1451 2435 optime
1475 2392 1573 2423 sonti-

870 2461 922 2481 cus
934 2460 974 2481 ex
982 2450 1119 2490 ponitur
1131 2445 1447 2487 certtls‚cutnjusta
1461 2452 1575 2474 causa.

872 2501 958 2533 Inde
971 2501 1094 2531 Horat.
1104 2499 1271 2529 sonticam
1285 2497 1472 2535 chiragram
1488 2494 1575 2533 ‘jus-

873 2558 940 2583 tam
953 2551 961 2563 ’
979 2550 1063 2581 dixit
1085 2551 1157 2581 Sat.
1172 2552 1204 2580 7.
1224 2549 1281 2579 lib.
1298 2557 1338 2578 Π.
1361 2546 1371 2562 ‘
1386 2547 1573 2583 Postquam

873 2603 920 2634 illi
932 2603 1027 2643 justa
1043 2601 1199 2640 chiragra
1214 2597 1380 2630 Contudit
1392 2591 1574 2626 articulos!

873 2654 929 2684 De
947 2651 1065 2682 morbo
1088 2651 1221 2681 sontico
1246 2648 1322 2678 vide
1340 2645 1490 2678 Gellium
1514 2642 1575 2673 lib.

876 2712 953 2735 ΧΠ.
968 2713 998 2734 c.
1012 2705 1043 2734 4.
1059 2706 1094 2733 et
1113 2701 1170 2732 lib.
1189 2708 1251 2731 xx.
1266 2708 1294 2729 c.
1311 2701 1342 2728 l.
1367 2697 1444 2727 Duc.
