1876 3025
294 189 356 219 DE
390 184 667 217 VERBORUM
701 179 1110 214 SIGNIFICATIONE
1144 179 1237 208 LIB.
1271 177 1397 207 XVII.

1485 165 1568 206 891

177 299 336 340 specus
355 286 471 326 intus
494 284 702 338 patebant
718 287 771 323 :20
793 284 837 322 et
856 278 1084 321 Pacuvius
1106 276 1150 317 in
1172 275 1362 329 Chryse:
1412 272 1488 313 Est
1507 273 1569 312 ibi

174 355 258 395 sub
276 367 327 395 eo
347 366 457 394 saxo
474 352 652 406 penitus
669 354 808 390 strata
829 348 991 388 harena
1011 346 1163 398 ingens
1186 355 1362 396 specus.

120 422 313 476 Speresc
344 421 512 474 antiqui
530 419 751 473 pluraliter
773 417 993 464 dicebant,
1020 420 1072 453 ut
1108 411 1277 453 Ennius
1306 411 1381 450 lib.
1419 421 1570 449 secun-

176 490 259 531 do:
293 489 347 529 Et
369 488 506 529 semel
529 483 709 540 effugitd
743 497 893 539 speres
921 484 984 524 ita
1008 480 1203 522 funditus
1227 482 1424 519 nostras:
1455 481 1498 517 et
1518 476 1570 516 li—

173 558 252 597 bro
283 555 619 597 sextodecimo:
651 555 807 608 Spero,
839 553 878 593 si
914 564 1062 604 speres
1095 549 1336 603 quicquam
1359 545 1569 599 prodesse

174 625 297 679 potis
321 629 441 664 sunt.

120 692 288 746 Spetile
308 697 350 715 ¹⁸
372 697 554 732 vocatur
588 690 702 731 infra
723 687 977 730 umbilicum
1014 685 1123 735 suis,
1157 683 1275 738 quod
1314 685 1380 724 est
1412 680 1571 727 carnis,

175 761 344 814 proprii
361 759 590 813 cujusdam
614 758 806 808 habitus,
828 768 954 805 eXOS,
975 767 1062 808 qua
1084 753 1214 794 etiam
1240 751 1403 804 antiqui
1426 761 1503 803 per
1524 761 1570 788 se

175 830 416 869 utebantur.

477 826 666 867 Plautus
713 822 1020 866 enumerandis
1066 821 1260 862 vilibus2
1289 818 1488 860 obsoniis
1525 816 1569 856 in

176 895 444 937 Carbonaria
473 896 537 935 sic
567 893 790 935 meminit:
828 891 924 944 Ego
945 903 1143 944 pernam,
1179 901 1350 937 sunem,
1381 889 1568 933 sueres‚³

176 964 350 1017 spetile,
364 968 384 993 4
405 963 598 1013 callum‚⁵
619 961 812 1015 glandia.

118 1029 314 1086 Spetile⁶
342 1044 444 1071 caro
475 1030 683 1085 quaedam
715 1026 882 1082 proprii
910 1025 1143 1080 cujusdam
1170 1022 1350 1064 habitus
1389 1020 1569 1071 [PAUL.

173 1099 288 1140 infra
309 1099 569 1139 umbilicum
592 1098 698 1138 suis.

119 1167 262 1220 spicit
276 1164 288 1188 f
302 1180 477 1220 quoque
499 1167 592 1207 sine
612 1164 924 1220 praepositione
945 1162 1150 1203 dixerunt
1166 1158 1348 1213 antiqui.
1407 1156 1462 1207 [F
1471 1165 1569 1195 EST.

726 1273 842 1286 eeeeee

846 1271 963 1284 eeeeee

160 1356 202 1385 20
225 1354 304 1384 Vet.
322 1353 394 1385 cod.
411 1352 507 1392 injus
521 1352 658 1392 patebat.
701 1351 763 1382 Vir
779 1351 872 1382 doct.
890 1348 1189 1389 intuspatelmt.-1
1216 1346 1314 1376 Vett.
1329 1343 1406 1374 edd.
1425 1341 1571 1382 Spectz'le.

117 1400 180 1427 —2
205 1397 270 1427 Ed.
295 1397 383 1427 Scal.
411 1397 444 1427 in
471 1395 697 1427 enumerandis.
743 1396 812 1425 Pro
839 1394 952 1424 vilibus

991 1398 1057 1422 vet.
1083 1391 1158 1421 cod.
1185 1390 1279 1420 villis.
1325 1388 1386 1417 Vir
1415 1386 1506 1415 doct.
1539 1386 1570 1414 in

117 1449 225 1480 marg.
239 1439 292 1470 ed.
307 1440 395 1471 Scal.
410 1439 548 1479 conjicit
565 1439 743 1469 suillis.—3
769 1441 777 1454 ‘
794 1437 909 1467 Sueres
926 1435 1007 1476 quid
1025 1436 1067 1465 sit
1086 1435 1216 1469 ignoro.
1263 1428 1485 1462 Scribendum
1504 1427 1569 1457 for.

118 1487 209 1513 tasse
224 1492 384 1523 sumenque
405 1481 532 1514 Verris?
557 1481 637 1513 Aut.
659 1482 811 1522 Augu—4
834 1480 913 1511 Vet.
931 1479 988 1510 lib.
1005 1478 1208 1518 spectum—5
1232 1476 1314 1507 Vet.
1341 1473 1415 1504 cod.
1440 1471 1571 1511 galium.

116 1529 181 1557 —6
205 1526 285 1558 Vet.
303 1527 361 1558 lib.
378 1525 526 1566 Spectz'le.

771 1619 916 1654 NOTAE
959 1626 968 1636 ⁹

160 1703 174 1719 ⁶
197 1697 326 1738 Speres]
350 1698 450 1730 Varr.
478 1697 545 1728 ὄνος
573 1698 678 1737 λύρας.
707 1697 715 1714 ‘
735 1696 817 1729 Qni-

118 1749 180 1780 bus
202 1758 296 1778 suam
319 1748 471 1779 delectet
496 1748 568 1787 ipse
585 1747 756 1785 amasiam,
773 1747 818 1778 Et

117 1799 314 1830 aviditatem
329 1798 484 1839 speribus
496 1798 602 1829 lactet
613 1797 705 1830 suis.’
728 1797 816 1829 Vide

118 1850 280 1881 Nonium.
306 1849 406 1879 Idem.

158 1898 173 1919 <¹
197 1900 241 1930 Et
252 1899 343 1930 semel
353 1898 483 1939 effugit]
508 1899 606 1930 Ennii
623 1909 755 1930 versum
766 1900 816 1930 sic

118 1950 329 1981 commodius
345 1950 501 1981 Merula:

161 2001 205 2031 Et
221 2001 312 2031 semel
338 1999 451 2040 effugit
480 2010 582 2040 speres
605 2000 651 2031 ita
667 2001 817 2038 funditus

243 2055 376 2081 nosti-(18.
400 2050 509 2081 Idem.

160 2107 174 2123 e
195 2101 325 2142 Spetz'le]
350 2102 415 2132 Vel
439 2106 477 2132 ut
502 2101 672 2132 nonnullae
695 2100 815 2132 editio-

117 2163 176 2185 nes
193 2153 336 2195 Specffle,
353 2158 407 2183 est
430 2153 468 2183 τὸ
493 2151 598 2193 ἦτρον,
620 2153 672 2184 vel
692 2151 729 2183 τὸ
745 2153 816 2183 ὑπο·

117 2205 244 2237 κοίλιον.
266 2206 333 2235 Jos.
351 2205 431 2235 Scat.

159 2257 292 2297 Specile]
317 2257 386 2287 Pro
414 2256 550 2295 spectile,
563 2259 600 2286 ut
616 2254 748 2296 antiqui
767 2253 815 2285 di-

118 2307 261 2338 cebant:
289 2313 339 2337 est
371 2306 460 2337 enim
492 2315 512 2336 a
548 2306 659 2346 specio,
689 2306 816 2346 quippe

118 2357 208 2398 quod
235 2367 274 2388 ea
301 2367 378 2397 pars
408 2362 550 2398 propter
576 2356 815 2397 pinguedinem

117 2408 150 2437 in
189 2407 305 2447 primis
341 2409 385 2438 sit
423 2406 634 2447 spectabilis.
688 2406 816 2437 Versus

119 2458 245 2491 Plauti,
264 2458 333 2496 Ego
347 2467 484 2498 pernam,
499 2468 602 2488 sumen
613 2457 815 2497 sueris‚spec-

117 2508 184 2547 tile,
213 2509 326 2537 callum
352 2508 492 2545 glandia.
537 2509 648 2539 Sueris
678 2509 816 2549 antique

118 2567 182 2599 pro
205 2559 281 2588 suis.
328 2557 472 2589 Quidam
500 2558 629 2599 legunt,
653 2559 723 2598 Ego
745 2569 814 2598 per-

117 2619 201 2646 nam,
217 2618 320 2639 sumen
335 2609 433 2638 sueris
454 2609 590 2649 spectile,
609 2612 662 2649 &a
708 2609 762 2640 Ita
778 2616 817 2641 ut

116 2661 242 2701 spectile
258 2661 303 2690 sit
319 2658 523 2699 adjectivum
535 2660 624 2700 quod
640 2660 682 2690 ad
699 2670 816 2691 sumen

118 2709 284 2741 referatur
300 2720 307 2747 ;
332 2709 390 2739 sed
408 2708 589 2740 manifesto
602 2715 719 2741 contra
736 2711 815 2741 Fes-

118 2762 144 2792 ti
164 2767 323 2799 mentem,
337 2765 372 2791 ut
390 2769 431 2791 ex
449 2760 518 2800 ejus
533 2760 815 2802 interpretamen-

873 1700 908 1726 to
925 1695 1045 1735 liquet,
1064 1702 1139 1723 cum
1157 1691 1240 1722 dicit
1256 1690 1411 1731 antiquos
1423 1699 1496 1721 eam
1515 1700 1571 1721 vo-

872 1755 945 1776 cem
970 1754 1030 1785 per
1055 1753 1091 1774 se
1109 1742 1283 1782 posuisse:
1307 1741 1416 1780 spetile
1440 1732 1570 1772 Graecis

870 1794 907 1825 τὸ
921 1793 1015 1834 ἦτρον
1032 1794 1083 1824 vel
1099 1792 1136 1823 τὸ
1150 1790 1335 1822 ὕποκοίλιον.
1359 1791 1442 1822 Duc.

913 1844 925 1865 f
944 1845 1062 1886 Spicz't]
1087 1843 1201 1874 Plaut.
1219 1843 1252 1873 in
1270 1841 1406 1872 Milite:
1432 1843 1441 1858 ‘
1460 1841 1569 1881 Flagi-

872 1898 955 1930 tium
970 1902 1035 1932 est‚
1053 1895 1078 1926 si
1095 1895 1175 1925 nihil
1190 1893 1358 1933 mittetur,
1370 1902 1435 1934 quo
1452 1902 1570 1933 super-

871 1948 950 1980 cilio
966 1946 1091 1987 spicit!
1114 1946 1192 1976 Ant.
1209 1946 1295 1984 Aug.

915 1997 1033 2038 Spicit]
1067 1996 1116 2027 Ut
1145 1996 1291 2026 Veteres
1319 1993 1477 2025 dicebant
1510 2003 1571 2034 pro

871 2049 979 2090 specz't.
1005 2047 1120 2078 Plauti
1139 2055 1253 2076 versus
1269 2049 1320 2075 est
1331 2054 1373 2075 ex
1386 2044 1571 2076 Mil.Glor.

872 2105 939 2132 act.
957 2109 1012 2131 111.
1028 2109 1075 2130 sc.
1095 2101 1123 2129 1.
1148 2102 1156 2116 ‘
1175 2097 1354 2138 Flagitium
1382 2101 1444 2132 est,
1470 2096 1496 2126 si
1521 2096 1570 2126 ni-

871 2152 915 2182 liil
940 2151 1110 2187 mittetur,
1133 2158 1200 2189 quo
1226 2147 1405 2188 supercilio
1432 2146 1571 2187 spicit!’

871 2201 959 2231 male
978 2201 1031 2242 qui
1049 2200 1158 2239 specit.
1206 2198 1306 2228 Ennii
1331 2207 1463 2227 versum
1483 2195 1571 2227 infra

870 2251 990 2290 legunt
1022 2249 1169 2290 quidam,
1205 2247 1290 2282 Quos
1319 2247 1372 2278 ubi
1403 2256 1460 2278 rex
1480 2246 1572 2287 paulo

869 2302 973 2342 spexit
1004 2302 1041 2331 de
1071 2299 1197 2330 collibus
1236 2298 1348 2337 celsis3
1393 2297 1455 2333 vel,
1486 2298 1571 2332 Quos

870 2352 924 2383 ubi
948 2362 1004 2383 rex
1019 2352 1123 2382 sedulo
1145 2350 1246 2390 spexit
1262 2350 1299 2380 cle
1318 2348 1456 2380 comibus
1469 2350 1569 2379 celsis.

869 2404 1046 2443 Scaliger:
1076 2403 1161 2437 Quos
1187 2401 1240 2431 ubi
1265 2410 1323 2430 rex
1343 2400 1441 2439 pullos
1466 2401 1569 2439 spexit

870 2456 907 2485 cle
920 2453 1058 2484 cortibus
1073 2453 1170 2483 celsis.
1216 2453 1300 2481 Sane
1321 2450 1466 2480 eundem
1482 2450 1569 2479 huuc

871 2505 970 2536 Ennii
1003 2513 1134 2534 versum
1161 2503 1271 2532 Varro
1298 2500 1433 2531 videtur
1464 2501 1567 2529 addu—

870 2568 948 2589 cere
976 2557 1033 2589 lib.
1053 2566 1084 2587 v.
1100 2556 1141 2586 de
1160 2556 1196 2586 L.
1219 2555 1258 2586 L.
1283 2558 1291 2571 ‘
1308 2554 1474 2594 Spectare
1499 2552 1567 2582 dic-

872 2614 942 2640 tum
971 2607 1013 2639 ab
1038 2607 1152 2648 specio
1182 2606 1342 2646 antiquo:
1374 2613 1440 2644 quo
1467 2603 1567 2632 etiam

872 2659 999 2690 Ennius
1026 2667 1126 2688 usus:
1162 2657 1231 2687 Vos
1257 2655 1356 2695 epulo
1388 2659 1567 2694 postquam

871 2708 1006 2750 spexit.'
1050 2708 1106 2738 Ita
1130 2712 1166 2738 ut
1191 2715 1257 2736 non
1281 2706 1365 2734 male
1390 2704 1498 2744 quivis
1521 2704 1565 2733 le-

872 2759 1017 2801 gendum
1047 2762 1158 2799 putet,
1193 2757 1275 2792 Quos
1299 2756 1384 2796 epulo
1413 2758 1567 2795 postquam
