1876 3025
262 137 346 178 824

711 148 861 179 SEXTI
899 148 1097 178 POMPEH
1133 149 1269 180 FEST!

324 243 366 282 in
389 243 500 283 libro
524 243 661 296 primo
680 256 690 284 :
724 243 929 295 Virgines
951 255 1049 284 nam
1079 243 1162 284 sibi
1197 246 1386 299 quisque
1409 244 1527 285 domi
1548 243 1714 286 Rorna-

322 323 405 351 nus
438 311 570 352 habet
607 324 708 351 sas:
755 323 854 351 cum
892 323 997 350 suas
1036 312 1175 364 magis
1210 312 1413 353 videatur
1445 312 1715 365 significare:

326 380 455 420 sicuti
478 378 674 433 ejusdem
695 379 809 419 libro
837 376 1048 431 septimoi
1074 379 1300 421 fatendum
1332 386 1399 421 est
1428 393 1525 420 earn
1553 380 1718 433 signifi-

325 447 432 495 cari,
455 459 552 487 cum
577 447 667 486 ait:
700 445 797 486 Nec
813 449 847 474 ¹4
876 445 1112 498 quisquam
1134 446 1415 500 philosophia
1433 446 1590 501 (quam
1612 447 1719 487 doc-

325 514 523 554 trinam¹⁵
559 513 718 554 Latina
747 513 896 564 lingua
928 525 1015 552 non
1051 513 1200 563 habet,
1236 515 1455 568 sapientia
1491 527 1591 568 quae
1622 527 1719 568 per-

326 579 517 635 hibetur)
538 581 754 622 Insomnis
785 581 897 622 vidit
933 580 1072 633 prius,
1092 595 1225 635 quam
1253 595 1346 622 sam
1369 582 1541 624 discere
1568 583 1721 636 coepit.

328 648 455 699 Idem
477 662 576 689 cum
608 649 670 689 ait
700 661 878 701 sapsam
911 661 989 701 pro
1021 648 1139 702 ipsa,
1161 663 1241 691 nec
1263 649 1351 690 alia
1379 650 1507 703 ponit
1536 651 1581 690 in
1610 651 1720 691 libro

331 719 460 756 sexto
501 715 701 756 decimo:
747 715 849 765 Quo
886 728 953 755 res
995 729 1129 769 sapsa
1167 718 1266 758 loco
1305 731 1403 758 sese
1445 722 1723 771 ostentatque

325 784 541 838 jubetque
565 798 575 822 :
607 788 650 824 et
672 783 899 824 Pacuvius
928 784 973 823 in
1008 784 1209 826 Teucro:
1245 785 1362 827 Nam
1390 786 1610 827 Teucrum
1632 787 1724 840 regi

334 865 468 906 sapsa
480 865 549 892 res
570 852 817 893 restibiliet.

276 918 373 968 Sas,
410 932 528 959 suas.

590 919 791 960 Ennius:
824 919 1030 973 Virgines
1060 934 1159 961 nam
1194 921 1281 962 sibi
1318 923 1504 977 quisque
1546 923 1726 979 [PAUL.

334 986 451 1027 domi
482 986 714 1028 Romanus
744 987 874 1028 habet
904 1002 995 1029 sas.

1056 989 1176 1039 Sam,
1214 1004 1326 1031 eam.
1388 991 1510 1032 Idem
1535 991 1727 1031 Ennius:

336 1054 497 1108 Neque
534 1056 768 1110 quisquam
797 1056 1127 1111 philosophiam
1171 1058 1396 1099 insomnis
1437 1058 1548 1099 vidit
1587 1058 1728 1112 prius,

334 1136 467 1176 quam
490 1137 583 1164 sam
607 1123 778 1165 discere
811 1125 966 1178 coepit.

1027 1125 1187 1178 Sapsa‚
1210 1127 1325 1180 ipsa.

1389 1127 1513 1167 ldem
1536 1126 1728 1167 Ennius:

338 1190 442 1240 Quo
460 1205 529 1232 res
552 1205 685 1245 sapsa
703 1192 806 1233 loco
830 1207 930 1234 sese
953 1198 1223 1248 ostentatque
1238 1193 1447 1249 jubetque.

281 1258 469 1299 Saticula
487 1257 501 1280 ¹*
525 1260 724 1313 oppidum
746 1261 790 1301 in
806 1262 985 1302 Samnio
1001 1267 1184 1315 captum
1198 1268 1281 1313 est,
1305 1276 1392 1316 quo
1408 1269 1548 1316 postea
1571 1262 1731 1313 [FEST.

886 1393 1006 1404 ‘‘‘‘‘‘

1008 1392 1128 1404 eeeeee

329 1472 366 1500 14
392 1468 453 1499 Vir
477 1468 569 1501 doct.
598 1462 631 1501 if]
650 1480 755 1511 marg.
783 1470 836 1503 ed.
862 1471 950 1502 Scal.
977 1472 1067 1512 conj.
1097 1473 1303 1513 Neque—15
1330 1473 1406 1503 Vet.
1424 1471 1736 1512 co‹l.11hilosophiam

285 1522 352 1551 ‹121oe
367 1513 520 1543 doctrina.

938 1589 1082 1622 NOTAE

287 1651 401 1683 videre
431 1654 644 1694 sapientiam,
678 1656 755 1696 quin
788 1666 861 1687 eam
891 1656 984 1697 prius

287 1703 458 1735 didicerit.
505 1705 581 1736 Hoc
604 1707 691 1737 enim
716 1707 919 1738 naturaliter
937 1707 985 1747 fit,

287 1758 324 1784 ut
355 1763 428 1794 quae
460 1755 658 1795 quotidiano
698 1767 755 1788 usu
789 1763 986 1795 tractamus,

288 1813 328 1834 ea
352 1814 441 1845 saepe
470 1807 502 1836 iu
532 1807 656 1838 somnis
680 1808 853 1848 imaginari
880 1809 985 1839 solea-

288 1865 373 1886 mus.
397 1858 466 1887 Jos.
485 1857 569 1889 Scal.

332 1907 339 1926 ἰ
362 1907 466 1939 Sicuti
488 1909 621 1946 (jusdem
647 1911 723 1941 libro
749 1912 894 1952 septimo]
921 1912 987 1941 En-

291 1958 365 1988 nius
396 1959 467 1988 sine
496 1959 598 1989 dubio
626 1961 676 1990 liis
704 1961 858 1991 versibus
884 1962 987 1992 tacite

292 2008 580 2039 obtrectatoribus
612 2011 679 2041 suis
705 2011 899 2050 respondet,
931 2011 988 2051 qui

293 2063 432 2098 propter
448 2059 607 2091 invidiam
634 2060 707 2100 ejus
732 2061 889 2100 po'e'mata
917 2067 987 2092 tan-

294 2119 391 2149 quam
409 2119 474 2140 non
492 2110 579 2140 domi
599 2111 757 2146 nata,se‹l
771 2112 812 2142 ab
827 2112 988 2148 Homero,

295 2160 351 2200 qui
365 2160 410 2190 illi
423 2161 453 2190 in
469 2162 591 2192 somnis
602 2163 993 2202 apparuerat,desun›ta,

295 2211 495 2250 carpebant.
527 2212 648 2251 Nemo,
665 2213 787 2254 inquit,
802 2214 946 2245 somniat
959 2225 994 2245 se

295 2261 413 2292 videre
430 2262 644 2302 sapientiam,
658 2264 737 2305 quin
752 2274 823 2295 eam
838 2265 927 2305 prius
944 2265 994 2295 di-

297 2312 431 2342 dicerit.
482 2312 556 2343 Hoc
574 2314 661 2344 enim
679 2315 879 2345 naturaliter
895 2315 944 2354 tit,
958 2320 995 2346 ut

298 2372 374 2403 quae
411 2364 606 2403 quotidiano
637 2374 697 2394 usu
729 2369 929 2406 tractamus,
956 2376 994 2396 ea

300 2423 392 2453 saepe
416 2415 448 2443 in
470 2414 592 2445 somnis
616 2415 792 2455 imaginari
819 2417 994 2447 soleamus.

300 2463 400 2494 Unde
419 2465 592 2504 eleganter
608 2466 698 2505 apud
713 2466 845 2497 Attium
863 2467 893 2497 in
912 2468 995 2498 Bru-

301 2523 349 2547 to.
393 2515 500 2550 ‘Rex‚
538 2526 613 2556 quae
653 2517 684 2546 in
724 2516 793 2548 vita
833 2524 997 2558 usurpant

300 2567 465 2601 homines,
500 2567 665 2606 cogitant,
694 2568 836 2604 coirant,
869 2569 996 2599 vident.

302 2618 458 2658 Quaeque
472 2623 577 2657 agunt
589 2618 999 2661 vigilantes,agitantque,

303 2677 344 2697 ea
360 2668 385 2697 si
402 2668 479 2709 quoi
502 2670 532 2698 in
556 2678 673 2701 somno
696 2670 869 2711 accidunt,
884 2672 997 2703 Minus

304 2718 423 2749 mirum
441 2719 518 2751 est!
542 2720 622 2751 Duc.

1081 1655 1094 1675 Ι(
1113 1656 1183 1687 Sati
1200 1679 1207 1687 .
1225 1679 1232 1687 .
1251 1679 1258 1686 .
1277 1657 1302 1696 .]
1347 1656 1530 1687 Saticulam
1555 1654 1737 1686 deductam

1040 1716 1115 1737 esse
1137 1708 1303 1738 coloniam
1332 1707 1533 1738 paterculus
1558 1704 1672 1736 scribit
1699 1705 1739 1735 li·

1040 1757 1100 1788 bro
1117 1758 1241 1798 priore.
1269 1757 1383 1788 Livius
1399 1766 1532 1798 quoque
1545 1755 1602 1786 lib.
1618 1764 1740 1786 xxvu.

1041 1809 1253 1839 Saticulanos
1278 1808 1366 1839 inter
1392 1808 1529 1838 colonos
1552 1806 1671 1836 fideles
1688 1807 1740 1836 18.

1042 1860 1248 1890 coloniarum
1266 1863 1456 1889 enumerat.
1492 1858 1547 1888 De
1562 1857 1623 1887 bae
1639 1856 1743 1896 igitur

1043 1910 1136 1940 Festi
1177 1909 1280 1939 verba
1319 1908 1511 1947 intelligere
1555 1915 1741 1947 possumus.

1043 1961 1192 1990 Saticula
1215 1959 1376 1999 oppidum
1401 1960 1432 1988 in
1449 1957 1587 1989 Samnio
1605 1961 1742 1996 captum

1045 2017 1110 2049 est,
1124 2022 1190 2053 quo
1205 2018 1321 2051 postea
1335 2010 1498 2041 coloniam
1517 2009 1741 2043 deduxerunt,

1045 2066 1108 2094 &a
1139 2065 1173 2094 L.
1192 2063 1331 2103 Papirio
1349 2063 1508 2098 Cursore,
1525 2060 1566 2090 V.
1584 2060 1622 2090 C.
1641 2059 1743 2091 Junio

1046 2116 1154 2145 Bruto
1173 2123 1212 2145 ιι.
1231 2114 1308 2145 Cos.
1324 2123 1411 2144 auno
1437 2116 1512 2152 post
1530 2111 1570 2142 R.
1589 2111 1626 2141 C.
1641 2118 1745 2141 cnxr..

1049 2175 1089 2195 ex
1107 2164 1204 2195 fastis
1221 2164 1435 2204 Capitolinis
1460 2163 1534 2193 Ani.
1551 2160 1637 2199 Aug.

1093 2216 1249 2255 Saticula]
1278 2214 1450 2245 Patercul.
1471 2213 1529 2243 lib.
1553 2221 1578 2243 1.
1602 2221 1676 2250 cap.
1697 2213 1747 2242 14.

1047 2266 1055 2282 ‘
1070 2265 1328 2306 Insequentibus
1340 2264 1570 2300 consulibus,a
1582 2262 1638 2300 Sp.
1652 2261 1749 2291 Post-

1049 2317 1151 2354 umio,
1183 2317 1324 2347 Philone
1363 2314 1510 2346 Publilio
1545 2312 1747 2345 Censoribus

1049 2368 1231 2398 Acerranis
1248 2367 1328 2397 data
1344 2365 1484 2402 Civitas,
1501 2369 1536 2394 ct
1554 2368 1629 2403 post
1645 2363 1748 2393 trien-

1051 2419 1139 2448 nium
1169 2418 1388 2447 Terracinam
1420 2415 1571 2445 deducta
1602 2414 1748 2444 colonia.

1052 2471 1325 2510 Interpositoque
1339 2464 1751 2510 quadriennio‚Luceria,'

1051 2522 1186 2563 (melius
1205 2520 1383 2557 Luceriam)
1407 2526 1467 2549 ‘ac
1494 2517 1617 2549 deinde
1644 2517 1749 2548 inter-

1049 2572 1145 2611 jecto
1177 2571 1335 2608 triennio,
1361 2571 1484 2601 Suessa
1509 2569 1690 2606 Aurunca3
1714 2572 1751 2598 et

1052 2622 1202 2652 Saticula
1214 2621 1479 2660 Interamnaque
1494 2619 1501 2631 ’
1515 2619 1651 2659 (melius
1665 2629 1672 2648 ;
1691 2617 1750 2649 Su·

1053 2682 1150 2704 essum
1161 2673 1352 2710 Auruncum,
1362 2674 1391 2701 et
1404 2670 1587 2709 Saticulam,
1598 2669 1751 2699 Interam-

1054 2722 1200 2764 namque)
1230 2723 1238 2739 ‘
1256 2727 1332 2762 post
1361 2719 1554 2752 biennium)
1599 2718 1687 2750 Vide
1715 2723 1750 2750 et
