1876 3025
279 181 342 212 DE
375 177 648 209 VERBORUM
682 172 1098 206 SIGNIFICATIONE
1132 172 1227 201 Llss.
1261 169 1414 201 XVIlI.

1488 157 1573 201 971

178 282 222 319 et
243 280 392 331 sparto
413 275 568 316 leviter
589 276 717 314 tortae
738 277 875 320 restes,
899 276 935 310 et
956 267 1098 324 quibus
1112 272 1144 299 ¹9
1154 265 1283 322 funes
1303 264 1426 306 fiunt.
1486 264 1576 304 Lu-

178 345 330 387 cilius:
361 343 580 385 Videmus
601 341 781 381 vinctum
808 337 991 379 Thonzice
1012 336 1223 378 cabina.²0
1283 332 1463 387 Opilius
1484 332 1578 372 Au-

179 412 306 454 relius
327 411 387 452 az‘t
407 408 568 451 mollem
589 408 838 462 pulvillum,
868 418 994 460 quem
1017 405 1063 445 in
1084 401 1183 444 collo
1204 400 1367 451 liabent,
1392 399 1508 440 restis
1529 412 1578 438 ne

181 479 330 529 Zaedat,
352 479 561 520 tomicem
590 474 772 516 vocari.¹

125 548 337 589 Thraeces
355 551 371 569 ²
384 552 401 577 P
424 545 694 600 gladiatores
710 557 736 585 a
753 540 1037 583 similitudine
1054 539 1349 595 palmularum
1366 543 1377 567 ³
1401 536 1457 587 [P
1466 546 1528 577 AU
1541 546 1579 575 L<

183 615 485 656 Thraciarum.

125 683 409 724 Throcum4q
430 693 568 734 genus
591 679 714 721 sellae
736 678 922 719 habetur
945 675 1065 729 apud
1089 674 1311 715 Plautum.

128 751 422 805 Thymbraeus
437 754 450 771 f
467 748 634 802 Apollo
655 760 683 788 a
709 750 854 787 monte
874 744 1142 798 Thymbraeo
1166 742 1328 792 dictus,
1349 740 1425 795 qui
1446 742 1519 780 est
1539 737 1586 778 in

188 832 292 872 agro
312 818 524 872 Trojano.

130 886 440 940 Thymbraeum
460 883 715 939 Apollinem
733 880 948 934 Virgilius
979 893 1006 921 a
1036 885 1187 921 monte
1207 878 1375 932 Thym·
1419 874 1587 930 [FEs'lu

190 955 310 995 braeo
333 951 594 1007 appellavit,
617 950 692 1005 qui
714 953 779 991 est
798 949 842 989 in
865 961 970 1001 agro
990 947 1195 1002 Trojano.

747 1068 962 1082 mOOO‘O‘OO
967 1068 984 1080 O

182 1153 222 1182 19
235 1149 298 1181 Ed.
316 1149 404 1181 Scal.
420 1148 673 1189 exquibus.—20
686 1146 773 1178 Vide
792 1147 902 1179 Notas
915 1145 1079 1177 infra.—l
1097 1145 1160 1176 Ed.
1176 1144 1264 1176 Scal.
1284 1149 1291 1161 ‘
1308 1143 1466 1174 tomicem
1483 1141 1594 1172 vocari

140 1211 584 1225 .........
588 1190 662 1222 ’—2
686 1191 786 1222 Malit
812 1191 900 1222 Dac.
918 1190 1125 1221 Threces.—3
1150 1189 1211 1219 Vir
1238 1187 1332 1218 doct.
1356 1187 1388 1217 in
1411 1193 1516 1225 marg.
1541 1183 1597 1215 ed.

139 1236 226 1267 Scal.
256 1236 396 1276 conjicit
418 1235 641 1275 parmularum.
684 1235 764 1265 Vet.
793 1233 869 1265 cod.
899 1234 1173 1273 parvularum—4
1212 1230 1292 1262 Vet.
1321 1229 1398 1261 cod.
1432 1228 1596 1259 Trachum

141 1279 340 1321 Legendum
357 1284 472 1310 monet
489 1279 576 1309 Dac.
596 1278 761 1312 Tlironum,
779 1277 850 1308 sive
870 1277 1014 1307 Thocum.

798 1396 942 1429 NOTAE

143 1480 190 1510 to,
213 1474 349 1505 indimus
373 1473 418 1505 eis
435 1473 562 1505 tomices
577 1474 754 1504 canabinas.
775 1473 842 1504 Re-

897 1472 971 1503 relii
1007 1471 1214 1503 sententiam
1253 1475 1390 1502 secutus
1423 1469 1601 1500 Perottus.

142 1526 236 1566 liqua
249 1524 371 1556 suntin
385 1523 557 1564 Epitoma.
596 1524 757 1556 Graecum
770 1533 843 1555 esse
896 1523 963 1555 Sed
987 1523 1074 1553 male
1100 1522 1244 1553 tomz‘cum
1261 1525 1359 1552 vocat
1375 1531 1382 1550 :
1408 1520 1417 1536 ‘
1436 1517 1603 1557 tomicus,’

146 1575 206 1615 ait,
219 1574 372 1614 θώμιγγες
393 1574 537 1607 scilicet.
582 1575 731 1607 Veteres
753 1575 844 1607 dice-

145 1626 231 1658 bant
254 1625 417 1657 tumiculas
434 1630 468 1657 et
484 1626 637 1657 tumiclas.
683 1626 848 1667 Apuleius

145 1678 233 1708 libro
246 1686 327 1708 vui.
351 1680 359 1693 ‘
378 1678 422 1708 Et
439 1676 517 1707 ilico
531 1687 583 1707 me
600 1677 739 1708 tumicla
755 1687 848 1718 spar-

147 1732 203 1759 tea
217 1727 402 1768 deligatum
420 1727 563 1759 tradidit
585 1727 751 1759 Philebo.'
794 1727 850 1758 Ita

148 1778 344 1819 legendum,
361 1788 437 1813 non,
451 1783 488 1809 ut
504 1779 616 1819 vulgo,
631 1779 750 1810 tumida
765 1789 851 1819 spar-

149 1834 218 1861 tea:
243 1840 319 1861 nam
346 1833 454 1860 tumex
478 1830 602 1871 potius,
625 1840 723 1870 quam
750 1834 852 1861 tomen:

151 1880 321 1911 dicebant.
351 1880 493 1911 Plautus
509 1881 723 1913 Mercatore:
740 1881 749 1896 ‘
764 1880 852 1913 Quia

151 1932 316 1972 negotiosi
334 1941 467 1962 eramus
480 1941 541 1962 nos
555 1932 680 1963 nostris
698 1932 854 1972 negotiis,

153 1982 383 2014 Armamentis
420 1982 678 2023 complicandis,
716 1993 854 2024 compo-

152 2032 272 2064 nendis
307 2032 511 2064 numinibus?
556 2034 650 2065 Male
687 2034 787 2065 hodie
822 2034 854 2065 in

154 2083 292 2123 Plauto,
316 2085 530 2124 componendis
554 2085 742 2116 studuimus.
787 2085 855 2117 Sed

155 2134 199 2165 de
216 2144 256 2165 eo
283 2135 428 2176 amplius
453 2135 486 2166 iu
509 2134 659 2166 editione
684 2135 856 2167 Plautina.

159 2185 271 2216 Etiam
303 2185 462 2216 tumicem
489 2194 552 2226 pro
581 2185 692 2217 vibice
716 2195 858 2226 usurpa-

160 2235 253 2266 bant.
276 2234 506 2266 Glossarium:
542 2239 550 2253 ‘
567 2236 708 2273 Tmnex,
734 2235 859 2275 σμῶδιξ,

159 2284 330 2323 αἱματώδης
344 2283 462 2316 ron-os!
505 2285 571 2316 Sed
595 2291 677 2318 tune
703 2288 860 2318 Latinum

160 2340 224 2374 est,
239 2346 258 2366 a
274 2337 418 2367 tumendo
436 2336 582 2369 scilicet.
604 2339 675 2369 Jos.
691 2338 776 2369 Scal-

205 2387 379 2428 Tltomices]
406 2387 539 2418 Thomz'x
561 2399 579 2420 a
604 2389 727 2421 Graeco
749 2390 863 2429 θώμνγξ

164 2437 253 2479 quod
276 2437 467 2477 Hesychius
484 2439 732 2479 interpretatur
747 2441 867 2472 λεπτὸν

165 2486 315 2528 σχοινίον,
342 2488 533 2520 ‘minutum
559 2488 700 2522 funem:
732 2492 866 2523 Vitruv.

164 2540 225 2570 lib.
241 2547 307 2570 vu.
334 2548 410 2578 cap.
426 2540 458 2570 3.
491 2540 501 2556 ⁶
519 2540 659 2571 Toinice
681 2551 724 2572 ex
751 2547 868 2583 sparto

166 2589 358 2631 Hispanico
390 2589 600 2629 religentur!
646 2592 712 2622 Sed
749 2593 869 2624 melius

170 2641 314 2673 Thomice
326 2650 402 2671 cum
416 2641 635 2680 aspiratione.
679 2643 791 2675 Locus
806 2645 870 2676 Lu-

171 2692 240 2724 cilii
278 2691 327 2723 sic
363 2691 585 2731 corrigendus
622 2698 688 2733 est,
730 2694 871 2725 Vidimus

171 2743 309 2775 vinctum
323 2741 454 2773 thomice
468 2741 633 2775 canabina.
678 2744 787 2785 Opilii
804 2744 870 2776 Au·

900 1573 1024 1615 inquit,
1054 1573 1175 1604 ‘restis
1198 1583 1216 1604 e
1241 1572 1370 1604 canabo
1399 1570 1469 1602 sive
1487 1573 1604 1609 sparto

901 1626 1025 1657 leviter
1044 1629 1148 1664 torta,
1163 1624 1234 1655 sive
1244 1622 1403 1664 pulvillus
1414 1618 1540 1661 apponi
1553 1627 1604 1649 so-

903 1676 981 1707 litus
997 1684 1016 1706 e
1036 1674 1172 1706 conciso
1190 1681 1377 1705 cannarum
1394 1668 1549 1705 cannabi,
1562 1677 1607 1699 ne

904 1726 1001 1758 restis
1018 1724 1185 1757 laedatur.’
1230 1723 1320 1755 Illud
1343 1722 1444 1753 etiam
1462 1720 1610 1751 interest

905 1777 994 1819 qnod
1010 1778 1174 1808 Perottus
1188 1774 1364 1816 pulvillum
1378 1770 1542 1811 intelligit
1557 1769 1608 1801 fu—

906 1828 1005 1859 nibus
1021 1827 1266 1859 circumdatum
1290 1834 1333 1856 ne
1348 1821 1525 1864 frequenti
1541 1821 1611 1852 col-

906 1880 1027 1911 lisione
1056 1877 1235 1917 laedantur,
1258 1875 1417 1907 Aurelius
1441 1882 1521 1904 vero
1538 1871 1612 1913 pul-

908 1930 1022 1961 villum
1040 1938 1139 1970 quem
1156 1928 1189 1958 in
1204 1927 1292 1959 collo
1315 1928 1446 1967 ponunt
1463 1921 1614 1954 animali-

910 1981 986 2020 bus,
1001 1990 1042 2011 ne
1061 1984 1151 2010 reste
1168 1978 1323 2009 laedatur.
1347 1977 1428 2007 Dae.

952 2035 968 2056 Ρ
993 2029 1153 2070 Throeces]
1177 2028 1297 2059 Malim
1317 2027 1459 2059 Threces,
1503 2025 1550 2057 Et
1570 2023 1613 2055 ab

910 2082 1012 2114 armis
1030 2081 1140 2112 dictos
1163 2080 1310 2111 Threces
1335 2076 1540 2118 gladiatores
1568 2075 1617 2105 ait

913 2133 992 2174 quia
1019 2141 1157 2173 parmis,
1181 2128 1327 2161 Thracia
1354 2136 1457 2158 arma.
1503 2125 1616 2158 Gloss„

912 2185 922 2201 ‘
939 2184 1071 2222 Parma,
1087 2180 1238 2222 Θρακικὺν
1252 2177 1372 2210 ὅπλον.’
1415 2175 1484 2208 Sed
1502 2174 1614 2217 potius

915 2234 964 2265 sic
974 2233 1072 2273 dicti,
1086 2233 1164 2273 quia
1177 2231 1276 2272 primi
1290 2239 1332 2260 ex
1344 2238 1385 2259 ea
1395 2231 1497 2269 gente
1509 2230 1620 2258 erant.

917 2285 1015 2316 Idem.

959 2341 973 2361 q
1002 2329 1165 2371 Thracum]
1187 2331 1279 2371 Lege
1307 2330 1475 2368 Tlironum,
1499 2331 1539 2358 ut
1563 2326 1620 2357 ha—

916 2385 1000 2416 bent
1035 2382 1174 2424 quidam
1214 2380 1313 2412 codd.
1348 2379 1515 2414 Thronus,
1552 2376 1622 2416 θρό-

921 2447 983 2471 νος,
1006 2434 1111 2465 Sella.
1156 2433 1234 2463 Sive
1256 2431 1368 2472 potius
1386 2430 1523 2460 Thocum
1545 2437 1623 2459 cum

923 2486 1087 2525 Meursio,
1098 2495 1117 2516 a
1130 2484 1255 2516 Graeco
1271 2484 1377 2513 θῶκος.
1403 2480 1501 2512 Suid.
1516 2480 1624 2518 θῶκος,

922 2536 1038 2579 θρόνος,
1055 2535 1195 2576 καθέδρα.
1212 2534 1311 2566 Idem.

965 2592 977 2607 ¹·
1001 2585 1215 2628 Thymbroeus]
1253 2583 1373 2615 Potius
1401 2592 1419 2612 a
1441 2580 1626 2621 Thymbra,

926 2638 1008 2669 urbe
1035 2636 1192 2671 Troadis,
1229 2633 1385 2665 Eustatb.
1421 2633 1454 2663 in
1485 2630 1629 2662 Homer.

927 2688 1018 2720 Vide
1034 2687 1188 2727 Hesych.
1204 2685 1238 2716 in
1255 2683 1384 2723 θύμβρα.
1422 2682 1532 2713 Locus
1549 2680 1628 2712 Vir-

927 2741 1011 2783 gilii,
1027 2748 1126 2782 quem
1144 2738 1265 2770 Festus
1281 2733 1453 2775 iutelligit,
1470 2736 1524 2765 est
1539 2741 1557 2765 e
1570 2740 1627 2765 ιιι.
