1876 3025
636 161 1008 192 FRAGMENTUM.
1433 151 1538 191 lio?

94 267 186 296 rem
225 255 417 297 divinam
452 255 712 298 faciendam.
773 257 918 297 AElius
950 256 1136 306 dubitat,
1168 268 1224 296 an
1257 269 1311 296 ea
1342 257 1410 302 sit>
1442 270 1543 309 quae

97 323 273 376 prolata
310 324 355 364 in
394 329 585 377 segetem
615 324 788 364 domum
826 324 1047 373 referatur,
1083 338 1138 365 an
1167 338 1267 378 quae
1301 324 1546 376 refrigatur,

98 390 217 444 quod
239 395 319 439 est,
352 396 590 433 torreatur:
625 392 702 432 sed
727 392 976 445 opinionem
1001 392 1125 433 Cinci
1148 392 1343 446 adjuvat,
1367 391 1479 445 quod
1500 392 1546 432 in

100 458 331 501 sacrificiis
362 461 571 513 publicis,
596 473 695 500 cum
723 460 822 513 puls
845 459 1000 501 sabata
1028 460 1113 500 Dis
1135 460 1278 508 datur,
1300 460 1547 500 nominatur

98 526 272 568 refriva·
331 527 560 577 Remeare,
581 529 748 569 redire:
775 531 822 568 ut
844 541 1105 577 commeare,
1126 528 1257 578 ultro,
1279 528 1388 568 citro
1404 531 1436 550 ¹²
1457 527 1517 566 ire
1536 539 1546 567 ε

100 593 215 636 uude
231 599 501 636 commeatus
523 595 617 637 dari
638 596 812 644 dicitur,
836 595 881 635 id
905 599 986 645 est,
1005 599 1192 648 tempus,
1210 595 1393 649 quoire,
1411 594 1548 635 redire

101 666 240 702 cum¹³
264 663 421 716 possit.
481 662 694 704 Afranius
730 665 796 713 (ut
816 663 860 702 in
880 676 932 703 ea
956 664 1231 716 mancipato:
1248 667 1282 693 ¹4
1300 661 1459 704 Vetuit
1478 674 1549 702 me

102 730 194 769 sine
210 730 410 771 mercede
433 744 611 785 prosum
634 732 823 784 paucius
839 735 870 760 ¹⁵
892 744 1084 772 remeare
1098 732 1141 772 in
1157 731 1325 773 ludum.
1386 730 1552 772 Reme-

100 796 291 848 ligens,¹⁶
312 802 358 838 et
371 811 556 839 remorae
578 798 863 841 memorando
880 804 911 829 ¹⁷
940 798 1071 841 dictae
1093 799 1253 840 suntin
1269 798 1301 822 ¹8
1325 798 1486 841 Plauto
1506 797 1553 838 in

103 864 265 905 Patina
288 878 298 906 :
340 865 460 907 Nam
493 866 598 919 quid
630 867 719 907 illae
744 880 857 907 nunc
879 871 969 907 tam
991 866 1206 908 divinitus
1222 872 1256 898 ¹9
1286 869 1554 908 remorantur

103 932 408 985 remeligines:
441 934 497 974 ab
521 932 706 974 Afranio
732 934 773 974 in
808 934 1015 975 Prodito:
1049 933 1282 987 Remeligo
1308 947 1336 975 a
1363 934 1553 975 Laribus

103 998 241 1039 missa
261 1011 356 1039 sum
373 1000 538 1050 hanc,20
557 1014 655 1054 quae
678 1014 849 1042 cursum
869 1001 959 1056 [86]
981 1001 1199 1042 cohibeam
1216 1001 1344 1043 navis,
1406 999 1556 1041 Remo-

104 1079 151 1104 ra
166 1064 182 1087 ¹²
202 1065 307 1106 alias
328 1067 502 1107 tarditas
522 1070 754 1114 rimantur,¹
778 1068 829 1108 ab
850 1083 892 1109 eo
914 1069 1023 1123 quod
1042 1083 1197 1110 moram
1203 1068 1332 1125 facit.
1373 1066 1556 1109 Plautus

110 1131 316 1174 Trininno
331 1139 361 1176 :2
406 1133 506 1178 Qua:
527 1136 569 1176 in
591 1136 707 1176 rebus
730 1136 870 1176 multis
892 1136 1065 1188 obstant,
1083 1137 1277 1192 odiosaeq.
1301 1143 1414 1186 sunt,
1431 1148 1558 1175 remo-

106 1215 273 1256 ramque
293 1202 468 1257 faciant
501 1204 561 1244 rei
582 1204 775 1258 privatce,
804 1211 843 1245 et
866 1206 1058 1259 publicae.
1122 1204 1335 1246 Lucilius:
1362 1202 1559 1247 Quaenam

105 1283 182 1308 voa*
218 1283 265 1309 ea:
297 1277 335 1311 te
369 1285 557 1312 resonans
589 1284 686 1312 meo
715 1270 845 1324 gradu
878 1286 1076 1313 remoram
1090 1271 1220 1327 facit.
1281 1267 1560 1312 Remurinusi

106 1350 205 1391 ager
233 1337 397 1388 dictus,
420 1339 518 1393 quia
542 1354 744 1393 possessus
777 1346 832 1379 est
864 1355 888 1380 a
922 1338 1075 1379 Remo:
1115 1346 1153 1380 et
1186 1338 1389 1379 hahitatio
1425 1336 1560 1387 Remi,

107 1403 317 1445 Remuria
340 1406 434 1446 item
456 1406 499 1446 in
521 1406 726 1447 Aventino
748 1407 856 1447 (licta
874 1423 886 1445 .·
924 1422 1092 1462 namque
1122 1406 1394 1455 Aventinum,
1416 1406 1460 1445 in
1481 1419 1560 1460 quo

108 1470 328 1524 habitaret,
350 1473 509 1529 elegisse
534 1473 707 1515 Remum
731 1475 887 1517 dicant.
955 1474 1068 1515 Unde
1090 1475 1313 1516 vocitatam
1334 1473 1451 1514 aiant
1475 1470 1561 1513 Re-

109 1537 300 1590 murium,
324 1539 452 1581 locum
470 1541 512 1581 in
533 1556 684 1582 summo
707 1542 927 1592 Aventino,
948 1542 1020 1582 aba·
1041 1543 1093 1582 de
1119 1544 1221 1583 urbe
1241 1540 1446 1582 condenda
1457 1540 1562 1594 sue-

111 1612 179 1645 rat
200 1606 462 1660 auspicatus:
489 1607 592 1648 alias
616 1608 864 1650 Remorum³
890 1610 1095 1663 quondam
1117 1624 1205 1650 eam
1229 1610 1355 1650 locum
1378 1607 1562 1663 appella·

112 1672 342 1727 tamfaisse
461 1705 470 1714 .
591 1707 599 1716 .
716 1677 839 1717 testis
861 1682 930 1717 est

115 1737 306 1781 Remores
326 1742 433 1783 item
455 1743 499 1783 in
521 1742 714 1797 uspa'ci04
747 1757 839 1784 aves
866 1743 1071 1795 dicuntur,
1093 1759 1179 1799 qzcae
1200 1750 1388 1786 actarum
1405 1742 1566 1799 aliquid

112 1809 323 1849 remorari
352 1809 591 1864 compellunt
724 1842 733 1850 .
851 1842 859 1850 .
980 1843 989 1851 .
1107 1843 1117 1852 .
1234 1810 1415 1862 Rimari,
1444 1824 1564 1865 quae·

113 1889 202 1915 rere
222 1875 356 1925 valde,
378 1887 421 1917 at
439 1877 481 1917 in
502 1878 614 1918 rimis
632 1892 754 1933 quoq.
846 1910 853 1918 2
975 1908 984 1917 .
1102 1910 1110 1918 .
1226 1880 1302 1934 qui
1323 1883 1364 1921 te
1384 1879 1564 1921 rimatur

787 1945 953 1987 Ennius
974 1946 1050 1986 lib.
1076 1957 1146 1986 XI.

372 2013 500 2067 viriq.
561 2012 790 2054 Remillam
811 2013 978 2063 dicitur,
999 2014 1117 2068 quasi
1136 2012 1358 2068 repandum
1555 2048 1566 2060 ,

117 2078 317 2119 Lucilius
348 2080 471 2123 Suda
615 2112 624 2122 0
743 2112 752 2122 .
872 2111 881 2120 .
1001 2112 1011 2123 .
1130 2111 1140 2122 .
1275 2082 1493 2124 remilium
1521 2085 1566 2121 et

118 2144 317 2186 Afranius
338 2146 379 2186 in
488 2180 496 2188 ‚
615 2177 625 2187 .
746 2179 755 2190 .
871 2149 1102 2189 coxendice
1118 2162 1297 2203 pergam

726 2268 821 2281 000‘!
827 2269 900 2281 ‘Oe‘
910 2269 961 2281 ἅθ’

166 2356 204 2384 12
228 2352 251 2385 f.
266 2354 373 2393 citroq.
378 2358 459 2385 —13
484 2354 508 2385 f.
524 2356 654 2396 redireq.
656 2360 739 2388 —11
763 2356 785 2389 f.
801 2358 833 2388 in
852 2358 1068 2397 Emancipato,
1072 2361 1153 2388 —15
1180 2356 1204 2388 f
1231 2357 1374 2395 Paccius,
1402 2356 1454 2386 vel
1482 2355 1568 2386 Pau-

122 2397 198 2426 cius.
202 2400 284 2427 —16
307 2396 330 2426 f.
352 2398 574 2436 Mnuligenes.
580 2402 659 2429 —17
687 2398 957 2431 f.anz01‘.—ando
964 2404 1001 2431 1]
1025 2400 1048 2430 f.
1066 2411 1137 2431 a.—
1100 2403 1181 2431 —10
1204 2399 1227 2429 f.
1246 2401 1364 2430 tamdiu
1385 2400 1480 2429 intus
1483 2400 1568 2428 ——20

121 2438 145 2468 f.
170 2442 276 2469 [mc.—
284 2442 295 2469 1
322 2438 347 2470 f.
365 2441 540 2471 nominatur
541 2444 613 2472 .-2
637 2441 661 2473 f.
681 2443 869 2474 Trinummo.
874 2446 934 2474 —3
960 2443 983 2475 f.
1001 2443 1177 2474 R'emotium
1194 2444 1245 2474 vel
1266 2443 1455 2473 Remoninm.
1460 2443 1519 2471 -4
1544 2439 1568 2471 f.

125 2482 275 2522 auspicio.

166 2620 182 2640 h
207 2622 355 2663 Remora]
383 2623 501 2654 Lucilii
531 2633 661 2655 versum
688 2626 817 2664 accepi·
875 2625 1084 2656 restituimus
1101 2635 1141 2655 ex
1155 2625 1358 2655 Trinummo.

126 2681 199 2702 mus
226 2681 267 2702 ex
295 2673 453 2711 epitoma.
500 2673 705 2713 Plautinum,
723 2675 819 2714 cujus
916 2675 923 2695 ί
948 2675 1151 2715 Remurinus]
1184 2675 1359 2705 Vidn—udus
1385 2669 1571 2712 Blouysius

126 2721 182 2751 vix
198 2723 408 2763 apparebant
422 2723 565 2764 vestigia
578 2724 611 2755 in
622 2723 821 2765 fragmento,
877 2725 933 2756 lib.
948 2735 972 2756 1.
987 2730 1021 2758 et
1039 2725 1239 2757 Plutarchus
1255 2726 1288 2755 iu
1306 2723 1458 2754 Romulo.
