1876 3025
266 183 351 224 694

730 193 877 224 SEXTI
914 193 1116 223 POMPEll
1152 194 1288 224 FESTI

325 291 517 344 speciem
557 290 831 344 quadratam.
891 288 1000 343 Ejus
1041 289 1129 330 loci
1166 289 1335 331 Ennius
1371 290 1581 341 meminit,
1619 304 1718 333 cum

326 357 416 399 ait:
451 357 508 398 Et
528 358 628 412 quis
649 358 880 398 extiterat³
899 362 914 379 ⁰
936 356 1096 397 Romae
1114 370 1295 410 regnare
1317 358 1559 412 quadratae.

876 476 996 489 ΟΜ

312 557 330 585 3
356 555 433 586 Vet.
450 553 526 586 cod.
544 558 671 586 esterat.
708 553 798 585 Vide
817 554 939 587 Notas.

998 476 1114 489 Ome

925 661 955 693 N
962 659 1064 692 OTAE

264 737 399 781 judicio
424 738 645 777 remisissent,
669 738 909 770 addicentibus
934 743 970 769 et

269 789 465 821 faventibus
481 789 625 820 Romulo
643 788 775 828 avibus,
789 789 970 833 coepitsille

270 841 401 871 sulcum
434 840 558 871 ducere
602 839 674 870 urbi
710 839 970 870 constituendae.

271 891 447 922 Plutarch.
496 890 556 921 Καὶ
581 891 636 921 τοῦ
659 891 817 929 Ῥωμύλου
852 890 972 931 τάφρον

269 941 465 982 ὀρύττοντος,
480 939 500 983 ᾗ
514 941 551 972 τὸ
566 943 674 981 τεῖχος
688 941 802 980 ἔμελλε
819 943 971 974 κυκλοῦσ-

268 995 329 1032 Θαι,
345 994 362 1022 ὃ
381 993 495 1031 ‘Paucos
515 993 556 1024 τὰ
575 992 633 1032 μὲν
660 993 818 1034 ἐχλεύαζε
839 995 900 1025 τῶν
926 994 973 1034 ἔρ-

272 1054 350 1082 γων,
371 1049 380 1063 ‘
394 1045 438 1075 Et
455 1054 531 1075 cum
551 1045 710 1076 Romulus
732 1044 854 1076 fossam
878 1045 973 1077 fode·

270 1099 324 1125 ret
340 1105 405 1135 qua
421 1105 552 1126 murum
572 1095 868 1127 circumducturus
888 1101 973 1132 erat,

270 1144 434 1175 Romulus
452 1145 621 1185 irridens,'
646 1148 709 1177 ἃς.
747 1147 825 1178 Scio
842 1147 973 1178 Livium

271 1195 423 1226 scribere
463 1195 522 1227 lib.
554 1206 579 1227 1.
615 1197 624 1213 ‘
638 1196 830 1227 Palatinum
861 1207 880 1228 a
907 1197 972 1228 Ro-

270 1246 362 1276 mulo
388 1245 545 1286 primum,
564 1246 596 1277 in
618 1256 684 1287 quo
710 1247 782 1287 ipse
809 1247 973 1278 educatus

271 1301 359 1335 erat,
387 1296 551 1327 numitum
582 1296 710 1327 fuisse.’
754 1296 822 1328 Sed
854 1297 976 1328 intelli·

272 1356 354 1386 gere
380 1347 471 1377 illum
498 1352 580 1388 puto
603 1347 645 1378 de
673 1349 780 1379 Roma
808 1348 975 1389 quadrata

272 1406 372 1437 quam
390 1397 423 1428 in
440 1399 497 1429 illo
513 1404 626 1429 monte
640 1398 837 1435 aedificavit,
851 1400 974 1431 nonde

273 1447 358 1479 urbe
390 1458 479 1479 nova
514 1449 632 1485 Roma,
669 1459 769 1490 quam
799 1449 975 1490 auspicato

274 1503 394 1538 postea
428 1498 593 1535 condidit,
623 1504 659 1530 et
689 1499 744 1529 cui
777 1500 976 1540 pomoerium

275 1549 421 1581 addidit.
471 1550 577 1581 Roma
600 1550 767 1591 quadrata
789 1552 883 1581 lorus
911 1550 976 1582 fuit

273 1599 306 1629 in
322 1599 483 1631 Palatino
501 1606 615 1632 monte
631 1601 794 1640 munitus,
816 1611 880 1631 non
898 1601 977 1632 urbs

274 1649 396 1689 Roma,
422 1660 461 1681 ea
482 1650 590 1690 figura
618 1652 763 1692 primum
790 1662 809 1682 a
833 1652 977 1683 Romulo

274 1700 398 1740 posita.
442 1701 673 1732 Vehementer
706 1703 806 1733 etiam
851 1704 978 1734 erravit

274 1749 492 1781 doctissimus
510 1751 723 1792 Onuphrius,
742 1753 895 1783 scribens
912 1754 978 1784 Ro-

274 1801 398 1831 mulum
412 1801 485 1832 urbi
500 1811 594 1832 novae
609 1812 627 1832 a
640 1812 675 1833 se
688 1801 798 1842 figura
814 1802 979 1844 quadrata

274 1859 350 1881 cum
369 1850 478 1881 tribus
497 1852 604 1891 portis
632 1852 753 1892 positae
776 1853 977 1893 pomoerium

274 1910 366 1931 more.
383 1901 529 1932 Etrusco
547 1901 731 1942 addidisse,
746 1903 755 1919 ‘
771 1910 806 1933 ut
819 1909 977 1934 auctores

275 1949 377 1988 sunt,’
419 1951 542 1992 inquit,
577 1952 586 1967 ‘
600 1953 800 1993 Dionysius,
832 1953 980 1991 Solinus,

275 1999 421 2040 Plinius,
436 2005 472 2031 et
487 2001 719 2032 Plutarchus!
753 2003 800 2033 Ut
814 2012 918 2042 supra
934 2003 979 2033 vi·

275 2049 398 2091 dimus,
425 2051 630 2082 Plutarchus
655 2057 774 2092 aperte
799 2053 979 2093 distinguit

277 2101 419 2132 Romam
437 2101 636 2142 quadratam
655 2105 697 2133 ab
715 2103 812 2141 urbe,
829 2104 925 2143 cujus
941 2103 979 2134 fi-

276 2162 394 2192 guram
411 2163 474 2184 non
493 2153 690 2194 quadratam
715 2152 834 2193 fuisse,
851 2154 910 2184 sed
929 2164 979 2185 ro-

275 2203 415 2234 tundam
430 2203 530 2234 verba
542 2203 598 2234 illa
610 2205 690 2235 satis
701 2205 888 2236 ostendunt
899 2205 908 2221 ‘
921 2215 985 2245 qua

275 2263 407 2284 murum
425 2253 458 2283 iu
477 2253 590 2284 orbem
605 2259 678 2285 erat
691 2254 880 2285 ducturus-⁵
894 2254 986 2287 Plin.

276 2303 393 2334 Romae
421 2303 599 2345 quadratae
624 2314 691 2335 non
717 2306 894 2344 meminit3
920 2306 979 2337 sed

274 2354 333 2385 lib.
351 2363 407 2385 ιιι.
423 2364 498 2395 cap.
515 2358 546 2385 5.
563 2355 684 2386 scribit
702 2356 819 2387 urbem
837 2357 978 2387 Romam

277 2414 296 2435 a
314 2404 456 2435 Romulo
474 2413 550 2435 cum
569 2405 677 2435 tribus
695 2406 802 2446 portis
825 2411 883 2437 aut
900 2417 981 2447 qua-

277 2459 356 2485 tuor
386 2454 552 2484 relictam.
615 2455 743 2486 Verum
784 2456 841 2487 illa
872 2457 978 2488 Roma

278 2506 379 2546 longe
410 2505 546 2535 diversa
571 2514 590 2535 a
616 2505 724 2536 Roma
753 2508 918 2548 quadrata
948 2509 981 2539 iu

280 2555 440 2586 Palatino
471 2561 601 2586 monte.
671 2556 856 2597 Dionysius
884 2568 983 2598 porro

275 2605 373 2636 initio
397 2604 454 2635 lib.
473 2613 528 2636 Χι.
551 2606 597 2636 ait
613 2605 791 2637 Romulum
809 2607 979 2639 Palatium

278 2661 313 2686 et
332 2655 538 2696 Capitolium
553 2656 655 2686 muris
664 2661 698 2687 et
714 2657 800 2688 fossa
816 2660 984 2691 moenisse.

284 2706 352 2736 Sed
373 2705 490 2736 urbem
511 2706 601 2736 illam
621 2707 762 2738 eandem
789 2707 894 2740 fuisse
911 2720 987 2742 cum

281 2756 387 2787 Roma
413 2756 594 2798 quadrata,
620 2767 783 2800 nusquam
812 2759 897 2792 dicit
923 2762 986 2793 Di-

1025 736 1175 778 onysius,
1213 737 1315 768 immo
1344 738 1549 769 contrarium
1581 746 1623 767 ex
1649 737 1724 776 ejus

1025 788 1160 828 scriptis
1180 788 1355 820 elucescit.
1403 788 1533 820 Gellius
1558 787 1615 818 lib.
1642 795 1725 817 xm.

1025 847 1102 879 cap.
1118 841 1168 870 14.
1193 838 1332 870 scribit:
1360 843 1367 856 ¹
1382 839 1649 879 antiquissimum
1667 846 1726 877 po·

1025 890 1188 929 moerium,
1212 889 1300 931 quod
1320 900 1339 920 a
1364 890 1505 920 Romulo
1534 887 1725 919 institutum

1026 944 1092 980 est,
1109 940 1258 971 Palatini
1273 940 1396 971 montis
1423 938 1594 970 radicibus
1613 936 1727 969 termi-

1023 991 1192 1023 nabature
1238 991 1327 1022 Nam
1343 991 1400 1021 ille
1427 990 1510 1021 dicit
1534 999 1599 1020 non
1625 988 1727 1019 aliam

1026 1042 1248 1073 constitutam
1265 1052 1283 1072 a
1297 1041 1438 1073 Romulo
1450 1042 1588 1072 Romam
1602 1044 1729 1081 praeter

1024 1101 1110 1128 eam,
1122 1102 1196 1134 quae
1206 1091 1373 1134 quadrata
1383 1091 1474 1123 dicta
1487 1097 1624 1131 est,nec
1635 1088 1728 1121 aliud

1024 1142 1066 1173 ab
1082 1152 1122 1173 eo
1133 1141 1550 1182 institutumpomoerium,
1565 1150 1640 1181 quae
1653 1148 1729 1170 sen·

1025 1194 1134 1225 tentia
1151 1194 1247 1236 liujus
1261 1195 1366 1226 Solini
1383 1200 1447 1230 est,
1463 1196 1527 1224 ἃς.
1565 1191 1701 1223 Deinde
1719 1201 1728 1222 ι

1028 1244 1073 1276 At
1087 1246 1176 1286 quod
1194 1247 1265 1277 vult
1295 1246 1440 1284 Solinus,
1462 1253 1582 1275 novam
1611 1243 1728 1274 urbem

1026 1306 1045 1327 a
1063 1297 1208 1328 Romulo
1225 1297 1409 1335 conditam,
1421 1295 1510 1336 quod
1526 1295 1634 1335 figura
1648 1305 1728 1335 qua-

1026 1347 1125 1379 drata
1143 1353 1246 1388 esset,
1260 1347 1385 1379 dictam
1402 1346 1507 1378 fuisse
1520 1345 1734 1387 quadratam,

1026 1408 1089 1429 nee
1117 1400 1216 1430 aliam
1245 1398 1363 1429 urbem
1390 1407 1464 1429 esse
1495 1396 1732 1434 constitutam,

1027 1449 1059 1479 id
1077 1456 1197 1481 contra
1215 1449 1362 1480 omnium
1386 1453 1562 1480 auctorum
1588 1456 1731 1478 consen-

1028 1510 1099 1531 sum
1118 1501 1293 1540 scripsisse
1311 1499 1542 1541 illumjudico.
1590 1498 1680 1531 Quin
1697 1501 1733 1528 et

1028 1551 1133 1581 Solini
1162 1551 1371 1591 temporibus
1397 1550 1540 1581 extabat
1567 1550 1674 1580 adlmc
1700 1549 1733 1579 in

1029 1607 1146 1633 moute
1163 1602 1322 1633 Palatino
1339 1602 1434 1632 locus
1452 1600 1506 1630 ine
1528 1600 1582 1630 cui
1610 1608 1733 1631 nomen

1030 1652 1145 1683 Romae
1173 1653 1350 1693 quadratae
1378 1652 1541 1682 Romulus
1567 1651 1736 1690 imposue-

1031 1707 1095 1733 rat.
1143 1702 1190 1732 Ut
1208 1712 1250 1732 ex
1270 1702 1334 1732 hoc
1361 1701 1435 1732 loco
1456 1699 1552 1731 Festi
1578 1704 1737 1740 apparet,

1030 1755 1094 1784 ἃς.
1119 1754 1200 1784 Duc.

1070 1809 1083 1824 ⁰
1107 1804 1152 1834 Et
1171 1804 1238 1844 quis
1253 1801 1420 1842 extiterat]
1436 1801 1541 1833 Varie
1555 1800 1739 1832 emendant

1031 1854 1093 1885 viri
1125 1854 1239 1885 docti:
1278 1854 1348 1891 alii,
1373 1854 1417 1883 Et
1452 1853 1519 1893 quis
1543 1862 1623 1882 nunc
1649 1855 1738 1882 curat

1032 1905 1139 1935 Roma>
1156 1914 1288 1943 regnare
1302 1905 1474 1944 quadratae.
1512 1902 1680 1942 Scaliger,
1695 1902 1740 1932 Et

1032 1955 1142 1995 quibus
1159 1956 1213 1985 Iex
1227 1958 1359 1985 steterat
1378 1954 1486 1983 Romoe
1499 1962 1632 1991 regnare
1647 1953 1742 1992 quad-

1032 2009 1122 2035 raloe.
1168 2004 1236 2036 Sed
1265 2005 1312 2035 sic
1328 2004 1429 2034 etiam
1449 2013 1514 2034 non
1533 2004 1633 2042 plane
1659 2003 1739 2034 milii

1033 2055 1245 2086 satisfactum
1272 2060 1335 2087 est.
1379 2055 1520 2094 Melius,
1538 2061 1575 2085 ut
1594 2055 1739 2095 videtur,

1032 2105 1064 2136 in
1092 2105 1178 2137 edit.
1205 2106 1364 2144 Merulae,
1398 2106 1441 2136 Et
1470 2107 1538 2145 quis
1563 2110 1653 2136 exter
1674 2117 1727 2137 era

1038 2156 1147 2187 Romoe
1173 2166 1307 2195 regnare
1332 2157 1504 2197 quadratae.
1550 2156 1607 2187 Ita
1637 2163 1675 2188 ut
1699 2157 1741 2188 de

1037 2207 1200 2238 Romanis
1214 2217 1324 2238 sermo
1340 2207 1395 2246 sit,
1412 2208 1482 2248 qui,
1500 2212 1599 2247 rapto
1618 2208 1740 2239 Romu-

1038 2258 1081 2297 lo,
1105 2267 1180 2289 cum
1206 2258 1374 2288 nemiuem
1399 2258 1515 2288 Romae
1535 2258 1741 2298 invenirent,

1038 2317 1138 2349 quem
1169 2308 1201 2338 iu
1233 2308 1364 2339 Romuli
1393 2308 1502 2338 locum
1532 2307 1742 2343 sufficerent,

1037 2358 1247 2399 despiciunt,
1267 2357 1383 2399 ecquis
1414 2364 1512 2389 exter
1554 2365 1658 2397 esset,
1684 2360 1742 2400 qui

1038 2410 1114 2440 urbi
1146 2419 1295 2450 praeesse
1322 2409 1496 2450 quadratae
1527 2414 1654 2450 posset,
1677 2412 1743 2442 ἃς.

1036 2459 1104 2491 Sed
1132 2460 1279 2492 omnium
1308 2462 1437 2500 optime
1464 2460 1662 2499 Salmasius,
1698 2461 1742 2491 Et

1038 2511 1107 2551 quis
1123 2521 1154 2541 se
1169 2514 1273 2551 sperat
1291 2510 1398 2541 Romoe
1422 2521 1553 2549 regnare
1574 2512 1745 2551 quadrutoe.

1038 2562 1090 2592 Ex
1103 2562 1254 2601 vestigiis
1268 2562 1391 2592 veteris
1401 2563 1578 2602 scripturae
1588 2571 1686 2603 quam
1696 2562 1744 2593 sic

1038 2612 1125 2643 liber
1152 2612 1261 2643 Fulvii
1292 2612 1406 2642 Ursini
1435 2617 1674 2653 repraesentat,
1699 2613 1742 2642 Ec

1041 2663 1111 2703 quis
1125 2666 1169 2693 est
1187 2666 1254 2693 erat
1269 2662 1387 2696 Roma»,
1404 2664 1455 2701 &a
1481 2662 1569 2693 Nam
1591 2663 1622 2692 in
1640 2671 1744 2692 mem-

1043 2712 1154 2743 branis
1167 2713 1306 2752 scriptis
1323 2722 1414 2753 saepe
1443 2716 1455 2742 t
1480 2717 1515 2743 et
1540 2721 1561 2751 p
1581 2710 1745 2742 confundi

1043 2763 1124 2795 satis
1152 2763 1279 2803 sciunt,
1294 2763 1351 2804 qui
1374 2772 1431 2794 eas
1457 2761 1634 2804 aliquando
1657 2767 1746 2793 trac-
