1876 3025
246 171 332 213 670
707 181 855 213 snxrl
890 180 1093 212 POMPEH
1127 181 1260 213 misr}

250 275 400 327 Prox,i
421 277 537 318 bona
570 289 673 327 vox,
694 277 815 319 velut
849 276 1028 330 quidam
1048 281 1219 330 putant,
1240 277 1482 330 significare
1502 279 1689 330 videtur,

307 350 354 386 ut
373 345 437 386 ait
453 345 605 386 Labeo
628 345 682 386 de
700 344 801 398 jure
822 344 1053 398 pontificio
1069 345 1178 386 libro
1200 344 1445 388 undecimo.

251 412 388 462 prox,
406 413 521 453 bona
539 425 644 462 vox,
665 417 713 453 ut
739 411 962 461 existimo,
986 412 1115 466 quasi
1135 413 1274 466 proba
1296 426 1401 455 vox.

252 477 503 532 Prugnumk
524 492 603 533 pro
625 478 904 533 privignum.⁶

250 546 437 588 Pruina¹
457 547 590 597 dicta,
607 546 728 600 quod
750 546 893 599 fruges
908 558 960 586 ac
981 546 1167 599 virgulta
1189 551 1379 600 perurat.

253 614 325 655 PU
334 627 391 655 ΒΕ
409 620 435 636 m
465 617 694 668 praesente,
709 621 778 654 est
798 614 965 667 populo
987 617 1226 667 praesente3
1257 616 1528 670 συνεκδοχικῶς
1549 615 1606 656 ab
1625 615 1694 664 iis,

309 684 382 735 qui
399 683 584 736 puberes
605 686 722 729 sunt,
741 694 913 722 omnem
935 682 1145 735 populum
1174 681 1438 734 significans.

254 748 374 790 Pube
396 756 602 804 praesente,
623 750 906 802 συνεκδοχικῶς,
929 747 981 788 ab
1014 748 1063 790 iis
1092 748 1164 804 qui
1188 748 1360 803 puberes
1380 756 1488 800 sunt,
1528 749 1693 803 [FEST.

308 832 460 858 omnem
474 816 673 871 populum
691 815 955 871 signficant.⁷

253 885 400 926 Pubes
416 891 433 907 ¹¹
472 885 743 935 adulescens,
777 884 1015 938 quinetiam
1048 884 1240 938 plurium
1277 897 1482 926 numerus
1514 884 1693 939 [PAUL.

309 952 502 1005 ejusdem
523 952 687 993 aetatis.

1513 413 1693 467 [PAUL.

855 1039 1090 1051 ‘ww‘

293 1119 313 1147 6
336 1116 432 1146 Vett.
448 1115 532 1147 libb.
543 1124 689 1156 prunum,
699 1124 841 1156 pronum,
856 1114 1044 1146 curium—7
1068 1113 1153 1145 Post
1167 1113 1239 1145 haee
1256 1112 1288 1144 in
1305 1112 1358 1144 ed.
1372 1113 1463 1144 Scal.
1483 1117 1578 1144 extat
1603 1112 1696 1154 frag-

251 1163 421 1190 mentum:
444 1159 453 1175 ‘
468 1167 528 1197 qua
571 1178 580 1187 .
857 1167 935 1188 susc.
1310 1157 1378 1186 dem

470 1200 586 1231 decidit

465 1244 570 1274 eadem
592 1263 600 1272 .
636 1263 645 1273 .

863 1209 946 1231 conc.

829 1264 836 1272 .
859 1246 961 1273 cetera
977 1243 1052 1273 loca.

1311 1208 1330 1228 α
1349 1208 1389 1229 ·er
1587 1220 1596 1229 .

681 1251 739 1273 can
763 1265 771 1273 .
795 1262 804 1271 .
1308 1208 1442 1280 figilgura
1459 1241 1571 1271 sacra.‘

901 1346 931 1378 N
939 1346 1042 1378 OTAE

253 1425 287 1452 te
298 1429 492 1459 memorem,
507 1420 599 1462 virgo
610 1421 621 1452 ?
632 1430 775 1462 namque
785 1420 873 1452 haud
887 1421 948 1452 tibi

252 1471 365 1502 vultus
381 1471 550 1506 Mortalis,
563 1481 625 1502 nec
640 1481 703 1502 vox
716 1472 881 1503 hominem
895 1482 947 1503 so-

251 1525 322 1559 nat,
337 1522 457 1557 oDea,
473 1526 585 1553 certe:
612 1521 664 1552 An
692 1522 813 1553 Phoebi
839 1531 946 1557 soror,

1043 1420 1050 1441 ¹
1074 1421 1211 1461 Pruz‘na]
1233 1421 1301 1452 Ros
1318 1424 1499 1452 concretus
1514 1418 1698 1450 secundum

999 1471 1237 1510 Aristotelem,
1253 1471 1346 1513 quasi
1371 1472 1379 1488 ‘
1394 1469 1538 1511 pyrina,'
1559 1468 1620 1499 ἀπὸ
1646 1470 1701 1499 τοῦ

998 1521 1102 1564 πυρός.
1146 1521 1410 1562 Vel,secundum
1427 1522 1578 1560 Festum,
1606 1520 1701 1560 quasi

251 1579 293 1600 an
322 1570 552 1611 Nympharum
583 1572 755 1612 sanguinis
783 1572 870 1603 una?
894 1572 947 1603 Sis

251 1620 346 1656 felix,
372 1625 593 1663 nostrumque
616 1623 706 1654 leves
728 1632 947 1664 quaecumque

253 1670 428 1702 dolorem.'
472 1671 579 1702 Immo
606 1671 708 1702 etiam
726 1677 760 1703 et
786 1682 860 1703 cnm
884 1672 949 1702 illis

251 1729 375 1751 numen
392 1726 508 1751 notum
524 1726 610 1757 erat,
635 1731 677 1753 ex
702 1722 772 1762 ejus
791 1728 947 1753 πολυωνυ-

250 1770 305 1810 μίᾳ
327 1780 448 1802 nomen
474 1771 556 1802 illud
584 1772 779 1812 captabant,
802 1772 891 1813 quod
919 1772 949 1803 ei

252 1821 477 1860 gratissimum
506 1821 616 1853 foret:
652 1823 730 1854 hinc
762 1823 950 1862 intelligen-

252 1871 315 1902 dus
328 1871 488 1902 Horat.in
499 1872 655 1903 Carmine
667 1874 834 1911 saeculari,
850 1873 858 1888 ‘
872 1873 950 1903 Rite

252 1925 403 1952 maturos
439 1922 573 1962 aperire
604 1927 719 1962 partus
763 1922 864 1953 Lenis
894 1922 950 1952 Ili·

253 1970 361 2011 thyia,
379 1975 475 2002 tuere
501 1977 647 2003 matres:
673 1973 752 2003 Sive
768 1976 804 2002 tu
822 1972 951 2003 Lucina

254 2021 375 2061 probas
399 2022 525 2060 vocarI,
549 2022 615 2053 Seu
642 2022 814 2063 genitalis.
858 2022 950 2052 Diva

260 2070 429 2110 producas
460 2070 633 2110 sobolem‚’
674 2073 738 2102 διε.
777 2070 873 2102 Idem
916 2076 952 2102 et

255 2119 369 2151 Graeci
392 2125 539 2160 veteres,
561 2121 617 2162 qui
643 2121 760 2161 etiam,
779 2131 822 2152 ne
849 2130 949 2163 quem

256 2170 368 2200 Deum
395 2170 521 2201 honore
547 2170 663 2201 debito
695 2169 951 2211 defraudarem,

254 2220 398 2251 Athenis
415 2230 505 2252 aram
532 2221 649 2261 ignoto
671 2222 749 2252 Deo
775 2231 950 2253 consecra-

255 2275 347 2308 runt,
363 2270 404 2301 de
420 2281 487 2311 qua
502 2271 546 2301 D.
564 2271 663 2303 Paul.
678 2270 711 2301 in
729 2270 808 2302 Act.
826 2270 949 2312 Apost.

256 2319 368 2350 Multa
383 2320 424 2350 ad
442 2321 527 2352 hanc
546 2321 711 2351 Veterum
735 2321 950 2361 superstitio·

255 2378 330 2400 nem
347 2375 486 2410 possent
511 2369 644 2402 referri.
689 2370 756 2401 Sed
784 2380 825 2401 ea
840 2381 900 2412 per
916 2380 951 2402 se

256 2421 338 2451 satis
365 2422 512 2453 monitus
541 2423 649 2454 lector
673 2423 860 2462 annotabit,
883 2432 950 2454 mo·

257 2479 326 2501 rem
340 2476 470 2502 tantum
488 2472 656 2503 indicasse
673 2471 828 2503 sufficiat.
853 2473 952 2506 Idem.

297 2519 305 2540 ¹
327 2521 432 2561 Prox]
457 2521 568 2553 Proba
586 2531 669 2554 vox:
701 2522 771 2554 Pro
789 2532 866 2563 vox,
889 2525 954 2554 &c-

258 2569 356 2600 Idem.

298 2619 311 2639 Ι(
350 2620 530 2661 Prugnum]
567 2621 752 2662 Privignus,
786 2622 953 2663 pruignus,

254 2680 402 2710 prugnus.
430 2672 495 2703 Vel
509 2673 622 2713 potius
633 2673 796 2714 wigerius,
809 2674 954 2714 prignus,

256 2730 407 2761 prugnus.
431 2723 537 2755 Idem.

999 1578 1007 1591 ¹
1021 1572 1206 1614 perurina,'
1231 1572 1398 1614 quomodo
1414 1576 1450 1603 et
1471 1571 1603 1602 Graecis
1617 1570 1699 1602 dici—

999 1621 1181 1664 ῐιιῑῖαῑθρος,
1205 1622 1247 1654 ab
1270 1622 1354 1662 αἵθω,
1378 1631 1451 1653 uro.
1473 1622 1572 1652 Idem.

1043 1677 1065 1693 m
1099 1671 1200 1711 Pube]
1233 1671 1340 1702 Addit
1377 1671 1499 1702 Festus
1535 1669 1648 1700 verbis
1683 1679 1703 1700 a

1000 1721 1109 1753 Paulo
1126 1722 1158 1752 in
1176 1720 1412 1761 compendium
1428 1720 1575 1751 redactis
1593 1720 1702 1759 impu-

1000 1772 1117 1803 berem
1145 1782 1221 1803 esse
1252 1770 1371 1812 puberi
1397 1769 1633 1802 contrarium:
1659 1768 1702 1799 de

1001 1822 1154 1864 pluribus
1171 1831 1252 1853 vero
1269 1821 1337 1853 dici
1356 1821 1486 1852 solere:
1512 1829 1587 1851 cum
1611 1818 1701 1860 pube

1002 1877 1183 1913 praesente,
1201 1872 1235 1902 id
1261 1877 1326 1909 est,
1350 1870 1488 1901 testibus
1516 1869 1702 1909 puberibus

1002 1922 1242 1963 praesentibus,
1255 1921 1334 1962 quid
1348 1925 1460 1951 actum
1477 1928 1548 1950 esse
1562 1918 1700 1950 dicitur.

1002 1972 1090 2004 Vide
1115 1977 1123 1990 ‘
1136 1970 1256 2003 Pube.'
1279 1971 1358 2002 Ant.
1372 1970 1457 2009 Aug.

1045 2021 1133 2053 Pube
1145 2019 1317 2061 praesente]
1334 2018 1562 2050 Doctissimus
1579 2016 1702 2048 Roma—

1002 2081 1120 2102 norum
1142 2071 1302 2110 Virgilius
1320 2070 1408 2101 inter
1425 2069 1490 2100 alia
1518 2067 1702 2099 reconditae

1003 2122 1214 2164 antiquitatis
1231 2130 1353 2152 arcana
1369 2125 1403 2151 et
1415 2120 1477 2151 hoc
1492 2119 1616 2160 posuit,
1627 2128 1702 2149 cum

1001 2173 1049 2204 ait
1070 2174 1292 2213 ‘puppesque
1319 2175 1398 2206 tuae,
1427 2171 1602 2211 pubesque
1628 2173 1702 2199 tuo-

1003 2232 1075 2253 rum
1089 2222 1109 2252 :’
1127 2231 1168 2252 ex
1185 2231 1224 2252 ea
1240 2220 1326 2252 enim
1341 2218 1587 2251 consuetudine
1604 2217 1703 2258 dixit,

1002 2282 1077 2304 cum
1114 2272 1324 2312 exprimeret
1357 2270 1576 2301 Homericum
1596 2281 1603 2299 :
1642 2268 1703 2300 Σὺν

1001 2322 1085 2360 νηῒτε
1100 2323 1157 2363 σῇ,
1173 2321 1222 2353 καὶ
1238 2323 1304 2353 σοῖς
1317 2320 1460 2361 ἑτάροισι.
1481 2321 1549 2350 Jos.
1565 2319 1650 2351 Scal.

1045 2373 1133 2404 Pube
1146 2373 1313 2413 praesente]
1336 2372 1451 2402 Plaut.
1468 2369 1595 2401 Pseud.
1623 2379 1646 2400 ι.
1672 2373 1702 2401 1.

1001 2423 1011 2440 ‘
1024 2424 1124 2455 Nunc
1141 2432 1182 2452 ne
1192 2422 1266 2463 quis
1283 2422 1412 2452 dictum
1430 2420 1491 2451 sibi
1509 2424 1611 2460 neget
1624 2420 1703 2451 dico

1003 2472 1169 2512 omnibus,
1181 2472 1278 2503 Pube
1291 2470 1463 2512 praesenti,
1479 2469 1511 2500 in
1524 2470 1703 2508 concione,

1002 2523 1091 2554 omni
1110 2522 1246 2563 populo,
1270 2521 1437 2553 Omnibus
1462 2519 1576 2551 amicis
1599 2521 1703 2550 notis-

1002 2582 1067 2614 que
1084 2572 1182 2603 edico
1200 2572 1295 2609 meis,
1308 2571 1348 2602 In
1364 2571 1450 2601 hunc
1464 2570 1552 2600 diem
1564 2579 1582 2600 a
1594 2579 1647 2600 me
1662 2574 1698 2600 ut

1006 2627 1162 2658 caveant,
1175 2632 1214 2652 ne
1229 2621 1370 2652 credant
1387 2620 1487 2651 mihil
1504 2620 1586 2651 Duc.

1047 2678 1062 2693 ¹·
1100 2672 1217 2712 Pubes]
1257 2670 1372 2702 Pubes
1409 2669 1620 2707 adolescens,
1647 2669 1702 2709 qui

1005 2723 1108 2754 etiam
1134 2722 1304 2762 vesticeps
1333 2725 1486 2752 vocatur.
1532 2719 1595 2750 Cui
1622 2728 1701 2750 con-
