1876 3025
729 150 877 183 SEXTI
912 149 1114 181 POMPEI!
1147 150 1285 181 FESTI

981 246 1096 300 jure.

985 319 1035 354 ut

347 411 360 422 .
603 410 613 420 .
855 413 865 424 .
979 381 1053 422 ica
1215 412 1223 420 .
1341 412 1351 422 .

348 447 553 490 Pla-utus.-
581 447 831 504 Resecroque
852 454 982 489 mater
1000 444 1109 503 quod
1125 446 1286 488 dadum
1308 449 1632 489 obsecraveram.

984 527 1070 556 ror.

985 583 1024 623 is
1046 595 1130 624 con

985 649 1149 690 dicium
1211 679 1220 687 .

288 719 546 769 Resecrare,
569 719 737 759 solvere
768 717 990 771 religione,
1010 718 1158 770 utique
1188 729 1287 757 cum
1316 728 1417 757 reus
1447 728 1526 769 po·
1555 715 1734 766 [PAUL.

343 788 493 842 pulum
516 786 704 827 comitiis
727 787 922 826 oraverat
941 797 1019 838 per
1040 783 1181 834 Deos,
1204 787 1254 824 ut
1273 797 1327 824 eo
1357 783 1453 837 peri
1466 782 1734 824 culolibera-

343 860 474 905 retur,
489 854 678 908 jubebat
692 853 973 906 magistratus
995 864 1094 892 eum
1115 863 1350 892 resecrare.

1411 850 1623 892 Plautus:
1644 848 1734 890 Re-

343 935 554 976 secroque
576 926 727 971 mater,
746 920 864 974 quod
886 919 1049 960 dudum
1071 919 1419 960 obsecraveram.

288 990 490 1030 Reserari
513 1003 539 1030 a
561 1002 656 1030 sera
677 989 841 1031 dictum
859 990 940 1029 est.

289 1052 509 1097 Reseram‘t
545 1054 712 1108 Verrius
731 1056 792 1095 ait
823 1055 911 1096 dici
933 1055 989 1095 ab
1022 1067 1090 1104 eo,
1111 1053 1228 1108 quod
1251 1060 1358 1095 mota
1387 1068 1476 1094 sera
1506 1066 1531 1093 a
1562 1053 1729 1108 [FEST-

343 1123 495 1165 Januae
516 1122 686 1164 cardine
707 1121 1058 1178 patefiantJb1·e.s,
1075 1121 1168 1162 inde
1188 1136 1274 1177 quae
1289 1120 1504 1176 patefacta
1526 1125 1568 1163 et
1589 1121 1734 1163 reclu-

343 1205 395 1233 sa
417 1193 503 1232 sint
532 1198 714 1232 reserata
741 1190 835 1241 dici,
866 1204 960 1230 ser-ce
990 1203 1176 1244 namque
1208 1190 1417 1230 dicuntur
1447 1187 1626 1238 fustes,⁶
1660 1187 1734 1243 qui

343 1266 602 1313 opponuntur
624 1258 769 1299 clausis
790 1259 974 1299 foribus.
1015 1258 1237 1299 Pacuvius
1259 1259 1301 1298 in
1324 1254 1704 1311 armorumjuclicio
1722 1271 1734 1295 .·

342 1341 447 1367 mmc
468 1327 646 1380 pandite
669 1327 822 1368 valvas
844 1331 1037 1366 removete
1057 1340 1164 1366 seras
1187 1332 1231 1366 ut
1254 1325 1543 1379 complectar.

287 1394 433 1436 Reses
455 1394 655 1447 ignavus,
677 1394 783 1447 quia
802 1393 982 1434 residet.

288 1459 435 1501 Resesu
456 1467 495 1501 et
518 1460 697 1501 residuus
713 1459 866 1501 dicitur
886 1459 1059 1515 ignavus
1078 1459 1175 1514 quia
1197 1460 1375 1502 residet.

891 1601 1007 1614 eeeeee

1551 1392 1642 1446 [ΡΑ
1653 1402 1733 1433 UL.

1435 1459 1517 1501 At·
1564 1459 1619 1509 [F
1628 1469 1726 1500 Es‘r.

1011 1601 1126 1614 ‘‘‘‘‘‘

328 1713 348 1740 6
371 1709 456 1741 Ead.
480 1710 533 1740 ed.
556 1710 565 1726 ⁴
578 1710 648 1740 inde
663 1718 730 1749 quoe
745 1707 900 1748 patefacta
923 1711 957 1738 et
974 1706 1111 1738 declusa
1128 1706 1196 1738 sint
1219 1709 1360 1737 reserata
1375 1705 1440 1736 dici
1455 1714 1534 1737 εει-ω
1549 1713 1659 1746 neque
1683 1703 1733 1735 di-

287 1759 409 1784 cantur
424 1752 554 1784 fustes!

600 1752 683 1783 Mox
701 1761 762 1792 pro
775 1760 859 1782 seras
873 1749 948 1781 ead.
967 1750 1019 1781 ed.
1034 1759 1165 1781 sesaras.

941 1871 1081 1903 NOTAE

285 1958 388 1989 etiam
412 1958 444 1989 in
473 1958 610 1989 Schedis
635 1957 855 1989 reserationis
878 1961 983 1996 caput

285 2008 432 2039 medium
444 2007 586 2043 findant,
602 2008 667 2038 alio
683 2013 795 2038 tamen
811 2007 982 2046 pertinere

286 2063 416 2089 certum
433 2063 495 2089 est.
540 2058 584 2088 Et
603 2058 759 2088 videntur
779 2065 852 2086 esse
881 2055 983 2085 verba

285 2108 380 2138 Festi
398 2108 439 2138 de
459 2117 492 2137 re
507 2106 783 2147 comperendinata.
828 2106 916 2136 Nam
930 2114 981 2135 su-

284 2158 421 2198 periora
452 2158 548 2188 Pauli
573 2166 645 2188 esse
669 2158 841 2196 epitomen
865 2155 981 2195 quovis

286 2207 399 2248 pretio
410 2207 627 2238 contendam.
672 2206 740 2237 Sed
759 2206 851 2237 Festi
869 2206 981 2240 verba,

285 2258 364 2288 dum
389 2258 514 2288 alienas
545 2257 642 2288 sedes
666 2257 842 2294 invadunt,
870 2256 982 2295 capite

286 2317 346 2339 sno
360 2312 518 2338 truncata
539 2312 628 2346 sunt,
644 2307 733 2348 quod
748 2307 912 2347 rejectum
930 2312 982 2337 est

286 2362 365 2398 post
382 2358 497 2389 Plauti
521 2358 630 2388 locum
658 2380 666 2387 .
692 2378 699 2386 .
725 2380 733 2388 .
756 2380 764 2388 .
787 2357 814 2387 is
827 2366 880 2387 con
907 2379 915 2387 .
941 2379 949 2387 .
974 2379 982 2387 .

286 2408 337 2438 Eo
367 2408 466 2448 igitur
489 2408 553 2439 huc
581 2411 728 2438 retracto
753 2416 875 2446 corpus
899 2407 983 2437 inte·

285 2468 381 2498 grum
408 2459 456 2489 sic
486 2458 631 2489 fortasse
655 2457 835 2487 restaurai-i
853 2457 978 2496 possit:

288 2509 352 2539 Res
367 2508 633 2547 comperendinata
647 2507 776 2546 dicitur,
791 2511 829 2537 ut
856 2506 982 2537 Verrius

285 2560 345 2597 ait,
360 2559 516 2597 judicium
528 2559 562 2589 in
580 2556 663 2590 diem
688 2558 885 2598 perendinum
905 2557 981 2596 jure

285 2609 498 2648 constitutum,
515 2609 559 2639 ita
575 2612 607 2639 ut
630 2618 688 2639 uno
704 2612 825 2639 tantum
840 2607 981 2646 interjec-

285 2663 316 2690 ἑο
332 2661 379 2689 die
396 2669 443 2689 res
452 2659 622 2696 judicetur.
647 2658 755 2690 Idem.

331 2713 339 2729 '2
366 2710 525 2750 Reserari]
550 2710 706 2742 Reseraii
725 2709 771 2740 ait
787 2708 854 2740 dici
871 2707 911 2739 ab
928 2716 980 2747 eo,

1037 1955 1126 1996 quod
1142 1958 1255 1986 emota
1269 1963 1344 1986 sera
1366 1963 1385 1984 a
1411 1952 1549 1984 cardine
1567 1950 1735 1993 patefiant

1037 2005 1138 2036 fores.
1183 2004 1268 2035 Inde
1285 2009 1449 2044 coeptum,
1465 2008 1501 2034 nt
1514 2012 1588 2044 quae
1602 2007 1736 2043 aperta,

1037 2060 1073 2086 et
1101 2055 1233 2086 reclusa
1262 2054 1341 2093 sint,
1380 2057 1533 2083 reserata
1563 2052 1733 2083 dicantur.

1038 2107 1127 2136 Serae
1158 2105 1302 2145 denique
1334 2103 1492 2134 dicuntur
1528 2101 1651 2142 fustes,
1677 2102 1735 2143 qni

1038 2161 1256 2195 opponuntur
1272 2153 1412 2184 foribus.
1458 2152 1627 2183 Pacuvius
1657 2152 1702 2182 in.
1725 2175 1734 2183 .

1037 2226 1210 2236 ......
1234 2203 1382 2234 Pandite
1409 2203 1536 2243 valvas,
1562 2209 1734 2234 removete

1037 2263 1128 2285 seras
1146 2255 1193 2285 Ut
1210 2254 1430 2293 complectar.
1455 2253 1525 2283 Jos.
1543 2252 1626 2283 Scal.

1080 2305 1244 2345 Reserari]
1271 2304 1421 2336 Nonius:
1449 2308 1457 2320 ‘
1475 2303 1640 2333 Reserare
1654 2311 1735 2342 ape-

1037 2356 1114 2394 rire,
1132 2365 1151 2386 a
1168 2364 1243 2385 sera
1267 2354 1406 2388 dictum,
1430 2362 1495 2393 qua
1518 2355 1648 2382 remota
1665 2352 1733 2381 vai-

1038 2415 1087 2436 vae
1102 2404 1289 2445 patefiunt?
1315 2404 1402 2434 Nam
1420 2411 1504 2433 serae
1522 2405 1601 2431 sunt
1615 2399 1732 2437 fustes,

1037 2461 1164 2495 vectes,
1178 2453 1305 2493 μοχλοί.
1352 2453 1464 2484 Gloss.
1490 2452 1498 2468 ‘
1512 2460 1597 2492 sera,
1611 2449 1733 2489 μοχλὸς

1036 2504 1147 2544 θύρας.’
1191 2505 1279 2536 Item
1295 2507 1302 2521 ‘
1321 2507 1461 2541 reserat,
1483 2501 1611 2540 ἀνοίγει,
1627 2501 1733 2542 κυρίως

1035 2554 1181 2594 μοχλόνῖ
1234 2553 1337 2585 Ovid.
1365 2552 1525 2586 ‘Excute
1556 2557 1652 2592 poste
1680 2561 1731 2583 se·

1035 2605 1127 2637 ram.’
1149 2605 1231 2636 Dac.

1077 2661 1089 2675 ¹¹
1115 2655 1228 2694 Reses]
1263 2653 1374 2685 Infra:
1406 2652 1514 2689 Reses,
1533 2651 1664 2690 ignavus
1678 2650 1731 2690 qui

1032 2706 1157 2738 residet.
1200 2705 1309 2737 Aetius
1334 2705 1363 2736 in
1369 2724 1538 2735 ......
1560 2701 1655 2733 residi
1679 2710 1729 2731 vos
