1876 3025
232 201 317 244 646

232 305 558 350 Procestria20k
589 306 809 358 dicuntur,
842 321 929 361 quo
964 307 1210 361 proceditur
1241 308 1286 349 in
1321 321 1459 351 muro.

676 211 823 243 SEXTI
861 212 1059 243 ΡΟΜΡΕΙΙ
1095 212 1232 243 FESTI

1533 309 1679 351 AElius

287 377 532 430 procestria
552 374 768 416 aedificia¹
802 375 917 415 dixit
941 388 1035 415 esse
1068 378 1193 416 extra
1229 378 1415 430 portam.
1474 376 1679 418 Artorius

288 444 545 497 procesffla,
569 455 669 496 quae
693 446 794 483 sunt
814 446 911 483 ante
935 445 1092 490 castra,
1131 443 1263 483 etiam
1295 443 1372 497 qui
1404 456 1494 483 non
1519 443 1682 485 habent

290 515 451 561 castra,
484 510 828 565 propugnacula,
860 510 1021 564 quibus
1042 522 1122 562 pro
1146 511 1306 552 castris
1327 515 1518 561 utuntur,
1541 511 1681 553 aedifi-

293 582 411 620 cant.

233 645 472 687 Procincta
504 643 688 686 classis¹
720 645 962 694 dicebatur,
996 657 1094 684 cum
1130 645 1353 686 exercitus
1390 645 1561 686 cinctus
1589 651 1684 687 erat

293 714 470 754 Gabino
508 713 657 754 cinctu
692 713 922 753 confestim
957 715 1241 765 pugnaturus.

1302 712 1538 754 Vetustius
1570 715 1684 754 enim

291 780 376 820 fuit
395 780 714 820 multitudinem
739 779 981 830 hominum,
1015 793 1147 832 quam
1180 781 1373 830 navium,
1396 781 1585 821 classem
1607 793 1685 834 ap-

290 848 458 900 pellari.

238 915 512 956 Procinctam
527 919 551 935 ¹⁷¹
587 915 788 964 classem,
824 915 868 955 id
904 920 986 964 est,
1008 920 1210 969 paratam
1233 915 1286 956 ad
1310 916 1477 956 bellum
1496 917 1684 958 militum

292 983 630 1032 multitudinem,
655 983 775 1023 Diali
797 981 992 1022 Flamini
1012 982 1161 1023 videre
1180 996 1265 1023 non
1286 984 1422 1024 licuit.

237 1050 473 1092 Procincta
507 1051 666 1091 classis
700 1049 922 1095 dicebatur,
954 1050 1148 1091 exercitas
1180 1050 1236 1090 ad
1269 1052 1471 1105 praelium
1520 1050 1685 1101 [FEST.

291 1119 543 1168 instructus,
575 1124 619 1158 et
650 1125 850 1172 paratus:
886 1132 1003 1172 quem
1033 1117 1136 1157 diali
1162 1117 1341 1158 Flamini
1361 1118 1503 1160 videre
1523 1131 1611 1160 non
1631 1119 1685 1159 li-

841 1238 976 1249 eeeeeee

981 1238 1076 1250 ttttt

278 1319 318 1348 20
342 1317 383 1349 In
398 1317 463 1349 Ms.
481 1316 734 1349 Procastria.——l
763 1317 824 1348 Ed.
842 1317 931 1349 Scal.
948 1318 1008 1348 cedi
1021 1318 1087 1349 wis.

893 1445 924 1475 N
931 1443 1032 1475 OTAE

279 1515 291 1535 Ι(
320 1516 513 1556 Procestria]
552 1517 783 1548 Glossarium:
823 1523 831 1536 ¹
850 1518 934 1549 Pro-

237 1567 368 1603 castria,
385 1566 535 1605 οἰκήματα
550 1568 605 1607 πρὸ
624 1568 845 1608 παρεμβολῆς.’
867 1570 935 1599 Jos.

237 1616 321 1647 Scul.

280 1667 474 1707 Procestria]
491 1669 528 1699 In
544 1670 609 1700 ΜΞ.
636 1670 827 1706 Procastria,
841 1675 873 1700 et
888 1671 935 1701 ita

237 1717 350 1749 GlOSS.
373 1721 382 1735 ‘
396 1720 600 1761 Procastrlfl,
618 1719 768 1759 οἰκήματα
783 1721 839 1762 πρὸ
858 1734 933 1760 παρ·

242 1768 402 1805 εμβολῆς.’
448 1769 536 1799 Item
561 1772 569 1786 ‘
588 1771 793 1810 l’rocastria,
818 1771 847 1801 οἱ
876 1771 934 1811 πρὸ

239 1821 446 1857 παρεμβολῶν
459 1819 572 1850 ‘rb-imis
600 1822 679 1852 Dae.

283 1868 301 1887 ¹·
313 1870 481 1900 Procincta
496 1871 617 1910 classis]
631 1872 715 1903 Quis
728 1871 831 1903 fuerit
845 1873 934 1904 cinc-

239 1923 292 1947 tus
321 1919 474 1949 Gabinus
503 1920 555 1949 vix
588 1921 810 1952 demonstrari
839 1932 935 1962 posse

239 1968 397 2004 arbitror,
424 1969 472 1998 ita
495 1979 596 2009 super
624 1980 663 2001 eo
683 1973 813 2002 vai-'iant
829 1973 934 2012 scrip-

239 2023 342 2049 tores.
371 2020 507 2049 Servius
522 2029 586 2051 vn.
604 2021 735 2051 AEncid.
761 2021 769 2037 ‘
788 2021 935 2053 Inciucti

239 2070 305 2100 ritu
322 2070 468 2107 Gabino,
485 2071 518 2101 id
536 2077 600 2110 est,
619 2077 695 2111 toga
714 2082 864 2112 purpura
886 2083 938 2104 ca-

239 2125 302 2159 put
335 2121 448 2157 velati,
479 2126 576 2161 parte
605 2122 794 2153 succincti.'
825 2123 938 2154 *Ideni

239 2171 299 2201 lib.
318 2180 378 2201 vu.
404 2172 412 2188 ‘
429 2172 582 2202 Gabinus
610 2173 741 2203 cinctus
769 2178 834 2212 est,
862 2179 941 2215 toga

241 2222 289 2251 sic
318 2221 351 2251 in
380 2221 551 2252 humerum
580 2224 718 2262 rejecta,
736 2228 771 2254 ut
788 2234 853 2254 una
870 2225 939 2264 ejus

244 2271 365 2302 lacinia
394 2281 413 2301 a
443 2276 539 2312 tergo
571 2279 730 2304 revocata
773 2275 939 2307 bominem

242 2321 380 2361 cingat.’
424 2322 547 2352 Isidor.
576 2323 635 2354 lib.
669 2332 748 2356 xix.
778 2335 852 2365 cap.
885 2328 939 2356 24.

246 2373 255 2387 ‘
272 2373 412 2404 Cinctus
430 2372 582 2403 Gabinus
601 2378 662 2408 est,
677 2384 749 2404 cum
769 2375 815 2405 ita
833 2375 940 2416 impo-

244 2424 336 2454 nitur
357 2430 447 2464 toga,
465 2429 500 2455 ut
516 2425 650 2462 lacinia,
666 2436 739 2466 quae
759 2428 939 2465 postriuse-

244 2485 301 2505 cus
332 2475 500 2515 rejicitur,
527 2476 715 2506 attrabatur
739 2477 779 2507 ad
807 2483 938 2517 pectus,

242 2526 290 2555 ita
306 2530 343 2556 ut
360 2535 400 2555 ex
417 2531 558 2566 utroque
576 2526 682 2556 latere
699 2528 839 2566 picturae
858 2538 939 2568 pen-

243 2577 358 2610 deant,
376 2581 412 2606 ut
430 2575 622 2606 sacerdotes
638 2577 811 2615 gentilium
837 2577 939 2609 facie.-

244 2624 353 2655 bant!
378 2625 475 2655 Idem.

288 2681 308 2695 “¹
337 2674 548 2714 procinctam]
578 2676 710 2706 Praeter
739 2676 835 2708 Pauli
860 2678 939 2718 Epi-

245 2729 371 2761 tomen,
389 2725 570 2766 Pompeius
587 2726 780 2766 scripserat,
794 2738 852 2758 mn·
866 2738 941 2769 pro-

245 2775 356 2806 cincta
383 2775 566 2816 diceretur,
592 2777 680 2817 quod
707 2778 874 2818 procincti
899 2779 939 2810 ad

989 1528 1136 1559 pugnam
1164 1518 1213 1549 ire
1235 1518 1326 1549 soliti
1353 1517 1494 1557 fuerint,
1517 1518 1604 1549 unde
1623 1523 1691 1550 tes-

990 1574 1137 1600 tamenta
1156 1569 1186 1599 in
1203 1570 1380 1609 procinctu
1399 1568 1473 1599 fieri
1490 1569 1582 1599 dicia
1598 1575 1689 1609 sunt,

989 1630 1062 1661 quae
1081 1630 1099 1650 a
1116 1620 1278 1651 militibus
1304 1619 1437 1650 fierent.
1485 1619 1570 1650 Vide
1597 1619 1688 1650 Gell.

990 1672 1047 1702 lib.
1066 1680 1090 1702 1,
1104 1681 1178 1711 cap.
1192 1674 1243 1702 ll.
1257 1676 1292 1702 et
1307 1671 1363 1701 lib.
1381 1680 1441 1700 xv.
1459 1679 1534 1710 cap.
1550 1673 1600 1701 17.
1617 1670 1688 1702 Cic.

990 1721 1047 1753 lib.
1066 1731 1089 1752 1.
1107 1721 1149 1752 de
1166 1722 1327 1752 Oratore.
1372 1721 1548 1752 Plutarch.
1565 1721 1597 1751 in
1624 1721 1690 1752 Co-

989 1772 1108 1803 riolan.
1133 1772 1258 1804 sustin.
1275 1772 1332 1802 lib.
1348 1780 1396 1802 X1.
1425 1771 1540 1802 Instit.
1568 1771 1622 1803 tit.
1646 1771 1689 1802 de

989 1823 1212 1854 testamentis.
1256 1822 1342 1852 Vide
1372 1822 1560 1862 proximum
1591 1831 1690 1863 snpe-

990 1874 1056 1904 rius
1071 1878 1184 1913 caput.
1208 1874 1286 1905 Ant.
1303 1873 1389 1911 Aug.

1034 1924 1249 1964 Procz‘nctam]
1292 1922 1501 1953 Glossarium
1518 1933 1526 1953 ε
1578 1923 1588 1940 ‘
1607 1923 1691 1955 Pro-

990 1974 1150 2012 cinctum‚
1172 1973 1246 2003 ὅταν
1266 1971 1307 2003 εἷς
1321 1971 1456 2010 πόλεμον
1471 1972 1691 2011 συγκαλέσων-

1108 2024 1216 2053 Ροιϊο
1254 2023 1303 2053 ita
1342 2023 1478 2053 videtur
1515 2024 1691 2063 scripsisse

991 2074 1112 2105 Festus
1128 2085 1134 2104 :
1171 2075 1366 2104 procinctam
1397 2075 1523 2104 classem
1554 2075 1694 2106 Flamini

993 2125 1096 2160 Diali,
1116 2125 1170 2155 hoc
1196 2128 1253 2159 est,
1273 2125 1388 2155 milites
1413 2125 1453 2154 ud
1475 2124 1617 2164 pralium
1643 2126 1691 2155 in-

991 2180 1136 2214 structos,
1147 2179 1176 2206 et
1190 2178 1315 2215 paratos
1331 2175 1433 2205 videre
1448 2185 1506 2205 non
1524 2176 1594 2206 lice!
1606 2187 1615 2205 .-
1640 2186 1694 2206 an·

994 2227 1071 2266 tiqui
1087 2227 1168 2256 enim
1182 2227 1372 2266 procinctum
1388 2225 1545 2260 dixerunt,
1561 2229 1595 2255 ut
1611 2236 1691 2256 nunc

993 2286 1119 2316 quoque,
1150 2286 1218 2306 cum
1247 2276 1401 2306 exercitus
1437 2275 1607 2306 instructus
1637 2280 1694 2307 esc.

994 2327 1164 2357 Procincta
1178 2329 1279 2356 autem
1296 2325 1362 2356 acie
1377 2326 1415 2355 ad
1429 2335 1566 2365 pugnam
1586 2326 1632 2356 irc
1646 2337 1692 2357 sa—

994 2378 1045 2408 liti
1060 2381 1166 2408 erant:
1188 2379 1267 2408 unde
1290 2377 1435 2407 dicuntur
1459 2380 1643 2408 testamenta
1659 2379 1692 2408 in

992 2429 1152 2468 procinctu
1165 2428 1256 2468 fieri,
1272 2437 1337 2467 quoe
1361 2427 1513 2457 instructa
1536 2427 1600 2457 acie
1615 2437 1691 2458 nun-

994 2479 1205 2519 capafflntum
1230 2478 1295 2513 vel,
1311 2487 1378 2517 quae
1394 2478 1433 2507 ad
1455 2487 1591 2516 pugnam
1614 2477 1692 2508 ituri

994 2528 1219 2568 nuncupabant.
1240 2528 1312 2559 Jos.
1328 2527 1416 2557 Scal.

1039 2579 1237 2609 Provinctam
1261 2578 1399 2617 classem]
1434 2577 1544 2609 Gloss.
1580 2579 1589 2593 ‘
1608 2579 1692 2610 Pro·

995 2629 1158 2667 cinctum,
1174 2627 1248 2658 ὅταν
1263 2627 1304 2658 εἰς
1318 2627 1453 2666 πόλεμον
1469 2627 1690 2666 σινγκαλέσων·

994 2690 1043 2708 ται
1054 2677 1074 2708 2'
1099 2678 1131 2708 id
1163 2683 1228 2717 est,
1258 2680 1267 2695 ‘
1286 2678 1429 2710 Quando
1462 2679 1503 2709 ad
1535 2679 1690 2719 praelium

995 2727 1248 2760 convocantur)
1287 2729 1376 2760 Vide
1392 2732 1401 2746 ‘
1416 2728 1563 2769 Classis,’
1581 2733 1616 2759 et
1633 2729 1688 2760 ‘in

997 2778 1195 2819 procinctu.’
1220 2779 1301 2810 Dac.

990 2023 1062 2054 ται.’
