1876 3025
300 167 362 197 DE
395 164 670 196 VERBORUM
704 159 1118 194 SIGNIFICATIONE
1152 161 1249 190 LIB.
1282 159 1409 190 XVII.

1496 148 1581 191 865

137 260 347 316 Sepultura
370 265 502 302 morte
524 272 729 312 meroque
746 271 844 300 cum
869 259 944 299 ait.

947 322 1013 364 De
1035 323 1086 364 L.
1107 322 1314 363 Terentio
1335 321 1473 362 Tusci
1494 320 1581 360 vici

187 396 396 451 magistro,
427 394 627 450 significat
665 408 753 434 eum
784 394 927 434 vivum
958 392 1012 433 de
1044 404 1156 432 saxo
1189 389 1383 442 Tarpeio
1416 386 1582 437 elatum,

191 479 279 505 cum
316 478 359 503 eo
391 464 585 505 venisset
606 462 884 511 comisatum,
913 460 1029 514 quod
1051 473 1174 508 mero,
1208 456 1250 497 z'd
1277 463 1347 501 est,
1368 455 1460 495 vino
1492 461 1586 496 esset

190 536 389 573 coactus.

134 599 336 640 Sicilices
352 603 401 627 4Y
430 598 659 638 hastarum
683 597 860 650 spicula
875 596 983 636 lata.
1017 594 1201 635 Ennius:
1223 592 1377 634 Incen-
1410 591 1535 645 [PAU
1547 601 1587 631 t..

191 667 280 707 dit⁵
307 667 423 707 veles
443 666 579 718 vulgo
603 664 830 706 sicilibus⁶
860 665 978 704 latis.

136 736 366 778 Sicilicum
380 739 393 755 ²
415 734 598 783 dictum,
617 733 736 786 quod
759 731 1034 772 semunciam
1047 733 1181 771 secet.

136 803 349 858 Sicyonia
364 807 380 822 ³
409 814 542 854 genus
564 799 859 841 calciamenti.

193 870 392 924 sicyonia
419 868 550 909 demit
569 868 767 908 honesta.

920 798 1120 839 Lucilius
1141 811 1149 834 :
1184 796 1240 838 Et
1264 796 1451 850 pedibus
1473 796 1591 838 laeva

139 938 260 980 Sifus
278 937 293 960 ὓ
316 942 561 989 usurpatum
581 941 637 974 est
652 949 727 988 pro
748 932 861 974 tubis
881 933 1011 986 ipsis,
1035 931 1079 972 id
1095 931 1213 985 quod
1230 930 1390 972 Graece
1430 930 1591 984 [FEST.

746 1054 881 1066 eeeeeee

885 1053 981 1065 eeeee

181 1138 201 1166 4
225 1133 322 1164 Fulv.
338 1132 452 1163 Ursin.
470 1137 505 1163 et
520 1133 608 1164 Dae.
624 1133 744 1162 malint
761 1132 947 1164 Siciles.—5
973 1129 1037 1162 Ed.
1055 1129 1144 1160 Scal.
1158 1127 1359 1159 Incedit.——6
1377 1127 1437 1157 Vir
1454 1126 1544 1158 doct.
1562 1128 1594 1158 in

139 1187 244 1218 marg.
262 1176 413 1217 ejusdem
431 1174 485 1205 ed.
502 1176 593 1215 conj.
610 1175 788 1208 sicilicibus.

773 1281 912 1314 NOTAE
961 1269 965 1271 ’

183 1366 197 1388 Y
221 1360 377 1401 sicilices]
410 1360 635 1392 Scribendum
661 1359 773 1390 Sic-iles
800 1367 841 1388 ex

143 1411 186 1442 A.
201 1411 293 1443 Gell.
309 1412 368 1442 lib.
386 1420 420 1443 x.
436 1421 512 1452 cap.
529 1413 582 1441 20.
608 1410 679 1441 Ful.
700 1409 808 1440 Ursin.

185 1462 339 1502 Sicilices]
355 1462 550 1493 Glossarius
564 1472 571 1490 z
584 1465 592 1478 ¹
605 1460 720 1494 Sicila,
733 1458 845 1497 σμίλα,

144 1511 315 1550 ἆρβήλιον.’
327 1513 336 1528 ‘
346 1512 500 1549 Sicilum‚
511 1510 599 1551 ξυρὸν
608 1508 756 1540 σκυτέως.
778 1508 845 1539 ‘Si-

145 1563 221 1598 cila,
242 1562 340 1601 σμίλα
355 1559 569 1602 χαρτοτόμος.’
586 1563 640 1591 est
653 1564 764 1590 autem
783 1567 847 1588 vox

144 1621 276 1652 magnae
306 1612 476 1643 Graeciae:
510 1621 551 1642 eo
572 1610 706 1641 nomine
722 1608 847 1639 intelli·

147 1663 275 1703 gebant
292 1661 453 1702 quicquid
479 1660 617 1692 secandi
634 1660 699 1690 vim
719 1658 845 1696 liabet3

145 1712 225 1743 inde
242 1712 358 1743 Sicilia
373 1712 474 1746 dicta,
503 1711 578 1750 quia
605 1709 646 1740 ab
672 1709 773 1739 Italia
791 1708 846 1737 ab·

149 1767 254 1794 secta.
300 1762 385 1793 Inde
402 1763 411 1779 ‘
428 1761 558 1792 Sicilire
584 1758 706 1800 prata‚’
719 1767 848 1789 secare.

146 1813 216 1844 Jos.
234 1812 316 1843 Scal.

191 1863 349 1903 Sicilices]
366 1862 482 1892 Malim
498 1862 612 1892 siciles.
641 1860 755 1892 Gloss.
773 1858 782 1875 ‘
800 1859 848 1888 Si-

148 1913 227 1948 cila,
243 1911 353 1951 σμίλα,
367 1911 538 1953 ἀρβήλιον.’
554 1914 563 1929 ⁴
576 1911 690 1947 Sicila,
701 1909 850 1948 scalper,

148 1964 259 1994 culter
276 1961 445 1994 sutorius.’
472 1962 582 1992 Item:
606 1961 615 1977 ‘
629 1960 780 1993 Sicilum,
801 1960 849 1996 ξυ-

148 2014 200 2054 ρὸν
237 2013 394 2045 σκυί-έως.Ι
460 2011 469 2029 ‘
484 2011 664 2043 Novacula
702 2007 849 2040 sutoris.²

149 2065 249 2097 Idem
261 2072 295 2097 et
310 2064 554 2104 sicilisMagnae
567 2063 714 2095 Graeciae
730 2071 848 2092 vocem

151 2125 226 2147 esse
259 2116 306 2146 ait
330 2114 456 2154 Scalig.
514 2113 606 2143 Puto
635 2112 750 2152 potius
778 2120 850 2141 esse

152 2165 387 2196 diminutivum
406 2174 425 2195 a
440 2163 449 2180 ‘
462 2163 558 2202 sica,’
585 2162 594 2179 ι
608 2162 736 2201 sicela‚'
751 2166 760 2180 ‘
775 2161 850 2192 sici-

149 2214 206 2255 la‚’
223 2214 232 2231 ‘
245 2214 374 2254 sicilis‚’
404 2217 412 2232 ‘
425 2213 573 2251 εἰσίω-εξ
592 2212 681 2253 quod
710 2217 774 2251 est,
802 2221 851 2241 se-

152 2273 231 2296 care
247 2264 336 2304 apud
353 2264 519 2295 Servium.
562 2263 639 2293 Sica
651 2268 762 2293 autem
779 2262 852 2292 bre-

151 2314 202 2344 vis
218 2313 348 2354 gladius
366 2318 398 2344 et
424 2313 605 2350 incurvus3
633 2320 739 2353 quare
765 2312 854 2342 sicila

154 2364 266 2396 dictus
291 2365 399 2396 culter
425 2364 586 2402 saturius,
613 2362 700 2403 quod
724 2363 757 2392 in
784 2372 853 2392 mo·

155 2415 236 2446 dum
261 2414 340 2445 sicae
370 2418 459 2444 esset
486 2413 657 2444 incurvus.
703 2412 789 2442 Inde
810 2413 852 2443 si-

154 2465 229 2495 ciles
252 2463 445 2504 sibynarum
475 2468 534 2494 aut
564 2464 755 2493 lancearum
786 2462 854 2502 spi-

158 2515 232 2545 cula
248 2513 335 2546 dixit
352 2513 479 2543 Ennius
494 2523 501 2541 τ
534 2513 655 2544 Incedit
672 2513 750 2543 veles
765 2512 855 2551 volgo

156 2563 294 2594 sicilibus
320 2562 402 2592 latis.
447 2563 504 2593 Sic
526 2564 615 2593 enim
643 2563 756 2602 potius
780 2563 855 2601 lego

159 2623 259 2655 quam
273 2613 458 2643 sicilicibus:
476 2613 562 2644 ratio
579 2618 641 2652 est,
657 2613 745 2654 quod
764 2614 857 2653 prior

161 2663 292 2704 syllaba
320 2663 352 2693 in
379 2663 545 2693 sicilicibus
570 2663 684 2694 brevis
701 2667 763 2698 est,
780 2672 855 2704 quae

160 2715 261 2755 longa
278 2722 351 2743 esse
376 2713 479 2743 debet
502 2723 521 2743 a
544 2713 617 2743 sica.
664 2713 750 2744 Vide
781 2722 856 2753 quae

248 2767 365 2807 Delplz.
377 2770 408 2798 et
428 2766 503 2797 Var.
518 2766 604 2797 Clas.

783 2766 892 2805 Pomp.
911 2765 997 2796 Fest.

897 1357 1028 1388 notavit
1043 1357 1185 1388 Salmas.
1200 1356 1278 1387 hist.
1296 1355 1440 1394 August.
1460 1357 1541 1384 tom.
1560 1362 1602 1384 11.

899 1409 998 1440 Ennii
1016 1418 1146 1439 versum
1166 1407 1298 1448 quidam
1314 1406 1361 1436 sic
1378 1407 1494 1444 legunt
1514 1416 1521 1433 ι
1547 1404 1601 1434 Iu-

898 1459 975 1490 cz'dz't
991 1459 1079 1489 miles
1094 1459 1216 1497 volgum
1227 1457 1396 1488 sicilicibus
1410 1456 1495 1486 lutis.
1531 1453 1600 1485 Sed

901 1515 1021 1541 contra
1038 1509 1130 1539 Festi
1144 1508 1397 1539 auctoritatem.
1422 1507 1503 1537 Duc.

944 1565 956 1579 2
979 1558 1155 1598 Sicilicum]
1193 1558 1335 1588 Frustra
1360 1556 1392 1586 in
1418 1554 1600 1596 peregrino

903 1610 1004 1640 verbo
1040 1609 1193 1640 Latinam
1231 1607 1470 1648 etymologiam
1505 1606 1602 1636 rima·

904 1665 978 1691 tur:
1003 1665 1055 1690 est
1071 1660 1159 1690 enim
1175 1660 1308 1699 Syrum.
1324 1659 1394 1687 Jos.
1410 1656 1494 1687 Scal.

948 1709 1125 1749 Sicilicum]
1149 1711 1283 1742 Quarta
1301 1718 1379 1748 pars
1396 1707 1515 1737 unciae.
1534 1706 1604 1736 Bu-

904 1761 994 1792 daeus
1011 1761 1042 1791 in
1061 1761 1118 1790 lib.
1145 1760 1185 1789 de
1203 1768 1294 1789 asse:
1321 1763 1328 1775 ‘
1344 1758 1427 1788 Post
1450 1756 1524 1786 liaec
1552 1765 1602 1785 se—

905 1812 1017 1851 quitur
1032 1810 1203 1846 drachma,
1225 1813 1349 1839 octava
1375 1815 1453 1846 pars
1481 1805 1603 1843 unciae,

905 1871 980 1900 quae
1001 1862 1074 1900 ipsa
1091 1859 1262 1900 geminata
1287 1856 1452 1887 sicilicum
1477 1852 1604 1884 efficit.’

905 1911 971 1942 Sed
1000 1911 1126 1941 frustra
1153 1913 1205 1939 est
1236 1908 1357 1938 Festus
1378 1905 1434 1945 qui
1463 1905 1495 1934 in
1528 1912 1606 1943 per-

905 1961 1021 2001 egrino
1055 1959 1158 1990 verbo
1177 1958 1332 1989 Latinam
1366 1953 1604 1994 etymologiam

905 2012 1057 2042 rimatur.
1103 2009 1249 2040 sicilicus
1273 2007 1315 2038 ab
1333 2006 1482 2037 Hebraeo
1504 2003 1606 2043 sfekel

904 2063 1007 2093 siclus.
1033 2063 1118 2092 Dac.

948 2117 963 2133 a
985 2111 1148 2152 Sicyonia]
1168 2110 1283 2141 Genus
1300 2104 1605 2139 Calciamentimu-

906 2162 1042 2192 liebris:
1076 2161 1185 2192 Cicer.
1219 2168 1244 2191 1.
1276 2159 1317 2190 de
1348 2158 1445 2189 Orat.
1491 2156 1562 2186 ‘Ut
1578 2155 1606 2185 si

907 2212 985 2242 mihi
1003 2211 1134 2241 calceos
1150 2209 1317 2250 sicyonios
1339 2207 1524 2243 attulisses,
1539 2214 1605 2235 non

908 2255 1036 2298 ute-rer,
1062 2261 1217 2301 quamvis
1249 2263 1364 2290 essent
1401 2257 1542 2294 habiles,
1570 2260 1606 2286 et

909 2314 980 2350 apti
1013 2311 1053 2341 ad
1091 2310 1232 2350 pedem:
1273 2309 1330 2340 sed
1365 2317 1431 2338 non
1470 2304 1610 2336 viriles!

909 2362 1059 2402 Hesycli.
1104 2360 1263 2396 Σικυώνια,
1286 2358 1466 2395 ὑποδήματα
1501 2366 1607 2394 ’γυναι-

907 2413 986 2443 nera.
1023 2411 1215 2451 ‘siey-onia,
1261 2409 1366 2440 calcei
1405 2403 1610 2437 muliebres-³

908 2461 1063 2501 Sicyonia
1087 2472 1104 2491 a
1123 2461 1271 2501 Sicyone
1298 2459 1331 2489 in
1356 2458 1608 2496 Peloponneso.

909 2513 949 2543 In
979 2521 1078 2542 versu
1095 2511 1204 2542 Lucil.
1222 2510 1378 2547 Honesta,
1400 2507 1433 2538 id
1458 2510 1520 2543 est,
1538 2505 1609 2544 pul·

911 2563 1002 2593 clira.
1047 2562 1103 2592 Sic
1124 2561 1202 2591 alibi
1228 2560 1316 2590 dixit
1335 2559 1424 2589 idem
1454 2557 1609 2596 ‘plantas

911 2612 1081 2643 convestit
1096 2609 1278 2642 honestas!

912 2667 965 2692 tus
981 2660 1180 2692 honestum!
1204 2660 1302 2690 Idem.

953 2710 966 2730 ¹³
991 2711 1079 2749 Sifus
1093 2732 1100 2741 .
1113 2710 1157 2749 ..]
1172 2710 1282 2741 Locus
1300 2705 1457 2744 difficilis,
1482 2704 1538 2744 qui
1559 2705 1609 2734 lu-

1463 2760 1481 2787 3
1506 2757 1523 2787 Ι

1324 2609 1368 2639 Et
1385 2607 1483 2645 Virg.
1513 2604 1522 2619 ‘
1533 2613 1610 2644 pec-
