<?xml version="1.0" encoding="UTF-8"?>
<!DOCTYPE html PUBLIC "-//W3C//DTD XHTML 1.0 Transitional//EN"
    "http://www.w3.org/TR/xhtml1/DTD/xhtml1-transitional.dtd">
<html xmlns="http://www.w3.org/1999/xhtml" xml:lang="en" lang="en">
 <head>
  <title>
</title>
<meta http-equiv="Content-Type" content="text/html;charset=utf-8" />
  <meta name='ocr-system' content='tesseract 3.04.00' />
  <meta name='ocr-capabilities' content='ocr_page ocr_carea ocr_par ocr_line ocrx_word'/>
</head>
<body>
  <div class='ocr_page' id='page_1' title='image "./mverriiflacciqua02verruoft/mverriiflacciqua02verruoft_0044.png"; bbox 0 0 1876 3025; ppageno 0'>
   <div class='ocr_carea' id='block_1_1' title="bbox 297 169 384 212">
    <p class='ocr_par' dir='ltr' id='par_1_1' title="bbox 297 169 384 212">
     <span class='ocr_line' id='line_1_1' title="bbox 297 169 384 212; baseline 0.011 -1"><span class='ocrx_word' id='word_1_1' title='bbox 297 169 384 212; x_wconf 83' lang='lat'><strong>674</strong></span> 
     </span>
    </p>
   </div>
   <div class='ocr_carea' id='block_1_2' title="bbox 731 180 1287 212">
    <p class='ocr_par' dir='ltr' id='par_1_2' title="bbox 731 180 1287 212">
     <span class='ocr_line' id='line_1_2' title="bbox 731 180 1287 212; baseline 0 -1"><span class='ocrx_word' id='word_1_2' title='bbox 731 181 877 212; x_wconf 82' lang='lat' dir='ltr'><strong>SEX&#39;rl</strong></span> <span class='ocrx_word' id='word_1_3' title='bbox 911 180 1115 211; x_wconf 84' lang='lat' dir='ltr'><strong>POMPEII</strong></span> <span class='ocrx_word' id='word_1_4' title='bbox 1150 180 1287 211; x_wconf 83' lang='lat' dir='ltr'>FESTI</span> 
     </span>
    </p>
   </div>
   <div class='ocr_carea' id='block_1_3' title="bbox 300 272 1745 529">
    <p class='ocr_par' dir='ltr' id='par_1_3' title="bbox 353 272 1742 462">
     <span class='ocr_line' id='line_1_3' title="bbox 354 272 1742 328; baseline -0.002 -11"><span class='ocrx_word' id='word_1_5' title='bbox 354 274 448 317; x_wconf 87' lang='lat' dir='ltr'><strong>licii</strong></span> <span class='ocrx_word' id='word_1_6' title='bbox 479 273 664 317; x_wconf 85' lang='lat' dir='ltr'><strong>Maleoli</strong></span> <span class='ocrx_word' id='word_1_7' title='bbox 679 277 710 306; x_wconf 90' lang='lat'><strong>¹⁷</strong></span> <span class='ocrx_word' id='word_1_8' title='bbox 732 274 903 316; x_wconf 88' lang='lat' dir='ltr'><strong>AEdiles</strong></span> <span class='ocrx_word' id='word_1_9' title='bbox 920 274 1104 316; x_wconf 88' lang='lat' dir='ltr'><strong>Curules</strong></span> <span class='ocrx_word' id='word_1_10' title='bbox 1119 275 1341 328; x_wconf 85' lang='lat' dir='ltr'><strong>pecuariis</strong></span> <span class='ocrx_word' id='word_1_11' title='bbox 1362 272 1662 316; x_wconf 83' lang='lat' dir='ltr'><strong>condemnatis</strong></span> <span class='ocrx_word' id='word_1_12' title='bbox 1684 287 1742 316; x_wconf 82' lang='lat' dir='ltr'><strong>ex</strong></span> 
     </span>
     <span class='ocr_line' id='line_1_4' title="bbox 353 341 1742 396; baseline -0.001 -12"><span class='ocrx_word' id='word_1_13' title='bbox 353 343 558 396; x_wconf 82' lang='lat' dir='ltr'><strong>pecunia,</strong></span> <span class='ocrx_word' id='word_1_14' title='bbox 592 355 723 396; x_wconf 82' lang='lat' dir='ltr'><strong>quam</strong></span> <span class='ocrx_word' id='word_1_15' title='bbox 757 341 1010 396; x_wconf 78' lang='lat' dir='ltr'><strong>ceperant,¹⁸</strong></span> <span class='ocrx_word' id='word_1_16' title='bbox 1032 342 1290 392; x_wconf 88' lang='lat' dir='ltr'><strong>munierunt,</strong></span> <span class='ocrx_word' id='word_1_17' title='bbox 1322 345 1370 383; x_wconf 92' lang='lat' dir='ltr'><strong>ut</strong></span> <span class='ocrx_word' id='word_1_18' title='bbox 1403 342 1446 382; x_wconf 92' lang='lat' dir='ltr'><strong>in</strong></span> <span class='ocrx_word' id='word_1_19' title='bbox 1475 341 1742 383; x_wconf 88' lang='lat' dir='ltr'><strong>Aventinum</strong></span> 
     </span>
     <span class='ocr_line' id='line_1_5' title="bbox 355 408 1091 462; baseline -0.003 -11"><span class='ocrx_word' id='word_1_20' title='bbox 355 408 547 451; x_wconf 82' lang='lat' dir='ltr'><strong>vehiculi</strong></span> <span class='ocrx_word' id='word_1_21' title='bbox 567 409 700 451; x_wconf 81' lang='lat' dir='ltr'><strong>Velia</strong></span> <span class='ocrx_word' id='word_1_22' title='bbox 715 412 748 442; x_wconf 81' lang='grc' dir='ltr'><strong>Ῐ9</strong></span> <span class='ocrx_word' id='word_1_23' title='bbox 768 409 912 451; x_wconf 87' lang='lat' dir='ltr'><strong>venire</strong></span> <span class='ocrx_word' id='word_1_24' title='bbox 932 408 1091 462; x_wconf 83' lang='lat' dir='ltr'>possit.</span> 
     </span>
    </p>

    <p class='ocr_par' dir='ltr' id='par_1_4' title="bbox 300 475 1745 529">
     <span class='ocr_line' id='line_1_6' title="bbox 300 475 1745 529; baseline -0.001 -12"><span class='ocrx_word' id='word_1_25' title='bbox 300 476 557 518; x_wconf 84' lang='lat' dir='ltr'><strong>Pudicitiae⁵</strong></span> <span class='ocrx_word' id='word_1_26' title='bbox 579 477 750 529; x_wconf 84' lang='lat' dir='ltr'><strong>signum</strong></span> <span class='ocrx_word' id='word_1_27' title='bbox 767 477 810 517; x_wconf 91' lang='lat' dir='ltr'><strong>in</strong></span> <span class='ocrx_word' id='word_1_28' title='bbox 830 476 924 516; x_wconf 89' lang='lat' dir='ltr'><strong>foro</strong></span> <span class='ocrx_word' id='word_1_29' title='bbox 944 476 1098 517; x_wconf 82' lang='lat' dir='ltr'><strong>boario</strong></span> <span class='ocrx_word' id='word_1_30' title='bbox 1119 480 1202 525; x_wconf 84' lang='lat' dir='ltr'><strong>est,</strong></span> <span class='ocrx_word' id='word_1_31' title='bbox 1224 476 1299 517; x_wconf 88' lang='lat' dir='ltr'><strong>ubi</strong></span> <span class='ocrx_word' id='word_1_32' title='bbox 1318 475 1485 517; x_wconf 84' lang='lat' dir='ltr'><strong>familia</strong></span> <span class='ocrx_word' id='word_1_33' title='bbox 1505 475 1745 517; x_wconf 83' lang='lat' dir='ltr'><strong>naaedisset</strong></span> 
     </span>
    </p>
   </div>
   <div class='ocr_carea' id='block_1_4' title="bbox 356 543 1570 597">
    <p class='ocr_par' dir='ltr' id='par_1_5' title="bbox 356 543 1570 597">
     <span class='ocr_line' id='line_1_7' title="bbox 356 543 1570 597; baseline -0.001 -13"><span class='ocrx_word' id='word_1_34' title='bbox 356 543 621 594; x_wconf 85' lang='lat' dir='ltr'><strong>Herculis‚20</strong></span> <span class='ocrx_word' id='word_1_35' title='bbox 638 557 735 585; x_wconf 85' lang='lat' dir='ltr'><strong>eam</strong></span> <span class='ocrx_word' id='word_1_36' title='bbox 756 543 934 597; x_wconf 83' lang='lat' dir='ltr'><strong>quidam</strong></span> <span class='ocrx_word' id='word_1_37' title='bbox 956 543 1163 584; x_wconf 89' lang='lat' dir='ltr'><strong>Fortunae</strong></span> <span class='ocrx_word' id='word_1_38' title='bbox 1185 556 1283 584; x_wconf 89' lang='lat' dir='ltr'><strong>esse</strong></span> <span class='ocrx_word' id='word_1_39' title='bbox 1302 543 1570 584; x_wconf 86' lang='lat' dir='ltr'><strong>existimant.</strong></span> 
     </span>
    </p>
   </div>
   <div class='ocr_carea' id='block_1_5' title="bbox 1630 543 1743 583">
    <p class='ocr_par' dir='ltr' id='par_1_6' title="bbox 1630 543 1743 583">
     <span class='ocr_line' id='line_1_8' title="bbox 1630 543 1743 583; baseline 0 0"><span class='ocrx_word' id='word_1_40' title='bbox 1630 543 1743 583; x_wconf 86' lang='lat' dir='ltr'><strong>Item</strong></span> 
     </span>
    </p>
   </div>
   <div class='ocr_carea' id='block_1_6' title="bbox 300 609 1745 931">
    <p class='ocr_par' dir='ltr' id='par_1_7' title="bbox 355 609 1744 731">
     <span class='ocr_line' id='line_1_9' title="bbox 355 609 1744 660; baseline -0.001 -9"><span class='ocrx_word' id='word_1_41' title='bbox 355 610 432 651; x_wconf 86' lang='lat' dir='ltr'><strong>via</strong></span> <span class='ocrx_word' id='word_1_42' title='bbox 452 610 611 652; x_wconf 84' lang='lat' dir='ltr'><strong>Latina</strong></span> <span class='ocrx_word' id='word_1_43' title='bbox 631 611 688 652; x_wconf 86' lang='lat' dir='ltr'><strong>ad</strong></span> <span class='ocrx_word' id='word_1_44' title='bbox 721 611 970 652; x_wconf 80' lang='lat' dir='ltr'><strong>milliarium</strong></span> <span class='ocrx_word' id='word_1_45' title='bbox 1004 611 1069 652; x_wconf 89' lang='lat' dir='ltr'><strong>illi</strong></span> <span class='ocrx_word' id='word_1_46' title='bbox 1106 610 1316 651; x_wconf 83' lang='lat' dir='ltr'><strong>Fortunae</strong></span> <span class='ocrx_word' id='word_1_47' title='bbox 1351 609 1592 660; x_wconf 88' lang='lat' dir='ltr'><strong>muliebris,</strong></span> <span class='ocrx_word' id='word_1_48' title='bbox 1620 609 1744 651; x_wconf 79' lang='lat' dir='ltr'><strong>nefas</strong></span> 
     </span>
     <span class='ocr_line' id='line_1_10' title="bbox 356 677 1329 731; baseline -0.001 -13"><span class='ocrx_word' id='word_1_49' title='bbox 356 681 423 718; x_wconf 91' lang='lat' dir='ltr'><strong>est</strong></span> <span class='ocrx_word' id='word_1_50' title='bbox 441 677 606 731; x_wconf 81' lang='lat' dir='ltr'><strong>attingi,</strong></span> <span class='ocrx_word' id='word_1_51' title='bbox 626 678 710 718; x_wconf 89' lang='lat' dir='ltr'><strong>nisi</strong></span> <span class='ocrx_word' id='word_1_52' title='bbox 729 679 785 719; x_wconf 83' lang='lat' dir='ltr'><strong>ab</strong></span> <span class='ocrx_word' id='word_1_53' title='bbox 806 690 871 728; x_wconf 78' lang='lat' dir='ltr'><strong>ea,</strong></span> <span class='ocrx_word' id='word_1_54' title='bbox 892 691 992 731; x_wconf 88' lang='lat' dir='ltr'><strong>quae</strong></span> <span class='ocrx_word' id='word_1_55' title='bbox 1015 677 1146 718; x_wconf 89' lang='lat' dir='ltr'><strong>semel</strong></span> <span class='ocrx_word' id='word_1_56' title='bbox 1167 677 1329 731; x_wconf 86' lang='lat' dir='ltr'><strong>nupsit.</strong></span> 
     </span>
    </p>

    <p class='ocr_par' dir='ltr' id='par_1_8' title="bbox 300 742 1743 865">
     <span class='ocr_line' id='line_1_11' title="bbox 300 742 1743 798; baseline -0.002 -12"><span class='ocrx_word' id='word_1_57' title='bbox 300 744 534 786; x_wconf 74' lang='lat' dir='ltr'><strong>Pudicitiae</strong></span> <span class='ocrx_word' id='word_1_58' title='bbox 569 745 740 798; x_wconf 87' lang='lat' dir='ltr'><strong>signum</strong></span> <span class='ocrx_word' id='word_1_59' title='bbox 776 743 934 786; x_wconf 85' lang='lat' dir='ltr'><strong>Romae</strong></span> <span class='ocrx_word' id='word_1_60' title='bbox 974 744 1216 793; x_wconf 82' lang='lat' dir='ltr'>colebatur,</span> <span class='ocrx_word' id='word_1_61' title='bbox 1247 742 1365 798; x_wconf 91' lang='lat' dir='ltr'><strong>quod</strong></span> <span class='ocrx_word' id='word_1_62' title='bbox 1401 742 1525 784; x_wconf 86' lang='lat' dir='ltr'><strong>nefas</strong></span> <span class='ocrx_word' id='word_1_63' title='bbox 1565 742 1743 797; x_wconf 78' lang='lat' dir='ltr'><strong>[PAUL.</strong></span> 
     </span>
     <span class='ocr_line' id='line_1_12' title="bbox 356 811 1452 865; baseline -0.003 -12"><span class='ocrx_word' id='word_1_64' title='bbox 356 817 450 853; x_wconf 83' lang='lat' dir='ltr'><strong>erat</strong></span> <span class='ocrx_word' id='word_1_65' title='bbox 470 812 635 864; x_wconf 82' lang='lat' dir='ltr'><strong>attingi,</strong></span> <span class='ocrx_word' id='word_1_66' title='bbox 655 811 741 852; x_wconf 89' lang='lat' dir='ltr'><strong>nisi</strong></span> <span class='ocrx_word' id='word_1_67' title='bbox 763 812 820 852; x_wconf 84' lang='lat' dir='ltr'><strong>ab</strong></span> <span class='ocrx_word' id='word_1_68' title='bbox 840 824 908 860; x_wconf 84' lang='lat' dir='ltr'><strong>ea,</strong></span> <span class='ocrx_word' id='word_1_69' title='bbox 929 825 1030 865; x_wconf 86' lang='lat' dir='ltr'><strong>quae</strong></span> <span class='ocrx_word' id='word_1_70' title='bbox 1052 812 1184 853; x_wconf 90' lang='lat' dir='ltr'><strong>semel</strong></span> <span class='ocrx_word' id='word_1_71' title='bbox 1205 811 1452 864; x_wconf 85' lang='lat' dir='ltr'><strong>nupsisset.</strong></span> 
     </span>
    </p>

    <p class='ocr_par' dir='ltr' id='par_1_9' title="bbox 302 875 1745 931">
     <span class='ocr_line' id='line_1_13' title="bbox 302 875 1745 931; baseline -0.001 -13"><span class='ocrx_word' id='word_1_72' title='bbox 302 878 462 927; x_wconf 91' lang='lat' dir='ltr'><strong>Puelli,</strong></span> <span class='ocrx_word' id='word_1_73' title='bbox 478 878 602 931; x_wconf 86' lang='lat' dir='ltr'><strong>pueri</strong></span> <span class='ocrx_word' id='word_1_74' title='bbox 619 891 695 931; x_wconf 87' lang='lat' dir='ltr'><strong>per</strong></span> <span class='ocrx_word' id='word_1_75' title='bbox 716 877 1071 920; x_wconf 84' lang='lat' dir='ltr'><strong>deminutionem.</strong></span> <span class='ocrx_word' id='word_1_76' title='bbox 1131 879 1299 919; x_wconf 90' lang='lat' dir='ltr'><strong>Ennius</strong></span> <span class='ocrx_word' id='word_1_77' title='bbox 1318 891 1326 915; x_wconf 73' lang='grc' dir='ltr'><strong><em>ε</em></strong></span> <span class='ocrx_word' id='word_1_78' title='bbox 1349 876 1481 918; x_wconf 87' lang='lat' dir='ltr'><strong>Poeni</strong></span> <span class='ocrx_word' id='word_1_79' title='bbox 1496 875 1618 917; x_wconf 87' lang='lat' dir='ltr'><strong>soliti</strong></span> <span class='ocrx_word' id='word_1_80' title='bbox 1640 888 1745 917; x_wconf 89' lang='lat' dir='ltr'><strong>suos</strong></span> 
     </span>
    </p>
   </div>
   <div class='ocr_carea' id='block_1_7' title="bbox 358 945 809 998">
    <p class='ocr_par' dir='ltr' id='par_1_10' title="bbox 358 945 809 998">
     <span class='ocr_line' id='line_1_14' title="bbox 358 945 809 998; baseline -0.004 -12"><span class='ocrx_word' id='word_1_81' title='bbox 358 945 609 986; x_wconf 80' lang='lat' dir='ltr'><strong>sacrificare</strong></span> <span class='ocrx_word' id='word_1_82' title='bbox 625 945 809 998; x_wconf 85' lang='lat' dir='ltr'><strong>puellos.</strong></span> 
     </span>
    </p>
   </div>
   <div class='ocr_carea' id='block_1_8' title="bbox 302 1009 1745 1066">
    <p class='ocr_par' dir='ltr' id='par_1_11' title="bbox 302 1009 1745 1066">
     <span class='ocr_line' id='line_1_15' title="bbox 302 1009 1745 1066; baseline -0.002 -14"><span class='ocrx_word' id='word_1_83' title='bbox 302 1011 463 1053; x_wconf 82' lang='lat' dir='ltr'><strong>Puellit</strong></span> <span class='ocrx_word' id='word_1_84' title='bbox 481 1025 558 1065; x_wconf 88' lang='lat' dir='ltr'><strong>per</strong></span> <span class='ocrx_word' id='word_1_85' title='bbox 579 1012 917 1053; x_wconf 85' lang='lat' dir='ltr'><strong>deminutionem</strong></span> <span class='ocrx_word' id='word_1_86' title='bbox 938 1025 965 1053; x_wconf 84' lang='lat' dir='ltr'><strong>a</strong></span> <span class='ocrx_word' id='word_1_87' title='bbox 994 1013 1144 1066; x_wconf 87' lang='lat' dir='ltr'><strong>pueris</strong></span> <span class='ocrx_word' id='word_1_88' title='bbox 1175 1012 1282 1053; x_wconf 91' lang='lat' dir='ltr'><strong>dicti</strong></span> <span class='ocrx_word' id='word_1_89' title='bbox 1305 1014 1427 1052; x_wconf 87' lang='lat' dir='ltr'><strong>sunt:</strong></span> <span class='ocrx_word' id='word_1_90' title='bbox 1458 1010 1542 1051; x_wconf 83' lang='lat' dir='ltr'><strong>ita·</strong></span> <span class='ocrx_word' id='word_1_91' title='bbox 1579 1009 1745 1063; x_wconf 78' lang='lat' dir='ltr'><strong>[FEST.</strong></span> 
     </span>
    </p>
   </div>
   <div class='ocr_carea' id='block_1_9' title="bbox 910 1130 1152 1144">
    <p class='ocr_par' dir='ltr' id='par_1_12' title="bbox 910 1130 1152 1144">
     <span class='ocr_line' id='line_1_16' title="bbox 910 1130 1152 1144; baseline 0.008 -2"><span class='ocrx_word' id='word_1_92' title='bbox 910 1130 1152 1144; x_wconf 55' lang='lat' dir='ltr'><strong>“o-&#39;N‘NOM</strong></span> 
     </span>
    </p>
   </div>
   <div class='ocr_carea' id='block_1_10' title="bbox 302 1215 1748 1343">
    <p class='ocr_par' dir='ltr' id='par_1_13' title="bbox 302 1215 1748 1343">
     <span class='ocr_line' id='line_1_17' title="bbox 346 1215 1748 1259; baseline -0.003 -11"><span class='ocrx_word' id='word_1_93' title='bbox 346 1220 384 1248; x_wconf 83' lang='lat'><strong>17</strong></span> <span class='ocrx_word' id='word_1_94' title='bbox 407 1217 488 1249; x_wconf 89' lang='lat' dir='ltr'><strong>Vet.</strong></span> <span class='ocrx_word' id='word_1_95' title='bbox 505 1217 579 1248; x_wconf 88' lang='lat' dir='ltr'><strong>cod.</strong></span> <span class='ocrx_word' id='word_1_96' title='bbox 602 1218 843 1249; x_wconf 80' lang='lat' dir='ltr'><strong>Malteolz&#39;.—-18</strong></span> <span class='ocrx_word' id='word_1_97' title='bbox 859 1217 935 1249; x_wconf 84' lang='lat' dir='ltr'><strong>Vet.</strong></span> <span class='ocrx_word' id='word_1_98' title='bbox 949 1218 1025 1250; x_wconf 88' lang='lat' dir='ltr'><strong>cod.</strong></span> <span class='ocrx_word' id='word_1_99' title='bbox 1038 1220 1267 1259; x_wconf 81' lang='lat' dir='ltr'><strong>coeperat.—19</strong></span> <span class='ocrx_word' id='word_1_100' title='bbox 1290 1217 1368 1249; x_wconf 90' lang='lat' dir='ltr'><strong>Vet.</strong></span> <span class='ocrx_word' id='word_1_101' title='bbox 1385 1216 1460 1248; x_wconf 86' lang='lat' dir='ltr'><strong>cod.</strong></span> <span class='ocrx_word' id='word_1_102' title='bbox 1477 1215 1579 1247; x_wconf 80' lang='lat' dir='ltr'><strong>Nelia.</strong></span> <span class='ocrx_word' id='word_1_103' title='bbox 1593 1215 1748 1253; x_wconf 79' lang='lat' dir='ltr'><strong>Scaliger</strong></span> 
     </span>
     <span class='ocr_line' id='line_1_18' title="bbox 302 1257 1746 1300; baseline -0.002 -10"><span class='ocrx_word' id='word_1_104' title='bbox 302 1260 397 1300; x_wconf 83' lang='lat' dir='ltr'><strong>legit,</strong></span> <span class='ocrx_word' id='word_1_105' title='bbox 419 1260 556 1290; x_wconf 76' lang='lat' dir='ltr'><strong>vehicula</strong></span> <span class='ocrx_word' id='word_1_106' title='bbox 571 1261 675 1291; x_wconf 76' lang='lat' dir='ltr'><strong>venire</strong></span> <span class='ocrx_word' id='word_1_107' title='bbox 688 1260 816 1300; x_wconf 76' lang='lat' dir='ltr'><strong>possint.</strong></span> <span class='ocrx_word' id='word_1_108' title='bbox 850 1260 937 1291; x_wconf 85' lang='lat' dir='ltr'><strong>Vide</strong></span> <span class='ocrx_word' id='word_1_109' title='bbox 951 1262 1160 1292; x_wconf 51' lang='lat' dir='ltr'><strong>Notas—20</strong></span> <span class='ocrx_word' id='word_1_110' title='bbox 1184 1265 1192 1278; x_wconf 87' lang='lat'><em>‘</em></span> <span class='ocrx_word' id='word_1_111' title='bbox 1212 1260 1274 1291; x_wconf 87' lang='lat' dir='ltr'><strong>llla</strong></span> <span class='ocrx_word' id='word_1_112' title='bbox 1291 1260 1452 1290; x_wconf 80' lang='lat' dir='ltr'><strong>mendosa</strong></span> <span class='ocrx_word' id='word_1_113' title='bbox 1462 1263 1540 1289; x_wconf 86' lang='lat' dir='ltr'><strong>sunt</strong></span> <span class='ocrx_word' id='word_1_114' title='bbox 1556 1268 1563 1288; x_wconf 90' lang='lat'>:</span> <span class='ocrx_word' id='word_1_115' title='bbox 1588 1257 1746 1291; x_wconf 83' lang='lat' dir='ltr'><strong>fortasse,</strong></span> 
     </span>
     <span class='ocr_line' id='line_1_19' title="bbox 302 1299 1748 1343; baseline -0.001 -11"><span class='ocrx_word' id='word_1_116' title='bbox 302 1302 356 1332; x_wconf 82' lang='lat' dir='ltr'><strong>abi</strong></span> <span class='ocrx_word' id='word_1_117' title='bbox 369 1302 508 1342; x_wconf 81' lang='lat' dir='ltr'><strong>familia,</strong></span> <span class='ocrx_word' id='word_1_118' title='bbox 521 1306 613 1341; x_wconf 82' lang='lat' dir='ltr'><strong>atque</strong></span> <span class='ocrx_word' id='word_1_119' title='bbox 626 1303 702 1333; x_wconf 79' lang='lat' dir='ltr'><strong>aedz&#39;s</strong></span> <span class='ocrx_word' id='word_1_120' title='bbox 717 1306 762 1333; x_wconf 84' lang='lat' dir='ltr'><strong>est</strong></span> <span class='ocrx_word' id='word_1_121' title='bbox 777 1303 925 1334; x_wconf 79' lang='lat' dir='ltr'><strong>Herculis</strong></span> <span class='ocrx_word' id='word_1_122' title='bbox 937 1313 948 1333; x_wconf 89' lang='grc'><strong>.·</strong></span> <span class='ocrx_word' id='word_1_123' title='bbox 971 1304 1036 1343; x_wconf 88' lang='lat' dir='ltr'><strong>vel,</strong></span> <span class='ocrx_word' id='word_1_124' title='bbox 1052 1303 1104 1334; x_wconf 72' lang='lat' dir='ltr'><strong>ubi</strong></span> <span class='ocrx_word' id='word_1_125' title='bbox 1117 1303 1248 1341; x_wconf 82' lang='lat' dir='ltr'><strong>familia</strong></span> <span class='ocrx_word' id='word_1_126' title='bbox 1262 1302 1365 1342; x_wconf 78' lang='lat' dir='ltr'><strong>habet,</strong></span> <span class='ocrx_word' id='word_1_127' title='bbox 1377 1305 1408 1332; x_wconf 83' lang='lat' dir='ltr'><strong>et</strong></span> <span class='ocrx_word' id='word_1_128' title='bbox 1422 1301 1500 1332; x_wconf 81' lang='lat' dir='ltr'><strong>aedis</strong></span> <span class='ocrx_word' id='word_1_129' title='bbox 1514 1303 1560 1331; x_wconf 81' lang='lat' dir='ltr'><strong>est</strong></span> <span class='ocrx_word' id='word_1_130' title='bbox 1577 1299 1748 1331; x_wconf 65' lang='lat' dir='ltr'><strong>Herculis:</strong></span> 
     </span>
    </p>
   </div>
   <div class='ocr_carea' id='block_1_11' title="bbox 304 1343 738 1384">
    <p class='ocr_par' dir='ltr' id='par_1_14' title="bbox 304 1343 738 1384">
     <span class='ocr_line' id='line_1_20' title="bbox 304 1343 738 1384; baseline 0.005 -10"><span class='ocrx_word' id='word_1_131' title='bbox 304 1343 389 1376; x_wconf 83' lang='lat' dir='ltr'><strong>Ant.</strong></span> <span class='ocrx_word' id='word_1_132' title='bbox 407 1344 493 1384; x_wconf 87' lang='lat' dir='ltr'><strong>Aug.</strong></span> <span class='ocrx_word' id='word_1_133' title='bbox 538 1344 625 1375; x_wconf 85' lang='lat' dir='ltr'><strong>Vide</strong></span> <span class='ocrx_word' id='word_1_134' title='bbox 641 1344 738 1376; x_wconf 84' lang='lat' dir='ltr'><strong>infra.</strong></span> 
     </span>
    </p>
   </div>
   <div class='ocr_carea' id='block_1_12' title="bbox 953 1441 1091 1473">
    <p class='ocr_par' dir='ltr' id='par_1_15' title="bbox 953 1441 1091 1473">
     <span class='ocr_line' id='line_1_21' title="bbox 953 1441 1091 1473; baseline 0 0"><span class='ocrx_word' id='word_1_135' title='bbox 953 1441 1091 1473; x_wconf 81' lang='lat' dir='ltr'>NOTAE</span> 
     </span>
    </p>
   </div>
   <div class='ocr_carea' id='block_1_13' title="bbox 303 1514 1002 2753">
    <p class='ocr_par' dir='ltr' id='par_1_16' title="bbox 303 1514 999 1647">
     <span class='ocr_line' id='line_1_22' title="bbox 305 1514 999 1552; baseline 0.004 -7"><span class='ocrx_word' id='word_1_136' title='bbox 305 1514 396 1552; x_wconf 86' lang='lat' dir='ltr'><strong>dum,</strong></span> <span class='ocrx_word' id='word_1_137' title='bbox 421 1514 464 1545; x_wconf 81' lang='lat' dir='ltr'><strong>Ut</strong></span> <span class='ocrx_word' id='word_1_138' title='bbox 486 1515 521 1546; x_wconf 78' lang='lat' dir='ltr'><strong>in</strong></span> <span class='ocrx_word' id='word_1_139' title='bbox 540 1515 729 1546; x_wconf 75' lang='lat' dir='ltr'><strong>Aventinum</strong></span> <span class='ocrx_word' id='word_1_140' title='bbox 744 1517 890 1547; x_wconf 73' lang='lat' dir='ltr'><strong>vehiculis</strong></span> <span class='ocrx_word' id='word_1_141' title='bbox 913 1517 999 1548; x_wconf 83' lang='lat' dir='ltr'><strong>Velia</strong></span> 
     </span>
     <span class='ocr_line' id='line_1_23' title="bbox 303 1564 999 1604; baseline 0.003 -9"><span class='ocrx_word' id='word_1_142' title='bbox 303 1565 407 1596; x_wconf 79' lang='lat' dir='ltr'><strong>venire</strong></span> <span class='ocrx_word' id='word_1_143' title='bbox 428 1565 558 1604; x_wconf 81' lang='lat' dir='ltr'><strong>possint.</strong></span> <span class='ocrx_word' id='word_1_144' title='bbox 603 1564 644 1596; x_wconf 91' lang='lat' dir='ltr'><strong>Id</strong></span> <span class='ocrx_word' id='word_1_145' title='bbox 672 1569 734 1603; x_wconf 88' lang='lat' dir='ltr'><strong>est,</strong></span> <span class='ocrx_word' id='word_1_146' title='bbox 758 1570 796 1596; x_wconf 91' lang='lat' dir='ltr'><strong>ut</strong></span> <span class='ocrx_word' id='word_1_147' title='bbox 816 1576 834 1596; x_wconf 91' lang='lat' dir='ltr'><strong>e</strong></span> <span class='ocrx_word' id='word_1_148' title='bbox 851 1567 951 1598; x_wconf 86' lang='lat' dir='ltr'><strong>Velia</strong></span> <span class='ocrx_word' id='word_1_149' title='bbox 967 1567 999 1597; x_wconf 92' lang='lat' dir='ltr'><strong>in</strong></span> 
     </span>
     <span class='ocr_line' id='line_1_24' title="bbox 303 1612 979 1647; baseline 0.004 -3"><span class='ocrx_word' id='word_1_150' title='bbox 303 1612 511 1645; x_wconf 89' lang='lat' dir='ltr'><strong>Aventinum</strong></span> <span class='ocrx_word' id='word_1_151' title='bbox 529 1614 692 1645; x_wconf 85' lang='lat' dir='ltr'><strong>vehiculis</strong></span> <span class='ocrx_word' id='word_1_152' title='bbox 707 1614 874 1647; x_wconf 85' lang='lat' dir='ltr'><strong>venirent.</strong></span> <span class='ocrx_word' id='word_1_153' title='bbox 897 1616 979 1647; x_wconf 84' lang='lat' dir='ltr'><strong>Doc.</strong></span> 
     </span>
    </p>

    <p class='ocr_par' dir='ltr' id='par_1_17' title="bbox 305 1663 1000 1754">
     <span class='ocr_line' id='line_1_25' title="bbox 347 1663 1000 1703; baseline 0.005 -9"><span class='ocrx_word' id='word_1_154' title='bbox 347 1669 358 1684; x_wconf 83' lang='lat'>⁸</span> <span class='ocrx_word' id='word_1_155' title='bbox 378 1663 564 1703; x_wconf 78' lang='lat' dir='ltr'><strong>Pudicitiae]</strong></span> <span class='ocrx_word' id='word_1_156' title='bbox 602 1663 748 1695; x_wconf 83' lang='lat' dir='ltr'><strong>vidend.</strong></span> <span class='ocrx_word' id='word_1_157' title='bbox 779 1665 853 1697; x_wconf 88' lang='lat' dir='ltr'><strong>Liv.</strong></span> <span class='ocrx_word' id='word_1_158' title='bbox 877 1665 935 1696; x_wconf 86' lang='lat' dir='ltr'><strong>lib.</strong></span> <span class='ocrx_word' id='word_1_159' title='bbox 963 1675 1000 1697; x_wconf 81' lang='lat' dir='ltr'><strong>x.</strong></span> 
     </span>
     <span class='ocr_line' id='line_1_26' title="bbox 305 1713 873 1754; baseline -0.002 -9"><span class='ocrx_word' id='word_1_160' title='bbox 305 1718 341 1745; x_wconf 84' lang='lat' dir='ltr'><strong>et</strong></span> <span class='ocrx_word' id='word_1_161' title='bbox 355 1723 458 1754; x_wconf 88' lang='lat' dir='ltr'><strong>supra</strong></span> <span class='ocrx_word' id='word_1_162' title='bbox 474 1715 482 1731; x_wconf 89' lang='lat'>‘</span> <span class='ocrx_word' id='word_1_163' title='bbox 496 1713 672 1745; x_wconf 69' lang='lat' dir='ltr'><strong>Plebeiae!</strong></span> <span class='ocrx_word' id='word_1_164' title='bbox 695 1714 774 1746; x_wconf 75' lang='lat' dir='ltr'><strong>Ant.</strong></span> <span class='ocrx_word' id='word_1_165' title='bbox 788 1715 873 1754; x_wconf 80' lang='lat' dir='ltr'><strong>Aug.</strong></span> 
     </span>
    </p>

    <p class='ocr_par' dir='ltr' id='par_1_18' title="bbox 303 1765 1002 2202">
     <span class='ocr_line' id='line_1_27' title="bbox 349 1765 1000 1806; baseline 0.003 -10"><span class='ocrx_word' id='word_1_166' title='bbox 349 1765 534 1806; x_wconf 75' lang='lat' dir='ltr'><strong>Pudicitiae]</strong></span> <span class='ocrx_word' id='word_1_167' title='bbox 566 1766 757 1797; x_wconf 79' lang='lat' dir='ltr'><strong>Monstrum</strong></span> <span class='ocrx_word' id='word_1_168' title='bbox 779 1767 875 1798; x_wconf 89' lang='lat' dir='ltr'><strong>verbi</strong></span> <span class='ocrx_word' id='word_1_169' title='bbox 898 1772 950 1798; x_wconf 84' lang='lat' dir='ltr'><strong>est</strong></span> <span class='ocrx_word' id='word_1_170' title='bbox 967 1768 1000 1797; x_wconf 93' lang='lat' dir='ltr'><strong>in</strong></span> 
     </span>
     <span class='ocr_line' id='line_1_28' title="bbox 303 1817 1000 1857; baseline 0.001 -10"><span class='ocrx_word' id='word_1_171' title='bbox 303 1817 366 1847; x_wconf 83' lang='lat' dir='ltr'><strong>hac</strong></span> <span class='ocrx_word' id='word_1_172' title='bbox 384 1817 522 1857; x_wconf 78' lang='lat' dir='ltr'><strong>periodo</strong></span> <span class='ocrx_word' id='word_1_173' title='bbox 539 1827 545 1846; x_wconf 92' lang='lat'>:</span> <span class='ocrx_word' id='word_1_174' title='bbox 574 1817 633 1847; x_wconf 87' lang='lat' dir='ltr'><strong>sed</strong></span> <span class='ocrx_word' id='word_1_175' title='bbox 654 1822 736 1856; x_wconf 86' lang='lat' dir='ltr'><strong>puto</strong></span> <span class='ocrx_word' id='word_1_176' title='bbox 760 1818 807 1849; x_wconf 88' lang='lat' dir='ltr'><strong>ita</strong></span> <span class='ocrx_word' id='word_1_177' title='bbox 823 1817 1000 1849; x_wconf 79' lang='lat' dir='ltr'><strong>conficien-</strong></span> 
     </span>
     <span class='ocr_line' id='line_1_29' title="bbox 305 1866 1001 1905; baseline 0.004 -10"><span class='ocrx_word' id='word_1_178' title='bbox 305 1867 403 1896; x_wconf 87' lang='lat' dir='ltr'><strong>dum:</strong></span> <span class='ocrx_word' id='word_1_179' title='bbox 429 1866 596 1896; x_wconf 75' lang='lat' dir='ltr'><strong>Pudicitiae</strong></span> <span class='ocrx_word' id='word_1_180' title='bbox 610 1867 735 1905; x_wconf 67' lang='lat' dir='ltr'><strong>signam</strong></span> <span class='ocrx_word' id='word_1_181' title='bbox 749 1868 781 1898; x_wconf 81' lang='lat' dir='ltr'><strong>in</strong></span> <span class='ocrx_word' id='word_1_182' title='bbox 793 1868 868 1904; x_wconf 84' lang='lat' dir='ltr'><strong>foro</strong></span> <span class='ocrx_word' id='word_1_183' title='bbox 883 1868 1001 1898; x_wconf 78' lang='lat' dir='ltr'><strong>Boario</strong></span> 
     </span>
     <span class='ocr_line' id='line_1_30' title="bbox 305 1914 1002 1953; baseline 0.001 -9"><span class='ocrx_word' id='word_1_184' title='bbox 305 1919 363 1953; x_wconf 80' lang='lat' dir='ltr'><strong>est,</strong></span> <span class='ocrx_word' id='word_1_185' title='bbox 391 1914 445 1945; x_wconf 83' lang='lat' dir='ltr'><strong>ubi</strong></span> <span class='ocrx_word' id='word_1_186' title='bbox 469 1915 639 1946; x_wconf 79' lang='lat' dir='ltr'><strong>Aimiliana</strong></span> <span class='ocrx_word' id='word_1_187' title='bbox 662 1917 740 1946; x_wconf 77' lang='lat' dir='ltr'><strong>oedis</strong></span> <span class='ocrx_word' id='word_1_188' title='bbox 765 1920 812 1946; x_wconf 84' lang='lat' dir='ltr'><strong>est</strong></span> <span class='ocrx_word' id='word_1_189' title='bbox 842 1917 1002 1947; x_wconf 75' lang='lat' dir='ltr'><strong>Herculis.</strong></span> 
     </span>
     <span class='ocr_line' id='line_1_31' title="bbox 305 1964 1001 2006; baseline 0.003 -12"><span class='ocrx_word' id='word_1_190' title='bbox 305 1964 466 1995; x_wconf 86' lang='lat' dir='ltr'><strong>Deinde:</strong></span> <span class='ocrx_word' id='word_1_191' title='bbox 497 1966 537 1994; x_wconf 82' lang='lat' dir='ltr'><strong>ad</strong></span> <span class='ocrx_word' id='word_1_192' title='bbox 560 1964 738 1995; x_wconf 79' lang='lat' dir='ltr'><strong>milliarium</strong></span> <span class='ocrx_word' id='word_1_193' title='bbox 761 1964 841 1995; x_wconf 82' lang='lat' dir='ltr'><strong>Iul.</strong></span> <span class='ocrx_word' id='word_1_194' title='bbox 868 1974 911 1995; x_wconf 86' lang='lat' dir='ltr'><strong>ex</strong></span> <span class='ocrx_word' id='word_1_195' title='bbox 934 1975 1001 2006; x_wconf 82' lang='lat' dir='ltr'><strong>quo</strong></span> 
     </span>
     <span class='ocr_line' id='line_1_32' title="bbox 307 2013 1001 2049; baseline 0.003 -6"><span class='ocrx_word' id='word_1_196' title='bbox 307 2013 520 2049; x_wconf 76' lang='lat' dir='ltr'><strong>fact11n1,illi.</strong></span> <span class='ocrx_word' id='word_1_197' title='bbox 549 2013 754 2044; x_wconf 82' lang='lat' dir='ltr'><strong>‘Aimiliana</strong></span> <span class='ocrx_word' id='word_1_198' title='bbox 779 2014 887 2044; x_wconf 85' lang='lat' dir='ltr'><strong>aedes’</strong></span> <span class='ocrx_word' id='word_1_199' title='bbox 916 2015 1001 2045; x_wconf 86' lang='lat' dir='ltr'><strong>Her-</strong></span> 
     </span>
     <span class='ocr_line' id='line_1_33' title="bbox 307 2063 1002 2104; baseline 0.003 -12"><span class='ocrx_word' id='word_1_200' title='bbox 307 2063 390 2093; x_wconf 89' lang='lat' dir='ltr'><strong>culis</strong></span> <span class='ocrx_word' id='word_1_201' title='bbox 421 2063 562 2102; x_wconf 86' lang='lat' dir='ltr'><strong>dictum,</strong></span> <span class='ocrx_word' id='word_1_202' title='bbox 589 2068 625 2094; x_wconf 89' lang='lat' dir='ltr'><strong>ut</strong></span> <span class='ocrx_word' id='word_1_203' title='bbox 656 2063 745 2104; x_wconf 83' lang='lat' dir='ltr'><strong>apud</strong></span> <span class='ocrx_word' id='word_1_204' title='bbox 768 2063 855 2093; x_wconf 86' lang='lat' dir='ltr'><strong>hunc</strong></span> <span class='ocrx_word' id='word_1_205' title='bbox 881 2063 1002 2104; x_wconf 89' lang='lat' dir='ltr'><strong>ipsum,</strong></span> 
     </span>
     <span class='ocr_line' id='line_1_34' title="bbox 306 2112 1000 2144; baseline 0 -1"><span class='ocrx_word' id='word_1_206' title='bbox 306 2113 316 2129; x_wconf 78' lang='lat'>⁴</span> <span class='ocrx_word' id='word_1_207' title='bbox 327 2112 417 2143; x_wconf 86' lang='lat' dir='ltr'><strong>aedes</strong></span> <span class='ocrx_word' id='word_1_208' title='bbox 427 2112 523 2144; x_wconf 86' lang='lat' dir='ltr'><strong>Jovis</strong></span> <span class='ocrx_word' id='word_1_209' title='bbox 536 2112 739 2144; x_wconf 88' lang='lat' dir='ltr'><strong>Metellina.&#39;</strong></span> <span class='ocrx_word' id='word_1_210' title='bbox 754 2112 843 2143; x_wconf 89' lang='lat' dir='ltr'><strong>Vide</strong></span> <span class='ocrx_word' id='word_1_211' title='bbox 854 2112 886 2142; x_wconf 93' lang='lat' dir='ltr'><strong>in</strong></span> <span class='ocrx_word' id='word_1_212' title='bbox 902 2113 1000 2143; x_wconf 82' lang='lat' dir='ltr'><strong>‘Tar-</strong></span> 
     </span>
     <span class='ocr_line' id='line_1_35' title="bbox 307 2161 615 2202; baseline 0.003 -11"><span class='ocrx_word' id='word_1_213' title='bbox 307 2161 419 2202; x_wconf 83' lang='lat' dir='ltr'><strong>peiae.’</strong></span> <span class='ocrx_word' id='word_1_214' title='bbox 444 2163 514 2192; x_wconf 80' lang='lat' dir='ltr'><strong>Jos.</strong></span> <span class='ocrx_word' id='word_1_215' title='bbox 531 2161 615 2192; x_wconf 76' lang='lat' dir='ltr'><strong>Scal.</strong></span> 
     </span>
    </p>

    <p class='ocr_par' dir='ltr' id='par_1_19' title="bbox 304 2210 1001 2753">
     <span class='ocr_line' id='line_1_36' title="bbox 350 2210 999 2251; baseline 0 -10"><span class='ocrx_word' id='word_1_216' title='bbox 350 2210 521 2241; x_wconf 78' lang='lat' dir='ltr'><strong>Pudicitiae</strong></span> <span class='ocrx_word' id='word_1_217' title='bbox 557 2212 680 2250; x_wconf 81' lang='lat' dir='ltr'><strong>signum</strong></span> <span class='ocrx_word' id='word_1_218' title='bbox 705 2211 738 2241; x_wconf 80' lang='lat' dir='ltr'><strong>in</strong></span> <span class='ocrx_word' id='word_1_219' title='bbox 762 2212 837 2249; x_wconf 82' lang='lat' dir='ltr'><strong>foro</strong></span> <span class='ocrx_word' id='word_1_220' title='bbox 869 2211 999 2251; x_wconf 75' lang='lat' dir='ltr'><strong>Boario]</strong></span> 
     </span>
     <span class='ocr_line' id='line_1_37' title="bbox 306 2260 999 2301; baseline 0.004 -11"><span class='ocrx_word' id='word_1_221' title='bbox 306 2260 399 2299; x_wconf 87' lang='lat' dir='ltr'><strong>Lego</strong></span> <span class='ocrx_word' id='word_1_222' title='bbox 424 2260 562 2301; x_wconf 85' lang='lat' dir='ltr'><strong>propius</strong></span> <span class='ocrx_word' id='word_1_223' title='bbox 586 2261 627 2291; x_wconf 86' lang='lat' dir='ltr'><strong>ad</strong></span> <span class='ocrx_word' id='word_1_224' title='bbox 651 2261 872 2300; x_wconf 81' lang='lat' dir='ltr'><strong>scripturam:</strong></span> <span class='ocrx_word' id='word_1_225' title='bbox 902 2262 999 2293; x_wconf 80' lang='lat' dir='ltr'><strong>Padi-</strong></span> 
     </span>
     <span class='ocr_line' id='line_1_38' title="bbox 305 2311 1001 2350; baseline 0.004 -10"><span class='ocrx_word' id='word_1_226' title='bbox 305 2311 390 2341; x_wconf 77' lang='lat' dir='ltr'><strong>citiae</strong></span> <span class='ocrx_word' id='word_1_227' title='bbox 417 2311 541 2350; x_wconf 73' lang='lat' dir='ltr'><strong>signum.</strong></span> <span class='ocrx_word' id='word_1_228' title='bbox 569 2311 602 2341; x_wconf 83' lang='lat' dir='ltr'><strong>in</strong></span> <span class='ocrx_word' id='word_1_229' title='bbox 622 2311 695 2348; x_wconf 91' lang='lat' dir='ltr'><strong>soro</strong></span> <span class='ocrx_word' id='word_1_230' title='bbox 721 2312 839 2342; x_wconf 83' lang='lat' dir='ltr'><strong>Boario</strong></span> <span class='ocrx_word' id='word_1_231' title='bbox 865 2316 922 2346; x_wconf 84' lang='lat' dir='ltr'><strong>est,</strong></span> <span class='ocrx_word' id='word_1_232' title='bbox 949 2313 1001 2343; x_wconf 77' lang='lat' dir='ltr'><strong>ubi</strong></span> 
     </span>
     <span class='ocr_line' id='line_1_39' title="bbox 306 2360 999 2393; baseline 0.004 -3"><span class='ocrx_word' id='word_1_233' title='bbox 306 2360 463 2391; x_wconf 72' lang='lat' dir='ltr'><strong>Fulviam</strong></span> <span class='ocrx_word' id='word_1_234' title='bbox 478 2362 558 2392; x_wconf 84' lang='lat' dir='ltr'><strong>oedes</strong></span> <span class='ocrx_word' id='word_1_235' title='bbox 573 2365 619 2391; x_wconf 81' lang='lat' dir='ltr'><strong>est</strong></span> <span class='ocrx_word' id='word_1_236' title='bbox 635 2361 790 2392; x_wconf 73' lang='lat' dir='ltr'><strong>Herculis.</strong></span> <span class='ocrx_word' id='word_1_237' title='bbox 836 2361 999 2393; x_wconf 74' lang='lat' dir='ltr'><strong>Patriciae</strong></span> 
     </span>
     <span class='ocr_line' id='line_1_40' title="bbox 308 2410 1001 2451; baseline 0.003 -11"><span class='ocrx_word' id='word_1_238' title='bbox 308 2410 482 2450; x_wconf 85' lang='lat' dir='ltr'><strong>pudicitiae</strong></span> <span class='ocrx_word' id='word_1_239' title='bbox 508 2411 665 2442; x_wconf 83' lang='lat' dir='ltr'><strong>sacellum</strong></span> <span class='ocrx_word' id='word_1_240' title='bbox 688 2411 808 2441; x_wconf 85' lang='lat' dir='ltr'><strong>Festus</strong></span> <span class='ocrx_word' id='word_1_241' title='bbox 827 2411 1001 2451; x_wconf 82' lang='lat' dir='ltr'><strong>intelligit,</strong></span> 
     </span>
     <span class='ocr_line' id='line_1_41' title="bbox 307 2459 1000 2501; baseline 0.001 -11"><span class='ocrx_word' id='word_1_242' title='bbox 307 2459 397 2501; x_wconf 85' lang='lat' dir='ltr'><strong>quod</strong></span> <span class='ocrx_word' id='word_1_243' title='bbox 421 2459 486 2490; x_wconf 87' lang='lat' dir='ltr'><strong>fuit</strong></span> <span class='ocrx_word' id='word_1_244' title='bbox 511 2460 553 2490; x_wconf 87' lang='lat' dir='ltr'><strong>ad</strong></span> <span class='ocrx_word' id='word_1_245' title='bbox 579 2460 687 2491; x_wconf 85' lang='lat' dir='ltr'><strong>aedern</strong></span> <span class='ocrx_word' id='word_1_246' title='bbox 711 2460 888 2490; x_wconf 80' lang='lat' dir='ltr'><strong>rotundam</strong></span> <span class='ocrx_word' id='word_1_247' title='bbox 912 2461 1000 2491; x_wconf 88' lang='lat' dir='ltr'><strong>Her-</strong></span> 
     </span>
     <span class='ocr_line' id='line_1_42' title="bbox 307 2509 1000 2551; baseline 0 -10"><span class='ocrx_word' id='word_1_248' title='bbox 307 2510 402 2546; x_wconf 82' lang='lat' dir='ltr'><strong>culis,</strong></span> <span class='ocrx_word' id='word_1_249' title='bbox 430 2509 507 2541; x_wconf 91' lang='lat' dir='ltr'><strong>vide</strong></span> <span class='ocrx_word' id='word_1_250' title='bbox 531 2519 633 2551; x_wconf 86' lang='lat' dir='ltr'><strong>supra</strong></span> <span class='ocrx_word' id='word_1_251' title='bbox 668 2509 839 2540; x_wconf 82' lang='lat' dir='ltr'><strong>‘Plebeiae</strong></span> <span class='ocrx_word' id='word_1_252' title='bbox 868 2510 1000 2550; x_wconf 87' lang='lat' dir='ltr'><strong>pudici-</strong></span> 
     </span>
     <span class='ocr_line' id='line_1_43' title="bbox 307 2559 997 2599; baseline 0.003 -9"><span class='ocrx_word' id='word_1_253' title='bbox 307 2559 389 2591; x_wconf 83' lang='lat' dir='ltr'><strong>tiae.’</strong></span> <span class='ocrx_word' id='word_1_254' title='bbox 439 2560 481 2592; x_wconf 88' lang='lat' dir='ltr'><strong>P.</strong></span> <span class='ocrx_word' id='word_1_255' title='bbox 495 2559 616 2590; x_wconf 84' lang='lat' dir='ltr'><strong>Victor</strong></span> <span class='ocrx_word' id='word_1_256' title='bbox 632 2559 664 2590; x_wconf 92' lang='lat' dir='ltr'><strong>in</strong></span> <span class='ocrx_word' id='word_1_257' title='bbox 681 2562 712 2590; x_wconf 88' lang='grc'><strong>8.</strong></span> <span class='ocrx_word' id='word_1_258' title='bbox 732 2559 823 2590; x_wconf 88' lang='lat' dir='ltr'><strong>urbis</strong></span> <span class='ocrx_word' id='word_1_259' title='bbox 839 2560 997 2599; x_wconf 86' lang='lat' dir='ltr'><strong>regione:</strong></span> 
     </span>
     <span class='ocr_line' id='line_1_44' title="bbox 304 2611 998 2642; baseline -0.001 0"><span class='ocrx_word' id='word_1_260' title='bbox 304 2611 314 2629; x_wconf 89' lang='lat'>‘</span> <span class='ocrx_word' id='word_1_261' title='bbox 330 2611 451 2642; x_wconf 89' lang='lat' dir='ltr'><strong>Forum</strong></span> <span class='ocrx_word' id='word_1_262' title='bbox 464 2611 622 2642; x_wconf 88' lang='lat' dir='ltr'><strong>Boarium</strong></span> <span class='ocrx_word' id='word_1_263' title='bbox 639 2611 804 2641; x_wconf 84' lang='lat' dir='ltr'><strong>Sacellum</strong></span> <span class='ocrx_word' id='word_1_264' title='bbox 819 2611 998 2642; x_wconf 87' lang='lat' dir='ltr'><strong>Pudicitiae</strong></span> 
     </span>
     <span class='ocr_line' id='line_1_45' title="bbox 306 2660 998 2701; baseline 0.003 -10"><span class='ocrx_word' id='word_1_265' title='bbox 306 2661 459 2700; x_wconf 86' lang='lat' dir='ltr'><strong>patriciae</strong></span> <span class='ocrx_word' id='word_1_266' title='bbox 476 2660 576 2692; x_wconf 87' lang='lat' dir='ltr'><strong>AEdes</strong></span> <span class='ocrx_word' id='word_1_267' title='bbox 593 2660 751 2691; x_wconf 82' lang='lat' dir='ltr'><strong>Herculis</strong></span> <span class='ocrx_word' id='word_1_268' title='bbox 762 2661 898 2692; x_wconf 83' lang='lat' dir='ltr'><strong>victoris</strong></span> <span class='ocrx_word' id='word_1_269' title='bbox 911 2661 998 2701; x_wconf 80' lang='lat' dir='ltr'><strong>duae,</strong></span> 
     </span>
     <span class='ocr_line' id='line_1_46' title="bbox 308 2710 999 2753; baseline 0.003 -13"><span class='ocrx_word' id='word_1_270' title='bbox 308 2710 414 2741; x_wconf 87' lang='lat' dir='ltr'><strong>altera</strong></span> <span class='ocrx_word' id='word_1_271' title='bbox 430 2711 470 2742; x_wconf 88' lang='lat' dir='ltr'><strong>ad</strong></span> <span class='ocrx_word' id='word_1_272' title='bbox 488 2716 619 2752; x_wconf 88' lang='lat' dir='ltr'><strong>portam</strong></span> <span class='ocrx_word' id='word_1_273' title='bbox 640 2711 863 2753; x_wconf 85' lang='lat' dir='ltr'><strong>trigeminam,</strong></span> <span class='ocrx_word' id='word_1_274' title='bbox 879 2711 999 2744; x_wconf 89' lang='lat' dir='ltr'><strong>Altera</strong></span> 
     </span>
    </p>
   </div>
   <div class='ocr_carea' id='block_1_14' title="bbox 1049 1513 1751 2752">
    <p class='ocr_par' dir='ltr' id='par_1_20' title="bbox 1049 1513 1751 2499">
     <span class='ocr_line' id='line_1_47' title="bbox 1051 1513 1747 1556; baseline -0.007 -8"><span class='ocrx_word' id='word_1_275' title='bbox 1051 1518 1082 1548; x_wconf 92' lang='lat' dir='ltr'><strong>in</strong></span> <span class='ocrx_word' id='word_1_276' title='bbox 1100 1517 1175 1548; x_wconf 85' lang='lat' dir='ltr'><strong>foro</strong></span> <span class='ocrx_word' id='word_1_277' title='bbox 1189 1516 1314 1548; x_wconf 88' lang='lat' dir='ltr'><strong>Boario</strong></span> <span class='ocrx_word' id='word_1_278' title='bbox 1336 1515 1535 1556; x_wconf 85' lang='lat' dir='ltr'><strong>cognomine</strong></span> <span class='ocrx_word' id='word_1_279' title='bbox 1551 1513 1696 1545; x_wconf 85' lang='lat' dir='ltr'><strong>rotunda</strong></span> <span class='ocrx_word' id='word_1_280' title='bbox 1712 1517 1747 1543; x_wconf 91' lang='lat' dir='ltr'><strong>et</strong></span> 
     </span>
     <span class='ocr_line' id='line_1_48' title="bbox 1051 1563 1748 1608; baseline -0.01 -9"><span class='ocrx_word' id='word_1_281' title='bbox 1051 1567 1179 1608; x_wconf 84' lang='lat' dir='ltr'><strong>parva.&#39;</strong></span> <span class='ocrx_word' id='word_1_282' title='bbox 1240 1567 1330 1606; x_wconf 85' lang='lat' dir='ltr'><strong>Lege</strong></span> <span class='ocrx_word' id='word_1_283' title='bbox 1349 1564 1447 1604; x_wconf 84' lang='lat' dir='ltr'><strong>infra,</strong></span> <span class='ocrx_word' id='word_1_284' title='bbox 1473 1565 1551 1595; x_wconf 79' lang='lat' dir='ltr'><strong>Item</strong></span> <span class='ocrx_word' id='word_1_285' title='bbox 1567 1564 1617 1594; x_wconf 83' lang='lat' dir='ltr'><strong>via</strong></span> <span class='ocrx_word' id='word_1_286' title='bbox 1633 1563 1748 1593; x_wconf 76' lang='lat' dir='ltr'><strong>Latina</strong></span> 
     </span>
     <span class='ocr_line' id='line_1_49' title="bbox 1050 1612 1747 1651; baseline -0.007 -3"><span class='ocrx_word' id='word_1_287' title='bbox 1050 1618 1093 1647; x_wconf 80' lang='lat' dir='ltr'><strong>ad</strong></span> <span class='ocrx_word' id='word_1_288' title='bbox 1114 1615 1293 1647; x_wconf 82' lang='lat' dir='ltr'><strong>milliarium</strong></span> <span class='ocrx_word' id='word_1_289' title='bbox 1313 1617 1345 1645; x_wconf 88' lang='grc'><strong>4.</strong></span> <span class='ocrx_word' id='word_1_290' title='bbox 1354 1614 1496 1651; x_wconf 79' lang='lat' dir='ltr'><strong>sortunae</strong></span> <span class='ocrx_word' id='word_1_291' title='bbox 1508 1612 1678 1651; x_wconf 81' lang='lat' dir='ltr'><strong>muliebris,</strong></span> <span class='ocrx_word' id='word_1_292' title='bbox 1694 1614 1747 1651; x_wconf 79' lang='lat'><strong>850.</strong></span> 
     </span>
     <span class='ocr_line' id='line_1_50' title="bbox 1050 1662 1750 1706; baseline -0.009 -9"><span class='ocrx_word' id='word_1_293' title='bbox 1050 1668 1098 1697; x_wconf 81' lang='lat' dir='ltr'><strong>Ut</strong></span> <span class='ocrx_word' id='word_1_294' title='bbox 1116 1666 1243 1706; x_wconf 84' lang='lat' dir='ltr'><strong>optime</strong></span> <span class='ocrx_word' id='word_1_295' title='bbox 1257 1664 1335 1695; x_wconf 85' lang='lat' dir='ltr'><strong>viris</strong></span> <span class='ocrx_word' id='word_1_296' title='bbox 1347 1664 1456 1695; x_wconf 84' lang='lat' dir='ltr'><strong>doctis</strong></span> <span class='ocrx_word' id='word_1_297' title='bbox 1468 1662 1750 1700; x_wconf 81' lang='lat' dir='ltr'><strong>animadversum,</strong></span> 
     </span>
     <span class='ocr_line' id='line_1_51' title="bbox 1051 1711 1749 1747; baseline -0.009 0"><span class='ocrx_word' id='word_1_298' title='bbox 1051 1726 1093 1747; x_wconf 87' lang='lat' dir='ltr'><strong>ex</strong></span> <span class='ocrx_word' id='word_1_299' title='bbox 1107 1716 1187 1747; x_wconf 85' lang='lat'><strong>1111.</strong></span> <span class='ocrx_word' id='word_1_300' title='bbox 1201 1714 1328 1746; x_wconf 85' lang='lat' dir='ltr'><strong>factum</strong></span> <span class='ocrx_word' id='word_1_301' title='bbox 1345 1714 1403 1745; x_wconf 77' lang='lat' dir='ltr'><strong>ini.</strong></span> <span class='ocrx_word' id='word_1_302' title='bbox 1451 1714 1502 1744; x_wconf 88' lang='lat' dir='ltr'><strong>De</strong></span> <span class='ocrx_word' id='word_1_303' title='bbox 1519 1711 1663 1743; x_wconf 82' lang='lat' dir='ltr'><strong>fortunae</strong></span> <span class='ocrx_word' id='word_1_304' title='bbox 1680 1721 1749 1742; x_wconf 90' lang='lat' dir='ltr'><strong>mu-</strong></span> 
     </span>
     <span class='ocr_line' id='line_1_52' title="bbox 1051 1762 1750 1801; baseline -0.007 -5"><span class='ocrx_word' id='word_1_305' title='bbox 1051 1766 1167 1797; x_wconf 88' lang='lat' dir='ltr'><strong>liebris</strong></span> <span class='ocrx_word' id='word_1_306' title='bbox 1193 1766 1384 1801; x_wconf 85' lang='lat' dir='ltr'><strong>simulacro,</strong></span> <span class='ocrx_word' id='word_1_307' title='bbox 1411 1768 1445 1794; x_wconf 89' lang='lat' dir='ltr'><strong>et</strong></span> <span class='ocrx_word' id='word_1_308' title='bbox 1469 1763 1541 1793; x_wconf 85' lang='lat' dir='ltr'><strong>aede</strong></span> <span class='ocrx_word' id='word_1_309' title='bbox 1560 1762 1612 1792; x_wconf 88' lang='lat' dir='ltr'><strong>via</strong></span> <span class='ocrx_word' id='word_1_310' title='bbox 1628 1762 1750 1792; x_wconf 83' lang='lat' dir='ltr'><strong>Latina</strong></span> 
     </span>
     <span class='ocr_line' id='line_1_53' title="bbox 1053 1811 1749 1857; baseline -0.009 -10"><span class='ocrx_word' id='word_1_311' title='bbox 1053 1816 1093 1847; x_wconf 88' lang='lat' dir='ltr'><strong>ad</strong></span> <span class='ocrx_word' id='word_1_312' title='bbox 1120 1821 1275 1857; x_wconf 85' lang='lat' dir='ltr'><strong>quartum</strong></span> <span class='ocrx_word' id='word_1_313' title='bbox 1297 1813 1489 1845; x_wconf 87' lang='lat' dir='ltr'><strong>milliarium</strong></span> <span class='ocrx_word' id='word_1_314' title='bbox 1509 1813 1539 1843; x_wconf 90' lang='lat' dir='ltr'><strong>in</strong></span> <span class='ocrx_word' id='word_1_315' title='bbox 1555 1811 1749 1843; x_wconf 89' lang='lat' dir='ltr'><strong>memoriam</strong></span> 
     </span>
     <span class='ocr_line' id='line_1_54' title="bbox 1052 1862 1750 1896; baseline -0.006 0"><span class='ocrx_word' id='word_1_316' title='bbox 1052 1866 1205 1896; x_wconf 84' lang='lat' dir='ltr'><strong>liberatae</strong></span> <span class='ocrx_word' id='word_1_317' title='bbox 1221 1864 1311 1895; x_wconf 83' lang='lat' dir='ltr'><strong>urbis</strong></span> <span class='ocrx_word' id='word_1_318' title='bbox 1326 1864 1367 1894; x_wconf 93' lang='lat' dir='ltr'><strong>ab</strong></span> <span class='ocrx_word' id='word_1_319' title='bbox 1381 1862 1557 1894; x_wconf 87' lang='lat' dir='ltr'><strong>obsidione</strong></span> <span class='ocrx_word' id='word_1_320' title='bbox 1574 1862 1613 1893; x_wconf 90' lang='lat' dir='ltr'><strong>C.</strong></span> <span class='ocrx_word' id='word_1_321' title='bbox 1625 1862 1750 1893; x_wconf 87' lang='lat' dir='ltr'><strong>Marcii</strong></span> 
     </span>
     <span class='ocr_line' id='line_1_55' title="bbox 1053 1911 1751 1953; baseline -0.007 -7"><span class='ocrx_word' id='word_1_322' title='bbox 1053 1915 1235 1953; x_wconf 90' lang='lat' dir='ltr'><strong>Coriolani,</strong></span> <span class='ocrx_word' id='word_1_323' title='bbox 1267 1912 1509 1943; x_wconf 84' lang='lat' dir='ltr'><strong>intercessione</strong></span> <span class='ocrx_word' id='word_1_324' title='bbox 1534 1911 1686 1942; x_wconf 83' lang='lat' dir='ltr'><strong>Veturiae</strong></span> <span class='ocrx_word' id='word_1_325' title='bbox 1715 1917 1751 1942; x_wconf 87' lang='lat' dir='ltr'><strong>et</strong></span> 
     </span>
     <span class='ocr_line' id='line_1_56' title="bbox 1051 1961 1748 2001; baseline -0.003 -8"><span class='ocrx_word' id='word_1_326' title='bbox 1051 1963 1254 2000; x_wconf 71' lang='lat' dir='ltr'><strong>Volumniae,</strong></span> <span class='ocrx_word' id='word_1_327' title='bbox 1270 1961 1488 1999; x_wconf 81' lang='lat' dir='ltr'><strong>consecratis,</strong></span> <span class='ocrx_word' id='word_1_328' title='bbox 1509 1961 1585 1991; x_wconf 89' lang='lat' dir='ltr'><strong>vide</strong></span> <span class='ocrx_word' id='word_1_329' title='bbox 1603 1962 1748 2001; x_wconf 87' lang='lat' dir='ltr'><strong>Dionys.</strong></span> 
     </span>
     <span class='ocr_line' id='line_1_57' title="bbox 1052 2010 1748 2050; baseline -0.001 -7"><span class='ocrx_word' id='word_1_330' title='bbox 1052 2013 1111 2044; x_wconf 90' lang='lat' dir='ltr'><strong>lib.</strong></span> <span class='ocrx_word' id='word_1_331' title='bbox 1128 2022 1208 2043; x_wconf 79' lang='lat' dir='ltr'><strong>vni.</strong></span> <span class='ocrx_word' id='word_1_332' title='bbox 1231 2011 1406 2043; x_wconf 86' lang='lat' dir='ltr'><strong>Plutarch.</strong></span> <span class='ocrx_word' id='word_1_333' title='bbox 1426 2011 1458 2041; x_wconf 93' lang='lat' dir='ltr'><strong>in</strong></span> <span class='ocrx_word' id='word_1_334' title='bbox 1475 2010 1666 2050; x_wconf 88' lang='lat' dir='ltr'><strong>Coriolano,</strong></span> <span class='ocrx_word' id='word_1_335' title='bbox 1680 2011 1748 2042; x_wconf 90' lang='lat' dir='ltr'><strong>Va-</strong></span> 
     </span>
     <span class='ocr_line' id='line_1_58' title="bbox 1051 2060 1749 2101; baseline -0.003 -8"><span class='ocrx_word' id='word_1_336' title='bbox 1051 2063 1112 2094; x_wconf 87' lang='lat' dir='ltr'><strong>ler.</strong></span> <span class='ocrx_word' id='word_1_337' title='bbox 1130 2063 1224 2093; x_wconf 84' lang='lat' dir='ltr'><strong>Max.</strong></span> <span class='ocrx_word' id='word_1_338' title='bbox 1243 2061 1301 2092; x_wconf 91' lang='lat' dir='ltr'><strong>lib.</strong></span> <span class='ocrx_word' id='word_1_339' title='bbox 1319 2071 1343 2092; x_wconf 86' lang='lat'><strong>1.</strong></span> <span class='ocrx_word' id='word_1_340' title='bbox 1361 2071 1436 2101; x_wconf 84' lang='lat' dir='ltr'><strong>cap.</strong></span> <span class='ocrx_word' id='word_1_341' title='bbox 1453 2063 1486 2092; x_wconf 87' lang='grc'><strong>8.</strong></span> <span class='ocrx_word' id='word_1_342' title='bbox 1514 2060 1598 2100; x_wconf 85' lang='lat' dir='ltr'><strong>Ejus</strong></span> <span class='ocrx_word' id='word_1_343' title='bbox 1615 2061 1749 2091; x_wconf 86' lang='lat' dir='ltr'><strong>simula-</strong></span> 
     </span>
     <span class='ocr_line' id='line_1_59' title="bbox 1052 2111 1749 2151; baseline -0.003 -8"><span class='ocrx_word' id='word_1_344' title='bbox 1052 2122 1145 2143; x_wconf 90' lang='lat' dir='ltr'><strong>crum</strong></span> <span class='ocrx_word' id='word_1_345' title='bbox 1163 2123 1181 2143; x_wconf 87' lang='lat' dir='ltr'><strong>a</strong></span> <span class='ocrx_word' id='word_1_346' title='bbox 1193 2112 1297 2143; x_wconf 88' lang='lat' dir='ltr'><strong>semel</strong></span> <span class='ocrx_word' id='word_1_347' title='bbox 1312 2111 1426 2151; x_wconf 87' lang='lat' dir='ltr'><strong>nuptis</strong></span> <span class='ocrx_word' id='word_1_348' title='bbox 1444 2115 1574 2141; x_wconf 84' lang='lat' dir='ltr'><strong>tantum</strong></span> <span class='ocrx_word' id='word_1_349' title='bbox 1592 2111 1749 2141; x_wconf 84' lang='lat' dir='ltr'><strong>coronari</strong></span> 
     </span>
     <span class='ocr_line' id='line_1_60' title="bbox 1051 2159 1749 2192; baseline -0.001 0"><span class='ocrx_word' id='word_1_350' title='bbox 1051 2161 1102 2192; x_wconf 88' lang='lat' dir='ltr'><strong>fas</strong></span> <span class='ocrx_word' id='word_1_351' title='bbox 1120 2167 1203 2192; x_wconf 86' lang='lat' dir='ltr'><strong>erat.</strong></span> <span class='ocrx_word' id='word_1_352' title='bbox 1249 2161 1385 2191; x_wconf 84' lang='lat' dir='ltr'><strong>Servius</strong></span> <span class='ocrx_word' id='word_1_353' title='bbox 1399 2159 1439 2191; x_wconf 88' lang='lat' dir='ltr'><strong>ad</strong></span> <span class='ocrx_word' id='word_1_354' title='bbox 1455 2160 1535 2190; x_wconf 86' lang='lat' dir='ltr'><strong>illud</strong></span> <span class='ocrx_word' id='word_1_355' title='bbox 1549 2169 1599 2191; x_wconf 83' lang='lat' dir='ltr'><strong>iv.</strong></span> <span class='ocrx_word' id='word_1_356' title='bbox 1615 2159 1749 2191; x_wconf 82' lang='lat' dir='ltr'><strong>AEneid.</strong></span> 
     </span>
     <span class='ocr_line' id='line_1_61' title="bbox 1050 2209 1748 2249; baseline -0.004 -7"><span class='ocrx_word' id='word_1_357' title='bbox 1050 2212 1058 2228; x_wconf 90' lang='lat'>‘</span> <span class='ocrx_word' id='word_1_358' title='bbox 1072 2211 1162 2242; x_wconf 88' lang='lat' dir='ltr'><strong>Huic</strong></span> <span class='ocrx_word' id='word_1_359' title='bbox 1192 2211 1247 2241; x_wconf 93' lang='lat' dir='ltr'><strong>uni</strong></span> <span class='ocrx_word' id='word_1_360' title='bbox 1273 2210 1384 2241; x_wconf 83' lang='lat' dir='ltr'><strong>forsan</strong></span> <span class='ocrx_word' id='word_1_361' title='bbox 1410 2210 1503 2249; x_wconf 86' lang='lat' dir='ltr'><strong>potui</strong></span> <span class='ocrx_word' id='word_1_362' title='bbox 1528 2209 1748 2240; x_wconf 87' lang='lat' dir='ltr'><strong>succumbere</strong></span> 
     </span>
     <span class='ocr_line' id='line_1_62' title="bbox 1050 2259 1749 2302; baseline -0.003 -11"><span class='ocrx_word' id='word_1_363' title='bbox 1050 2262 1159 2302; x_wconf 70' lang='lat' dir='ltr'><strong>culpae</strong></span> <span class='ocrx_word' id='word_1_364' title='bbox 1175 2260 1198 2300; x_wconf 89' lang='lat'><strong>;’</strong></span> <span class='ocrx_word' id='word_1_365' title='bbox 1230 2266 1237 2278; x_wconf 85' lang='lat'><em>¹</em></span> <span class='ocrx_word' id='word_1_366' title='bbox 1251 2262 1345 2291; x_wconf 87' lang='lat' dir='ltr'><strong>Bene</strong></span> <span class='ocrx_word' id='word_1_367' title='bbox 1362 2259 1498 2300; x_wconf 83' lang='lat' dir='ltr'><strong>culpae‚&#39;</strong></span> <span class='ocrx_word' id='word_1_368' title='bbox 1521 2260 1641 2300; x_wconf 84' lang='lat' dir='ltr'><strong>inquit,</strong></span> <span class='ocrx_word' id='word_1_369' title='bbox 1669 2260 1678 2275; x_wconf 92' lang='lat'>‘</span> <span class='ocrx_word' id='word_1_370' title='bbox 1691 2269 1749 2299; x_wconf 93' lang='lat' dir='ltr'><strong>po-</strong></span> 
     </span>
     <span class='ocr_line' id='line_1_63' title="bbox 1052 2310 1750 2351; baseline -0.004 -9"><span class='ocrx_word' id='word_1_371' title='bbox 1052 2312 1117 2342; x_wconf 84' lang='lat' dir='ltr'><strong>tius</strong></span> <span class='ocrx_word' id='word_1_372' title='bbox 1134 2321 1231 2351; x_wconf 83' lang='lat' dir='ltr'><strong>quam</strong></span> <span class='ocrx_word' id='word_1_373' title='bbox 1250 2311 1367 2349; x_wconf 85' lang='lat' dir='ltr'><strong>amori,</strong></span> <span class='ocrx_word' id='word_1_374' title='bbox 1382 2315 1417 2340; x_wconf 89' lang='lat' dir='ltr'><strong>et</strong></span> <span class='ocrx_word' id='word_1_375' title='bbox 1430 2310 1491 2340; x_wconf 79' lang='lat' dir='ltr'><strong>hoc</strong></span> <span class='ocrx_word' id='word_1_376' title='bbox 1506 2314 1648 2349; x_wconf 88' lang='lat' dir='ltr'><strong>propter</strong></span> <span class='ocrx_word' id='word_1_377' title='bbox 1664 2311 1750 2339; x_wconf 85' lang='lat' dir='ltr'><strong>anti-</strong></span> 
     </span>
     <span class='ocr_line' id='line_1_64' title="bbox 1050 2359 1748 2403; baseline -0.004 -11"><span class='ocrx_word' id='word_1_378' title='bbox 1050 2372 1150 2403; x_wconf 84' lang='lat' dir='ltr'><strong>quum</strong></span> <span class='ocrx_word' id='word_1_379' title='bbox 1169 2362 1282 2400; x_wconf 81' lang='lat' dir='ltr'><strong>ritum,</strong></span> <span class='ocrx_word' id='word_1_380' title='bbox 1298 2369 1364 2401; x_wconf 88' lang='lat' dir='ltr'><strong>quo</strong></span> <span class='ocrx_word' id='word_1_381' title='bbox 1383 2359 1636 2399; x_wconf 78' lang='lat' dir='ltr'><strong>repellebantur</strong></span> <span class='ocrx_word' id='word_1_382' title='bbox 1656 2370 1674 2389; x_wconf 93' lang='lat' dir='ltr'><strong>a</strong></span> <span class='ocrx_word' id='word_1_383' title='bbox 1698 2370 1748 2390; x_wconf 87' lang='lat' dir='ltr'><strong>sa-</strong></span> 
     </span>
     <span class='ocr_line' id='line_1_65' title="bbox 1049 2410 1747 2451; baseline -0.001 -9"><span class='ocrx_word' id='word_1_384' title='bbox 1049 2411 1216 2451; x_wconf 82' lang='lat' dir='ltr'><strong>cerdotio,</strong></span> <span class='ocrx_word' id='word_1_385' title='bbox 1227 2411 1261 2441; x_wconf 87' lang='lat' dir='ltr'><strong>id</strong></span> <span class='ocrx_word' id='word_1_386' title='bbox 1273 2416 1341 2448; x_wconf 87' lang='lat' dir='ltr'><strong>est,</strong></span> <span class='ocrx_word' id='word_1_387' title='bbox 1352 2410 1535 2440; x_wconf 88' lang='lat' dir='ltr'><strong>Fortunam</strong></span> <span class='ocrx_word' id='word_1_388' title='bbox 1544 2410 1747 2441; x_wconf 78' lang='lat' dir='ltr'><strong>Muliebrem</strong></span> 
     </span>
     <span class='ocr_line' id='line_1_66' title="bbox 1050 2459 1675 2499; baseline -0.002 -7"><span class='ocrx_word' id='word_1_389' title='bbox 1050 2471 1116 2492; x_wconf 89' lang='lat' dir='ltr'><strong>non</strong></span> <span class='ocrx_word' id='word_1_390' title='bbox 1129 2461 1348 2496; x_wconf 86' lang='lat' dir='ltr'><strong>coronabant,</strong></span> <span class='ocrx_word' id='word_1_391' title='bbox 1365 2460 1416 2491; x_wconf 88' lang='lat' dir='ltr'><strong>bis</strong></span> <span class='ocrx_word' id='word_1_392' title='bbox 1434 2459 1572 2499; x_wconf 63' lang='lat' dir='ltr'><strong>nuptm!</strong></span> <span class='ocrx_word' id='word_1_393' title='bbox 1593 2460 1675 2491; x_wconf 86' lang='lat' dir='ltr'><strong>Dae.</strong></span> 
     </span>
    </p>

    <p class='ocr_par' dir='ltr' id='par_1_21' title="bbox 1049 2510 1747 2650">
     <span class='ocr_line' id='line_1_67' title="bbox 1091 2510 1747 2551; baseline -0.002 -9"><span class='ocrx_word' id='word_1_394' title='bbox 1091 2513 1101 2532; x_wconf 73' lang='lat'>²</span> <span class='ocrx_word' id='word_1_395' title='bbox 1123 2511 1241 2551; x_wconf 72' lang='lat' dir='ltr'><strong>Puelzi]</strong></span> <span class='ocrx_word' id='word_1_396' title='bbox 1264 2511 1363 2541; x_wconf 88' lang='lat' dir='ltr'><strong>Ennii</strong></span> <span class='ocrx_word' id='word_1_397' title='bbox 1382 2520 1497 2541; x_wconf 88' lang='lat' dir='ltr'><strong>versus</strong></span> <span class='ocrx_word' id='word_1_398' title='bbox 1511 2511 1628 2541; x_wconf 87' lang='lat' dir='ltr'><strong>melius</strong></span> <span class='ocrx_word' id='word_1_399' title='bbox 1643 2510 1747 2542; x_wconf 78' lang='lat' dir='ltr'><strong>refer-</strong></span> 
     </span>
     <span class='ocr_line' id='line_1_68' title="bbox 1050 2559 1747 2592; baseline -0.004 0"><span class='ocrx_word' id='word_1_400' title='bbox 1050 2565 1105 2592; x_wconf 87' lang='lat' dir='ltr'><strong>tur</strong></span> <span class='ocrx_word' id='word_1_401' title='bbox 1120 2570 1139 2591; x_wconf 83' lang='lat' dir='ltr'><strong>a</strong></span> <span class='ocrx_word' id='word_1_402' title='bbox 1156 2561 1265 2591; x_wconf 91' lang='lat' dir='ltr'><strong>Nonio</strong></span> <span class='ocrx_word' id='word_1_403' title='bbox 1279 2570 1287 2590; x_wconf 73' lang='grc' dir='ltr'>ε</span> <span class='ocrx_word' id='word_1_404' title='bbox 1300 2560 1309 2576; x_wconf 89' lang='lat'>‘</span> <span class='ocrx_word' id='word_1_405' title='bbox 1326 2560 1389 2590; x_wconf 91' lang='lat' dir='ltr'><strong>Ille</strong></span> <span class='ocrx_word' id='word_1_406' title='bbox 1405 2568 1480 2589; x_wconf 91' lang='lat' dir='ltr'><strong>suos</strong></span> <span class='ocrx_word' id='word_1_407' title='bbox 1499 2559 1596 2590; x_wconf 85' lang='lat' dir='ltr'><strong>Divis</strong></span> <span class='ocrx_word' id='word_1_408' title='bbox 1614 2569 1682 2590; x_wconf 87' lang='lat' dir='ltr'><strong>mos</strong></span> <span class='ocrx_word' id='word_1_409' title='bbox 1695 2570 1747 2590; x_wconf 89' lang='lat' dir='ltr'><strong>sa-</strong></span> 
     </span>
     <span class='ocr_line' id='line_1_69' title="bbox 1049 2609 1574 2650; baseline -0.002 -8"><span class='ocrx_word' id='word_1_410' title='bbox 1049 2611 1205 2642; x_wconf 84' lang='lat' dir='ltr'><strong>crificare</strong></span> <span class='ocrx_word' id='word_1_411' title='bbox 1219 2609 1372 2650; x_wconf 87' lang='lat' dir='ltr'><strong>puellos.&#39;</strong></span> <span class='ocrx_word' id='word_1_412' title='bbox 1394 2610 1474 2640; x_wconf 82' lang='lat' dir='ltr'><strong>Ant.</strong></span> <span class='ocrx_word' id='word_1_413' title='bbox 1488 2609 1574 2648; x_wconf 82' lang='lat' dir='ltr'><strong>Aug.</strong></span> 
     </span>
    </p>

    <p class='ocr_par' dir='ltr' id='par_1_22' title="bbox 1053 2659 1745 2752">
     <span class='ocr_line' id='line_1_70' title="bbox 1095 2659 1745 2700; baseline -0.002 -9"><span class='ocrx_word' id='word_1_414' title='bbox 1095 2659 1214 2699; x_wconf 82' lang='lat' dir='ltr'><strong>Paellz&#39;]</strong></span> <span class='ocrx_word' id='word_1_415' title='bbox 1229 2660 1332 2699; x_wconf 88' lang='lat' dir='ltr'><strong>Puer,</strong></span> <span class='ocrx_word' id='word_1_416' title='bbox 1347 2669 1484 2699; x_wconf 87' lang='lat' dir='ltr'><strong>puerus,</strong></span> <span class='ocrx_word' id='word_1_417' title='bbox 1500 2660 1671 2700; x_wconf 84' lang='lat' dir='ltr'><strong>puerulus,</strong></span> <span class='ocrx_word' id='word_1_418' title='bbox 1685 2669 1745 2699; x_wconf 89' lang='lat' dir='ltr'><strong>pu-</strong></span> 
     </span>
     <span class='ocr_line' id='line_1_71' title="bbox 1053 2711 1743 2752; baseline -0.003 -9"><span class='ocrx_word' id='word_1_419' title='bbox 1053 2712 1152 2752; x_wconf 86' lang='lat' dir='ltr'><strong>ellus,</strong></span> <span class='ocrx_word' id='word_1_420' title='bbox 1164 2721 1281 2752; x_wconf 89' lang='lat' dir='ltr'><strong>puera‚</strong></span> <span class='ocrx_word' id='word_1_421' title='bbox 1298 2711 1460 2752; x_wconf 79' lang='lat' dir='ltr'><strong>puellula,</strong></span> <span class='ocrx_word' id='word_1_422' title='bbox 1478 2711 1601 2752; x_wconf 87' lang='lat' dir='ltr'><strong>puella.</strong></span> <span class='ocrx_word' id='word_1_423' title='bbox 1616 2711 1743 2741; x_wconf 87' lang='lat' dir='ltr'><strong>Versus</strong></span> 
     </span>
    </p>
   </div>
  </div>
 </body>
</html>
