1876 3025
284 122 368 163 776
731 132 879 162 sssx'ri
917 131 1113 161 POMPEH
1142 132 1288 162 rrsssrr

341 228 495 269 AEneae
531 233 684 269 natum
716 228 850 269 filium
884 226 1122 268 Romulum
1150 228 1302 277 fuisse,
1334 232 1468 281 atque
1500 240 1554 268 eo
1587 232 1729 268 ortam

341 296 506 338 Albam
527 297 682 338 AEneae
705 301 890 350 neptem,
912 295 1039 348 cujus
1060 295 1177 336 filius
1198 296 1374 337 nomine
1396 295 1567 336 Romus
1583 295 1598 318 ⁸
1631 308 1731 336 con-

342 365 500 406 diderit
514 366 666 406 urbem
681 364 885 405 Romam.
915 362 1177 416 Antigonus,
1196 364 1364 406 Italicae
1379 364 1576 405 historiae
1594 363 1733 416 scrip-

342 438 422 482 tor,
436 433 511 483 ait,
527 433 724 474 Romum
738 432 956 486 quendam
969 432 1158 482 nomine,
1171 432 1286 473 Jove
1299 432 1734 486 conceptum,urbem

344 501 597 542 condidisse
615 503 658 542 in
675 501 853 542 Palatio
868 500 1044 551 Romae,
1058 500 1187 554 eique
1204 500 1378 542 dedisse
1401 499 1594 541 nomem*
1629 499 1735 539 His-

344 570 470 611 toriae
492 569 699 610 Cumanae
723 569 1023 622 compositorx
1053 568 1243 610 Athenis
1274 568 1485 622 quosdam
1512 568 1734 622 profectos

346 638 594 690 Sicyonem,
625 637 965 690 Thespiasque9
997 650 1056 677 ex
1094 637 1257 690 quibus
1294 648 1424 689 porro
1461 635 1735 685 civitatibus,

345 705 402 744 ob
418 704 611 757 inopiam
629 704 965 754 domiciliorum,
987 704 1228 758 compluris
1251 703 1472 758 profectos
1494 703 1539 744 in
1560 707 1737 744 exteras

344 773 557 824 regiones,
595 771 767 813 delatos
802 773 846 812 in
869 773 1059 822 Italiam,
1081 785 1248 826 eosque
1271 772 1410 813 multo
1434 784 1577 812 errore
1598 772 1737 812 nomi—

345 846 476 881 natos
499 839 778 893 Aborigines,
796 853 982 894 quorum
1004 840 1191 892 subjecti
1207 840 1282 894 qui
1304 839 1464 881 fuerint
1484 838 1738 893 Caeximpa-

344 922 438 949 rum
469 908 587 957 viri,y
621 908 931 962 unicarumque
966 909 1121 949 virium
1152 908 1338 962 imperio
1375 913 1564 949 montem
1604 906 1739 948 Pala-

345 977 470 1026 tium,
492 976 534 1017 in
556 989 643 1030 quo
679 977 1023 1031 frequentissimi
1053 977 1343 1026 consederint,
1375 975 1677 1030 appellavisse
1713 989 1741 1017 a

346 1045 514 1086 viribus
537 1045 729 1098 regentis
742 1045 1036 1096 Valentiam?
1062 1045 1179 1100 quod
1199 1058 1357 1086 nomen
1377 1044 1571 1085 adventu
1594 1043 1741 1085 Evan-

346 1113 413 1154 dri
437 1114 680 1166 AEneaeque
700 1113 743 1154 in
767 1112 942 1154 Italiam
970 1127 1069 1155 cum
1105 1126 1263 1166 magna
1284 1112 1440 1154 Graece
1463 1112 1741 1165 loquentium

347 1182 478 1236 copia
500 1181 849 1235 interpretatum,
866 1181 957 1223 dici
979 1188 1179 1236 coeptum
1203 1181 1406 1222 Romam.
1466 1179 1741 1232 Agathocles

347 1249 663 1303 Cyzicenarum
703 1263 841 1290 rerum
882 1251 1181 1304 conscriptora
1216 1250 1290 1300 ait,
1324 1248 1536 1290 vaticinio
1577 1247 1742 1289 Heleni

347 1317 586 1371 impulsum
618 1317 805 1358 AEneam
834 1317 1008 1359 Italiam
1027 1318 1244 1372 petivisse
1267 1321 1508 1371 portantem
1532 1329 1653 1358 suam
1675 1329 1743 1357 se-

349 1398 450 1426 cum
469 1390 661 1440 neptem,
681 1384 867 1427 Ascanii
888 1385 1026 1427 filiam
1042 1387 1218 1428 nomine
1241 1385 1472 1436 Rhomam,
1489 1398 1677 1439 eamque
1699 1389 1744 1427 ut

901 1508 1034 1520 ‘oeteo‘
1038 1508 1112 1519 eveo
1117 1505 1134 1516 O

335 1586 354 1614 8
388 1583 466 1614 Vet.
495 1583 573 1615 cod.
600 1584 797 1615 Rodius.-—*
828 1584 1114 1624 Distinguendum
1137 1587 1253 1615 monet
1281 1584 1366 1615 Dae.
1390 1583 1495 1615 urbem
1517 1583 1687 1615 condidisse
1712 1583 1745 1614 in

296 1626 431 1661 Palatio,
448 1627 553 1657 Romoe
567 1627 653 1668 eique
666 1628 785 1658 dedisse
800 1631 984 1660 nomem—9
1006 1628 1087 1659 Vet.
1104 1627 1181 1660 cod.
1207 1628 1459 1669 Thespiedasque.

949 1724 1091 1757 NOTAE

336 1796 350 1810 Χ
368 1788 521 1821 Ηὶειοινὶιε
540 1790 688 1820 Cumanae
703 1788 899 1830 compositor]
918 1787 990 1820 Hu-

290 1842 346 1883 jus
362 1850 484 1872 nomen
502 1840 654 1880 reperire
672 1850 738 1871 non
757 1840 863 1881 potui.
889 1841 970 1873 Duc.

338 1897 350 1918 5
378 1892 609 1932 Coeximpmwn
629 1891 706 1932 viri]
735 1891 902 1923 Mendosa
918 1901 991 1922 ver-

1048 1788 1162 1820 bulum
1192 1788 1234 1820 ab
1259 1788 1418 1820 Evandro
1444 1787 1587 1828 primum
1617 1786 1747 1827 datum,

1048 1850 1124 1871 cum
1156 1839 1319 1880 oppidum
1349 1839 1395 1869 ibi
1421 1837 1632 1875 offendisset,
1656 1837 1746 1880 quod

1048 1896 1261 1923 exstructum
1287 1891 1588 1922 anteaValentiam
1613 1889 1748 1921 dixerat

294 1942 339 1973 ba
363 1947 452 1973 sunt.
475 1941 621 1973 Vidend.
647 1942 788 1983 Dionys.
810 1942 868 1973 lib.
886 1952 911 1973 1.
936 1942 992 1983 qui
1042 1942 1206 1982 juventus
1232 1941 1374 1979 Latina,
1399 1947 1598 1981 servataque
1622 1939 1746 1980 signifi<

296 1993 409 2033 aliqua
435 2002 477 2023 ex
502 1991 552 2023 his
575 1991 695 2032 refert,
721 1998 757 2024 et
787 1994 856 2024 alia
880 1993 993 2025 aliter.

296 2043 375 2075 Ant.
392 2043 478 2082 Aug.

342 2095 483 2130 Quorum
522 2095 650 2133 subjecti
682 2095 736 2136 qui
763 2095 903 2136 fuerint,
927 2097 994 2137 ise]

300 2146 530 2187 Caexz'mparum
546 2152 581 2177 et
605 2147 735 2188 reliqua
752 2152 901 2178 monstra
921 2157 995 2178 ver—

295 2197 428 2236 borum,
440 2200 503 2229 &c.
513 2197 608 2239 [vide
618 2201 689 2228 not.
699 2197 732 2228 in
745 2207 820 2238 pag.
833 2197 998 2239 praeced]

297 2248 385 2279 Haec
402 2248 566 2288 Scaliger.
612 2248 679 2278 Sed
703 2248 817 2279 nescio
833 2248 923 2279 unde
940 2249 996 2280 ille

296 2298 334 2329 τὸ
360 2299 637 2334 Cacoxenidarum,
677 2303 860 2329 monstrum
908 2299 996 2333 enim

296 2349 394 2381 verbi
410 2350 633 2389 Caaeoscenidoe,
644 2348 865 2390 omnibusque
878 2350 998 2390 opinor

297 2401 448 2441 ignotum
460 2411 469 2439 3
483 2409 586 2442 quare
599 2400 690 2432 aliud
704 2400 921 2441 quaerendum
934 2406 997 2432 est.

302 2454 383 2485 Dac.

343 2508 355 2523 2
380 2503 520 2533 Mentem
545 2502 699 2542 palatium
724 2502 755 2533 in
774 2513 831 2543 quo
848 2503 996 2543 sreqtoen-

301 2553 414 2584 tissimi
428 2552 840 2593 consederint,appellavisse
851 2564 869 2584 a
882 2553 998 2584 viribus

300 2604 435 2644 regentis
470 2603 660 2644 Valentiam]
691 2603 789 2635 Hanc
823 2604 997 2636 historiam

303 2655 414 2695 tangit
441 2655 572 2686 Solinus
599 2654 714 2686 statim
746 2655 842 2686 initio
868 2665 942 2697 cap.
969 2660 998 2688 l.

305 2705 410 2737 ‘Sunt
429 2705 485 2746 qui
510 2705 615 2736 videri
632 2705 736 2737 velint
762 2706 876 2738 Romae
900 2717 997 2739 νοω-

1048 1992 1180 2023 catione
1198 1991 1347 2032 impositi
1363 1992 1456 2032 prius
1474 1992 1619 2022 nominis
1633 1991 1749 2029 Ῥώμην

1049 2043 1185 2081 Graece,
1197 2042 1388 2073 Valentiam
1403 2041 1609 2073 nominatam
1626 2053 1632 2071 :
1650 2050 1749 2080 qriam

1052 2093 1216 2132 Arcades,
1242 2095 1395 2134 quoniam
1420 2094 1453 2124 in
1485 2094 1621 2124 excelsa
1650 2098 1749 2134 parte

1050 2144 1174 2175 montis
1190 2144 1412 2184 habitassent,
1440 2145 1627 2176 derivatum
1655 2144 1748 2175 dein-

1050 2204 1142 2234 cepS,
1159 2200 1197 2226 ut
1225 2195 1394 2225 tutissima
1420 2195 1551 2227 urbium
1579 2205 1675 2227 arces
1693 2205 1748 2227 vo-

1050 2244 1233 2276 ementur)
1258 2247 1355 2277 Idem.

1094 2300 1108 2316 ³
1130 2297 1318 2335 Agathocles
1331 2296 1551 2338 Cyzicenorum
1561 2306 1664 2327 rerum
1679 2307 1749 2327 con-

1052 2347 1201 2387 scriptor]
1244 2347 1350 2378 Solin.
1391 2348 1466 2378 loco
1497 2357 1600 2388 supra
1630 2348 1751 2388 citato,

1052 2401 1061 2416 ‘
1076 2399 1279 2440 Agathocles
1295 2398 1424 2438 scribit,
1442 2399 1580 2430 Romam
1596 2409 1660 2430 non
1669 2409 1752 2440 cap-

1052 2451 1155 2482 tivam
1172 2449 1290 2488 fuisse,
1303 2455 1452 2491 utsupra
1465 2450 1593 2482 dictum
1611 2456 1674 2491 est,
1691 2451 1749 2482 sed

1051 2501 1199 2533 Ascanio
1225 2506 1354 2539 natam,
1378 2500 1491 2532 AEneae
1513 2506 1664 2542 neptem,
1690 2512 1748 2543 ap-

1052 2551 1242 2592 pellationis
1258 2552 1351 2581 istius
1362 2561 1496 2582 causam
1509 2551 1636 2583 fuisse.'
1660 2551 1751 2593 Aga-

1051 2601 1182 2641 thoclis,
1197 2602 1252 2642 qni
1265 2601 1306 2633 τὰ
1319 2599 1472 2640 Κυζικηνὰ
1483 2602 1633 2644 scripsit,
1644 2602 1750 2633 Athe-

1052 2661 1159 2693 naeuS,
1174 2652 1379 2694 Stephanus,
1395 2652 1452 2683 alii
1469 2652 1663 2684 meminere.
1699 2652 1750 2685 Id.
