1876 3025
252 132 336 172 904

696 144 844 174 SEX'rt
877 144 1075 174 POMPEII
1110 144 1245 175 FESTI

308 248 408 277 nare
426 235 442 259 ¹²
475 249 592 287 sues,
624 237 788 287 stolidi,
810 237 958 277 stolidi
984 242 1098 288 sunt,
1128 243 1172 279 et
1203 239 1246 278 in
1263 237 1537 279 Alexandro:
1583 237 1680 278 Ho-

308 304 467 344 minem
490 304 728 357 appellat,c
743 306 844 357 quia
859 310 889 333 ¹³
912 305 1071 345 lascivi
1093 305 1249 346 stolide
1268 319 1350 346 non
1372 305 1604 356 intellegit:
1637 309 1682 344 et

306 369 516 412 Caecilius
549 372 593 410 in
611 372 956 425 Hypobolimaeo
979 370 1009 412 :d
1038 371 1123 412 Abi
1142 372 1242 412 hinc
1263 376 1307 412 tu
1329 372 1487 412 stolide
1503 377 1529 411 te
1549 371 1612 412 illi
1634 375 1682 410 ut

305 438 387 478 tibi
405 438 460 478 sit
479 439 634 490 pater?
665 443 707 478 et
728 439 771 477 in
793 437 1044 480 Andronico
1059 443 1107 480 :¹4
1135 438 1225 479 Sed
1246 451 1326 491 ego
1349 438 1554 488 stolidus,
1585 449 1681 489 gra-

308 505 494 545 tulatum
509 518 578 545 me
599 505 794 558 oportuit
808 510 838 534 ¹⁵
860 506 997 558 prius.

249 571 462 621 Stolidus,
486 572 663 612 stultus.

1505 571 1681 620 [PAUL.

250 637 452 678 Strebula
466 638 615 690 lingua
641 637 901 679 Umbrorum
922 638 1209 691 appellabant
1230 643 1375 692 partes
1397 640 1589 679 carnium
1611 651 1682 678 sa-

305 704 610 745 crificatarum.

249 769 470 811 Strebulaf
489 771 697 812 Umbrico
719 774 892 813 nomine
912 773 1096 813 Plautus
1118 774 1310 827 appellat
1326 785 1486 813 coxen-
1518 772 1681 824 [FEs'r.

304 838 425 878 dices
439 837 695 888 hostiarum,
710 853 818 892 quas
833 839 966 881 Graeci
977 838 1091 894 μηρία
1108 839 1260 889 dicunt,
1273 854 1360 894 quae
1375 841 1419 879 in
1436 839 1587 880 altaria
1603 839 1683 878 im-

301 905 399 958 poni
420 905 613 956 solebant,
636 913 681 947 ut
703 906 887 948 Plautus
909 908 969 948 ait
989 908 1032 947 in
1053 906 1301 957 Frivolaria,
1322 905 1499 947 strebula
1523 906 1682 958 agnina

303 976 400 1013 tene
417 978 433 1001 g
782 1005 790 1013 .
910 1005 920 1014 .

769 1041 902 1082 bulis.

864 1160 980 1172 Νοοοο

982 1158 1097 1171 ”””””

290 1238 329 1266 13
353 1236 431 1267 Vet.
447 1235 524 1267 cod.
539 1236 623 1275 quid.
670 1235 757 1266 Vide
774 1235 959 1266 infra—14
983 1234 1043 1266 Vir
1059 1235 1149 1267 doct.
1172 1235 1206 1266 in
1221 1244 1326 1276 marg.
1354 1233 1408 1265 ed.
1436 1233 1525 1264 Scal.
1542 1232 1682 1273 conjicit

247 1278 448 1319 Androgyno.
495 1279 624 1310 Probat
640 1279 814 1311 Dac.-15
838 1279 915 1309 Vet.
928 1277 1003 1309 cod.
1018 1281 1165 1318 oporteat.

897 1409 1035 1441 NOTAE

247 1497 349 1527 etiam
377 1506 438 1536 pro
461 1496 594 1527 stolido:
633 1501 670 1527 ut
698 1496 707 1513 ‘
724 1495 848 1534 stipes’
879 1505 940 1535 pro

248 1547 257 1562 ‘
274 1546 432 1587 stup1d0‚’
448 1550 509 1578 δερ.
547 1547 673 1577 Auson.
695 1556 749 1586 ep.
777 1549 806 1577 1.
845 1550 853 1563 ¹
872 1545 939 1577 Sed

241 1597 310 1637 jam
328 1607 393 1626 non
412 1602 518 1636 potes,
535 1606 554 1626 ο
571 1597 669 1635 stolo,
684 1595 821 1627 doceri.²
846 1595 927 1625 Dac.

288 1647 302 1667 b
328 1648 408 1678 Nam
426 1647 488 1677 vidi
501 1647 654 1686 pugnare]
677 1647 715 1676 In
731 1645 871 1676 Scliedis
889 1645 941 1676 hic

248 1696 347 1726 Ennii
371 1706 484 1726 versus
499 1697 545 1727 sic
570 1697 704 1737 legitur,
731 1697 815 1726 Nam
837 1695 869 1725 vi
890 1696 941 1726 de-

244 1756 385 1787 pugnare
406 1757 474 1777 sues
497 1747 601 1777 stolidi
625 1747 714 1776 solidi
730 1751 814 1778 sunt.
860 1747 942 1777 Cor-

247 1802 347 1836 rupte
365 1796 544 1827 manifesto
562 1807 621 1836 pro
636 1797 722 1827 soliti
737 1801 820 1827 sunt.
857 1796 942 1826 Inde

246 1848 353 1879 Janus
370 1848 465 1878 Duza
490 1848 679 1878 Plautinar.
705 1847 867 1886 explicat.
884 1846 942 1877 lib.

248 1906 298 1928 xl.
329 1907 401 1937 cap.
429 1901 482 1927 25.
521 1898 661 1936 Namque
685 1897 774 1927 avide
803 1906 943 1936 pugnare

246 1948 311 1977 suis
339 1947 444 1977 stolidi
474 1948 559 1977 soliti
594 1951 676 1977 sunt.
721 1947 787 1977 Sed
819 1947 943 1985 Scalig.

250 1997 390 2037 Namque
405 1997 494 2027 avide
507 2006 648 2036 pugnare
658 2006 726 2027 sues
740 1996 843 2026 stolidi
858 1996 944 2026 soliti

249 2050 332 2077 sunt.
358 2046 467 2077 Idem.

291 2102 304 2117 ⁰
328 2097 494 2128 Hominem
510 2096 761 2136 appellat]Sca1.
778 2096 917 2136 legebat
933 2107 941 2127 z

250 2147 415 2177 Hominem
422 2148 550 2186 appellat
560 2158 569 2177 .-
584 2147 668 2182 Quid
679 2147 811 2181 lascivis,
820 2147 950 2177 stolide?

249 2206 309 2227 non
320 2196 482 2234 intelligit.
508 2196 552 2227 At
565 2207 646 2237 ego:
668 2197 830 2228 Hominem
841 2197 943 2237 appel-

250 2248 307 2284 lat,
317 2247 389 2286 quid
406 2246 543 2285 lascivis,
558 2248 666 2277 stolide
679 2250 690 2277 ?
702 2257 761 2277 non
776 2247 947 2285 intelligis?

250 2297 296 2327 Et
312 2297 520 2337 interpretor
536 2296 577 2326 de
609 2296 759 2326 Hectore
782 2296 943 2326 Paridem

248 2347 449 2386 increpante
465 2345 553 2385 quod
579 2346 725 2377 evitaret
742 2346 944 2380 Menelaum,

249 2402 284 2427 et
301 2396 378 2426 dum
403 2397 450 2426 ait
477 2396 697 2436 quidmst-ivis,
719 2397 748 2426 ei
773 2396 943 2427 mollitiem

251 2445 435 2486 exprobrat
451 2450 485 2476 et
503 2446 543 2475 ad
563 2445 703 2477 Homeri
718 2447 797 2477 illud
814 2446 945 2484 alludit,

251 2495 330 2527 εἶδος
346 2496 462 2534 ἄριστε,
478 2494 670 2533 γυναιμανὲς,
686 2498 749 2526 &c.
775 2497 860 2527 Vide
874 2496 943 2527 Ho-

251 2556 332 2577 mer.
348 2546 443 2577 Iliad.
455 2544 497 2583 γ’.
514 2546 545 2576 in
563 2546 739 2586 principio.
765 2547 861 2576 Idem.

293 2596 308 2617 <¹
333 2597 371 2627 In
389 2595 634 2636 Hypobolimaeo]
661 2595 780 2636 Aliter,
796 2595 941 2636 Hypobo-

251 2647 350 2677 limaeo
366 2646 521 2678 AEschino.
551 2645 659 2676 Idem.

295 2701 308 2717 θ
329 2697 392 2729 Abi
406 2697 476 2728 hinc
491 2700 526 2728 tn
539 2695 665 2737 stolide]
699 2696 826 2728 Forsan
840 2706 849 2728 ε
883 2695 945 2727 Abi

991 1496 1072 1534 hinc,
1090 1499 1123 1526 tu
1146 1494 1269 1533 stolide,
1285 1493 1367 1526 illuc,
1391 1494 1424 1522 ut
1444 1489 1505 1520 tibi
1519 1489 1563 1520 sit
1579 1492 1682 1529 pater.

995 1545 1049 1582 Ut,
1067 1545 1099 1575 id
1117 1550 1180 1583 est,
1193 1544 1254 1575 ubi.
1278 1543 1286 1559 ‘
1300 1543 1424 1576 Stulte,
1442 1541 1494 1571 abi
1512 1541 1587 1570 hinc
1603 1540 1683 1570 illuc

993 1595 1047 1626 ubi
1065 1595 1126 1625 tibi
1140 1599 1271 1634 patrem
1291 1590 1463 1631 reperias⁹
1485 1591 1529 1620 Et
1545 1590 1591 1619 ita
1605 1598 1684 1628 spu-

993 1646 1074 1675 rium
1094 1645 1213 1675 innuit.
1261 1644 1302 1674 Et
1319 1642 1397 1673 inde
1415 1649 1534 1671 nomeu
1559 1638 1683 1669 fabulae

993 1697 1001 1712 ‘
1023 1695 1298 1735 Hypobolimaeus
1332 1690 1530 1728 AEsrltinus,’
1560 1690 1592 1720 id
1623 1694 1684 1724 est,

994 1745 1169 1775 AEschinus
1181 1742 1415 1784 supposititius
1431 1752 1439 1772 z
1465 1741 1686 1777 ὑποβολιμαῖος

993 1796 1080 1825 enim
1099 1793 1345 1834 supposititius.
1376 1792 1474 1822 Idem.

1037 1845 1048 1866 f
1078 1844 1237 1884 Strebula]
1276 1845 1384 1874 Locus
1414 1841 1526 1872 Plauti
1557 1840 1620 1870 fuit
1652 1840 1686 1870 in

994 1894 1188 1933 Frivolaria‚
1206 1903 1279 1933 quae
1297 1901 1361 1922 non
1378 1894 1482 1921 extat.
1508 1890 1584 1920 Ant.
1600 1889 1686 1927 Aug.

1037 1943 1196 1982 Strebula]
1232 1942 1347 1974 Habes
1375 1940 1464 1980 apud
1500 1940 1685 1970 Varronem

995 2000 1030 2026 et
1045 1994 1242 2025 Arnobium.
1265 1993 1334 2022 dos.
1349 1991 1432 2021 Scal.

1038 2039 1198 2082 Strebulii]
1239 2040 1365 2071 Arnob.
1401 2045 1408 2057 ‘
1423 2039 1543 2070 Nonne
1571 2038 1687 2078 placet

995 2102 1131 2124 carnem
1166 2091 1346 2122 strebulam
1387 2089 1573 2126 nominare,
1610 2097 1685 2128 quae

996 2149 1168 2174 taurorum
1193 2150 1210 2170 e
1235 2138 1473 2169 coxendicibus
1502 2138 1648 2168 demitur
1666 2136 1688 2167 ?’

993 2193 1061 2224 Sed
1092 2201 1152 2223 cur
1180 2189 1340 2220 Umbrico
1372 2187 1522 2218 nomine?
1561 2196 1636 2217 cum
1668 2196 1687 2217 a

996 2244 1119 2274 Graeco
1144 2238 1309 2280 στρεβλὸς,
1335 2247 1468 2269 curvus.
1514 2237 1646 2276 Nempe
1668 2246 1687 2267 a

995 2296 1176 2323 curvatura
1201 2295 1235 2319 et
1256 2297 1392 2318 versura
1409 2287 1621 2317 coxendicis:
1649 2291 1687 2317 ut

996 2342 1123 2382 optime
1141 2341 1246 2370 Varro
1262 2339 1319 2368 lib.
1337 2347 1386 2368 vr.
1401 2337 1442 2368 de
1460 2338 1494 2368 L.
1509 2338 1544 2367 L.
1573 2341 1580 2353 ⁴
1598 2337 1686 2367 Caro

996 2392 1157 2430 strcbola,
1175 2390 1306 2430 Opilius
1323 2388 1454 2428 scribit,
1470 2388 1595 2418 circum
1609 2397 1686 2418 cox-

996 2442 1131 2473 endices
1151 2445 1227 2470 sunt
1248 2439 1352 2470 nobis.
1397 2438 1437 2468 Id
1455 2438 1612 2468 Graecum
1636 2442 1688 2468 est

998 2494 1038 2523 ab
1056 2491 1153 2530 hujus
1170 2490 1234 2520 loci
1252 2487 1413 2519 versura?
1439 2488 1519 2518 Duc.

1040 2547 1054 2567 {1
1077 2541 1221 2571 Strebnla
1240 2539 1355 2578 agnina
1377 2537 1459 2576 tene]
1485 2537 1575 2567 Puto
1592 2537 1624 2566 in
1642 2537 1687 2566 la-

998 2602 1083 2622 cuna
1100 2589 1285 2621 desiderari
1302 2589 1408 2618 locum
1423 2586 1523 2616 alium
1537 2586 1686 2625 ejusdem

1000 2641 1114 2673 Plauti
1132 2649 1229 2680 quein
1248 2637 1361 2668 laudat
1378 2637 1488 2666 Varro
1505 2635 1586 2665 ibid.
1621 2638 1630 2653 ‘
1646 2636 1686 2666 In

999 2688 1172 2725 cestione‚’
1199 2687 1319 2730 inquit,
1341 2684 1484 2727 (optime
1506 2685 1629 2725 Scalig.
1653 2684 1685 2715 in
