1876 3025
326 185 390 215 DE
423 179 693 213 VERBORUM
728 174 1140 209 SIGNIFICA'l'lONE
1175 173 1268 203 [ΑΒ.
1300 173 1386 203 XV.

1503 162 1591 203 (399

191 283 400 324 honorem
439 276 544 333 regis
584 288 808 324 sacrorum,
850 272 967 314 aiant
1008 270 1080 326 qui
1119 269 1168 312 de
1192 268 1320 326 feriis
1364 266 1586 309 Menstrui

192 350 470 403 scripserunt,
484 358 571 399 qnae
594 341 708 382 nonis
724 339 942 382 Februarii
965 339 1007 379 in
1033 336 1068 378 C
1073 337 1165 378 uria
1180 353 1204 377 a
1220 337 1344 390 Rege
1358 335 1588 376 dicuntur:

191 432 243 458 eae
263 430 356 457 vero
377 431 402 455 α
423 412 558 453 multis
581 409 844 465 scriptoribus
867 408 1042 451 traditae
1074 409 1190 452 sunt,
1219 419 1315 445 nam
1337 418 1416 459 quo
1437 400 1501 442 die
1521 414 1593 440 γεω

193 487 237 527 in
261 483 481 526 Comitium
503 480 613 522 venit
634 479 719 534 cgjus
740 492 845 533 pars
867 476 1057 519 anterior
1076 472 1193 530 nefas
1224 472 1420 520 habetur3
1451 476 1592 510 contra

194 560 329 594 autem
349 550 566 606 posterior
585 547 662 605 fas
679 563 691 587 .·
722 546 820 602 quia
841 544 965 586 sacris
988 542 1168 599 peractis
1189 540 1281 581 inde
1302 539 1403 589 abit,
1423 536 1534 594 quod
1555 538 1594 578 si

196 623 296 678 quis
319 621 432 663 alius
454 632 534 673 pro
557 618 681 671 Rege
695 622 712 647 P
733 630 776 656 eo
798 615 862 655 die
883 614 926 654 in
947 611 1106 654 comitio
1115 609 1284 667 fecerit,
1300 614 1424 663 pata,
1442 605 1593 646 Ponti-

195 692 285 741 fex,
305 694 397 731 tum
415 688 490 728 hic
513 686 610 728 dies
633 690 740 725 totas
761 681 988 738 estfastus.

141 760 364 811 QUANDO
399 766 502 796 REX
536 762 834 795 comrmAvrr
869 761 972 797 FAS,
1002 749 1048 790 in
1081 747 1214 790 fastis
1242 745 1381 788 notari
1411 745 1593 798 [PAUL.

199 827 330 881 solet,
359 829 400 865 et
421 824 504 865 hoc
525 821 699 863 videtur
719 818 983 872 significare,
1018 815 1195 871 quando
1217 828 1299 856 rex
1320 812 1595 856 sacrificulus

198 894 357 936 divinis
378 893 511 933 rebus
532 889 743 945 perfectis
767 889 810 929 in
831 887 1061 929 comitium
1083 884 1238 926 venit.‘1

796 1074 935 1108 NOTAE

141 1191 238 1224 lectis
267 1191 332 1223 Vel
362 1200 433 1222 mos
463 1198 647 1229 sacrorum,
674 1187 728 1219 vel
760 1185 842 1228 fuga

143 1242 247 1283 Regis
265 1241 375 1273 inest.'
420 1242 611 1281 Utrumque
637 1239 725 1270 enim
751 1248 841 1270 com-

144 1294 263 1334 plexus
285 1298 359 1324 est:
393 1291 561 1325 ‘Quando
589 1290 666 1321 Rex
691 1288 843 1320 comitia-

144 1344 191 1375 vit
206 1343 226 1373 :’
264 1343 317 1375 hic
342 1344 429 1375 enim
454 1348 507 1374 est
531 1351 602 1373 mos
629 1340 731 1380 sacri,
754 1338 843 1381 quod

144 1394 300 1427 faciebat
315 1395 348 1426 in
363 1393 521 1427 comitio:
539 1393 547 1409 ‘
560 1397 594 1424 et
611 1390 843 1425 QuandoRex

145 1446 282 1477 comitio
306 1445 421 1486 fugit)
467 1443 596 1484 Tangit
623 1443 712 1474 enim
729 1441 843 1481 fugam

145 1495 252 1537 Regis
269 1506 287 1528 e
305 1495 454 1527 comitio.
486 1494 693 1526 Plutarchus
709 1504 716 1522 :
741 1491 846 1524 ἄπεισι

144 1546 267 1587 φεύγων
290 1548 321 1587 ἐξ
342 1547 468 1589 ἀγορᾶς.
513 1545 604 1579 Quid
631 1545 758 1577 certius
783 1544 847 1575 hoc

145 1599 361 1630 testimonio?
406 1598 454 1629 At
469 1597 608 1632 Paulus,
634 1596 764 1632 Quando
790 1605 848 1626 rex

144 1650 336 1690 sacrificulus
364 1649 480 1681 divinis
513 1648 604 1679 rebus
640 1646 786 1689 perfectis
813 1647 848 1678 in

146 1701 303 1732 comitium
317 1700 412 1732 venit.
460 1700 581 1739 Immo,
598 1698 734 1739 quando
746 1697 847 1729 rebus

146 1750 270 1782 divinis
308 1749 470 1790 perfectis
507 1749 579 1780 abit
622 1758 640 1779 e
686 1747 847 1780 comitio:

148 1811 253 1843 quare
269 1801 341 1842 ejus
359 1799 601 1831 commentitiae
614 1808 725 1830 cansae
743 1798 775 1829 in
793 1808 849 1829 ru·

148 1851 286 1884 deribus
333 1851 427 1882 Festi
453 1860 495 1881 ne
520 1849 700 1890 vestigium
714 1849 848 1891 quidem

149 1907 306 1943 apparet.
353 1901 400 1932 At
423 1900 504 1942 quid
528 1901 623 1931 aiunt
649 1900 743 1931 docti
764 1899 849 1930 viri?

150 1953 310 1985 Ovidium
333 1952 507 1993 ignorasse
535 1951 615 1992 quid
641 1950 704 1981 sibi
723 1951 851 1982 vellent

148 2005 214 2036 illae
240 2004 347 2035 literae
370 2003 582 2044 singulares:
608 2001 703 2043 quasi
728 2000 781 2032 fas
807 2001 851 2032 sit

150 2055 384 2087 doctissimum
412 2053 548 2095 poetam
572 2053 742 2093 ignorare,
759 2051 850 2093 quod

152 2105 377 2144 formularios,
402 2104 580 2145 leguleios,
605 2103 794 2143 litigantes,
812 2111 851 2133 ac

150 2156 304 2188 minimos
341 2164 491 2196 quosque
525 2154 568 2185 de
600 2152 688 2184 faece
728 2153 852 2184 Nuinae

150 2207 238 2238 scire
264 2205 426 2246 oportuit.
486 2205 576 2235 Nam
607 2203 650 2234 de
672 2202 852 2244 Regifugio

151 2259 260 2300 ipsum
275 2267 342 2289 non
358 2256 583 2296 intellexisse,
609 2256 704 2286 testis
721 2255 787 2286 erit
803 2255 853 2295 ip-

152 2314 271 2350 semet,
290 2308 347 2350 qui
364 2307 406 2339 de
423 2317 464 2339 eo
481 2307 513 2338 in
535 2316 649 2337 mense
666 2306 853 2338 Februario

155 2368 235 2394 ante
252 2366 476 2395 tractaverat.
498 2361 567 2391 Jos.
585 2359 669 2391 Scal.

199 2414 330 2449 Quando
346 2423 404 2444 rex
425 2412 599 2443 comitiavit
612 2410 685 2451 sas]
721 2410 762 2441 In
781 2419 854 2441 ver·

155 2463 205 2493 bis
228 2463 321 2494 Festi
335 2462 528 2503 legendum,
543 2461 723 2498 comitiasit,
740 2461 773 2492 id
790 2465 857 2497 est,

156 2518 163 2531 ‘
178 2512 428 2544 comitiaverit.’
473 2512 572 2545 Quod
601 2517 637 2544 et
652 2511 771 2542 Fulvio
791 2512 856 2542 Ur·

160 2563 233 2593 sino
250 2563 350 2593 etiam
368 2563 491 2603 placet.
537 2563 627 2593 Item
647 2562 744 2600 feriis
770 2571 856 2592 men·

159 2613 272 2645 struis.-
292 2614 368 2654 quia
379 2624 393 2644 s
409 2615 508 2645 litera
517 2615 573 2645 τοῦ
581 2614 745 2645 menstruis
756 2613 859 2654 periit

159 2669 303 2705 propter
317 2663 478 2694 initialem
489 2664 577 2695 illam
591 2664 670 2695 ετοῦ
678 2664 859 2704 scripserat.

161 2715 250 2746 Item
277 2714 441 2744 edicuntur
466 2722 527 2753 pro
552 2714 710 2747 dicuntur,
736 2713 815 2753 quia
844 2723 860 2744 e

161 2775 236 2796 cum
254 2764 476 2806 praecedente
505 2773 520 2795 e
548 2765 604 2795 τοῦ
620 2774 692 2804 rege
708 2763 862 2795 cohaesit.

899 1186 943 1217 Et
984 1184 1031 1215 ita
1061 1191 1194 1224 semper
1217 1179 1351 1213 Varro:
1396 1177 1494 1209 ‘Rex
1522 1184 1599 1208 cum

897 1235 1001 1267 ferias
1041 1238 1232 1266 menstruas
1266 1231 1362 1263 nonis
1405 1227 1600 1260 Februariis

898 1285 1026 1319 edicit.’
1069 1286 1182 1317 Item:
1209 1283 1363 1314 ‘Harum
1390 1289 1503 1312 rerum
1528 1287 1602 1309 ves-

899 1338 983 1379 tigia
1011 1341 1180 1378 apparent
1211 1335 1246 1366 in
1281 1333 1386 1365 sacris
1423 1329 1602 1362 noualibus

899 1389 933 1420 in
950 1398 1029 1420 arce
1045 1387 1134 1429 quod
1152 1391 1232 1418 tunc
1247 1384 1351 1417 ferias
1370 1383 1494 1424 primas
1510 1389 1603 1411 men-

899 1444 1010 1471 struas
1041 1449 1116 1480 quae
1142 1436 1268 1468 futurae
1306 1439 1386 1467 sunt
1423 1442 1464 1465 eo
1485 1440 1601 1463 mense

900 1491 975 1523 Rex
989 1488 1119 1522 edicit.'
1133 1489 1216 1520 Dae.

941 1547 957 1569 Ι)
982 1542 1073 1578 Quod
1100 1541 1128 1571 si
1143 1540 1213 1581 quis
1228 1539 1307 1570 alius
1330 1547 1389 1578 pro
1416 1536 1517 1575 Rege,
1532 1533 1602 1573 ἔξω]

899 1591 960 1624 Ait
977 1593 1114 1631 Festus,
1131 1591 1158 1622 si
1175 1590 1250 1632 quis
1278 1589 1373 1627 alins,
1391 1592 1475 1628 puta
1492 1584 1605 1625 ponti-

900 1643 972 1683 fex,
988 1652 1051 1684 pro
1068 1651 1149 1683 rege
1166 1641 1200 1671 in
1224 1639 1364 1672 comitio
1392 1635 1605 1668 sacrificave-

901 1694 959 1735 rit,
976 1698 1057 1725 tunc
1067 1697 1175 1724 totum
1186 1691 1275 1722 diem
1290 1689 1417 1721 fastum
1430 1696 1514 1718 esse.
1537 1685 1606 1716 Sed

903 1755 980 1776 eum
997 1745 1086 1775 illius
1110 1743 1177 1774 diei
1195 1751 1274 1783 pars
1292 1740 1443 1771 anterior
1468 1735 1605 1769 nefasta

902 1795 1018 1835 fuerit,
1035 1795 1092 1836 qui
1114 1793 1187 1824 fieri
1217 1796 1345 1833 potest,
1368 1793 1407 1820 ut
1433 1789 1513 1828 alio,
1543 1796 1604 1828 pro

902 1856 998 1886 rege,
1015 1846 1049 1877 in
1064 1844 1205 1877 comitio
1217 1841 1446 1880 sacrificante,
1457 1848 1534 1881 pars
1552 1838 1609 1869 illa

903 1897 982 1933 diei,
999 1904 1074 1938 quae
1087 1896 1159 1936 jam
1182 1892 1454 1932 nefasta,elapsa
1470 1893 1537 1928 est,
1552 1897 1606 1919 ea-

903 1946 980 1978 dem
1009 1947 1132 1977 iterum
1148 1943 1238 1975 fasta
1253 1942 1322 1974 sit?
1343 1941 1407 1971 Vel
1431 1940 1496 1971 lioc
1513 1945 1608 1970 certe

903 1996 1097 2028 necessario
1118 1994 1248 2027 evincit
1261 1990 1516 2024 rescribendum
1533 1998 1609 2021 esse

904 2048 971 2078 Hic
986 2048 1055 2079 dies
1070 2050 1154 2078 totus
1168 2045 1320 2084 nefastus.
1366 2043 1458 2075 Nihil
1470 2041 1611 2073 certius.

904 2098 986 2130 Diei
1003 2098 1090 2129 illius
1109 2107 1187 2139 pars
1203 2095 1371 2137 posterior
1383 2092 1469 2124 fasta
1484 2096 1561 2122 erat
1577 2091 1610 2122 in

905 2150 1048 2191 gratiam
1073 2149 1179 2190 Regis
1202 2145 1396 2185 sacrificuli,
1417 2143 1475 2185 qui
1496 2143 1530 2173 in
1555 2152 1611 2173 co-

904 2201 1000 2232 mitio
1019 2199 1162 2232 fecerat.
1195 2198 1263 2229 Sed
1282 2196 1308 2227 si
1326 2196 1411 2226 alius
1424 2194 1457 2224 in
1474 2192 1611 2224 comitio

903 2249 1053 2290 fecisset,
1087 2250 1160 2281 dies
1185 2247 1311 2280 solidus
1336 2245 1504 2279 nefastus,
1533 2242 1613 2284 quia

905 2302 988 2333 nulli
1003 2302 1058 2333 alii
1077 2306 1303 2342 praeterquani
1332 2296 1421 2337 Regi
1440 2303 1612 2327 sacrorum

900 2353 958 2394 jus
976 2353 1058 2384 illud
1072 2360 1273 2384 concessum
1287 2353 1376 2387 erat,
1390 2352 1428 2378 ut
1444 2356 1463 2378 e
1479 2344 1611 2377 nefasto

905 2402 1034 2435 fastum
1048 2402 1164 2434 facere
1183 2405 1310 2442 posset.
1336 2399 1435 2429 Idem.

952 2458 967 2479 ‘1
991 2453 1122 2485 Divinis
1142 2451 1234 2483 rebus
1246 2448 1394 2490 perfectis
1408 2449 1441 2479 in
1456 2447 1615 2478 comitium

906 2504 1006 2544 venit]
1046 2501 1242 2534 Dicendum
1270 2499 1380 2540 potius
1407 2497 1474 2528 fuit
1499 2497 1613 2527 divinis

907 2554 1000 2586 rebus
1011 2555 1162 2596 perfectis
1188 2563 1203 2584 e
1224 2551 1350 2583 comitio
1362 2549 1466 2588 sugit.
1512 2547 1613 2588 Nam,

909 2614 985 2636 cum
1014 2606 1090 2637 Rex
1117 2605 1150 2635 in
1176 2603 1316 2635 comitio
1341 2609 1440 2631 sacra
1468 2598 1616 2637 faceret,

914 2657 1020 2689 sacris
1043 2654 1207 2697 perfectis
1229 2653 1262 2683 in
1288 2650 1462 2682 comitium
1484 2649 1532 2679 ire
1556 2647 1615 2689 qui

916 2706 1103 2749 potuisset?
1163 2704 1300 2735 Festum
1338 2709 1405 2730 non
1444 2698 1615 2731 intellexit

916 2760 1078 2795 barbarus
1095 2755 1282 2789 mutilatur.
1306 2752 1403 2784 Idem.
