1876 3025
270 176 354 218 898
714 186 861 217 sexri
898 184 1097 215 POMPEH
1133 184 1269 215 FESTI

272 282 450 323 Stellam
488 280 728 334 significare
760 281 820 321 ait
858 278 1019 320 Ateius
1060 278 1223 333 Capito
1250 280 1416 329 laetum,
1457 284 1500 320 et
1541 278 1701 334 [FEST-

326 362 597 404 prosperum,
621 348 919 389 auctoritatem
939 351 1121 387 secutus
1137 347 1186 387 Ρ.
1204 347 1378 387 Servilii
1399 348 1585 399 auguris,
1605 359 1705 399 quae

328 430 387 457 ex
406 417 621 457 lamella¹⁷
644 428 760 456 aerea
792 414 1001 455 assimilis
1025 414 1165 455 stellae
1197 414 1309 455 locis
1341 413 1606 466 inauguratis
1640 414 1705 453 in-

326 483 498 536 figatur.

270 550 530 592 Stellatinad
552 549 679 590 tribus
700 548 822 598 dicta,
844 562 925 588 non
946 563 971 588 a
997 547 1150 600 Campo
1186 560 1252 596 eo,
1283 548 1357 600 qui
1389 547 1434 588 in
1465 545 1708 599 Campania

326 622 406 668 est,
416 618 493 659 sed
510 631 576 666 eo,
591 618 667 671 qui
681 629 832 670 parum
850 613 962 655 abest
978 614 1029 654 ab
1058 613 1163 654 Urbe
1190 613 1380 668 Capena,
1394 627 1449 654 ex
1466 627 1553 668 quo
1572 613 1708 654 Tusci

326 686 517 739 profecti
539 686 568 709 ¹8
594 684 856 725 Stellatimmz
876 697 965 723 enm
987 695 1189 736 campum
1209 681 1550 735 appellaverunt.

271 753 522 794 stellionem
539 758 552 774 θ
576 758 608 784 ¹9
627 765 750 804 genus
770 751 887 791 aiunt
909 749 1107 800 Lacertae,
1129 748 1238 804 quod
1255 749 1435 789 Verrius
1458 748 1611 787 dictum
1633 746 1707 796 ait,

327 819 425 874 quia
441 820 552 859 virus
575 819 709 860 stillet
730 819 845 867 cibo,
877 817 1012 871 potius
1033 831 1152 872 qnam
1172 814 1279 871 quod
1298 815 1372 855 alii
1389 820 1423 837 ²0
1444 827 1471 855 a
1490 814 1707 856 stellarum

327 886 603 935 similitudine,
625 885 721 940 quia
744 886 909 925 varium
932 889 1011 925 est.

272 951 478 995 Stercusf
507 966 564 994 ex
595 954 691 993 aede
720 952 870 993 Vestae
913 962 1044 991 Xv11.
1074 950 1304 991 Kalendas
1339 950 1485 991 Julias
1518 949 1709 989 defertur

326 1022 370 1061 in
392 1021 662 1074 angiportum
694 1020 883 1060 medium
918 1019 1006 1059 fere
1041 1018 1145 1058 clivi
1182 1018 1439 1070 Capitolini,
1475 1017 1551 1069 qui
1584 1016 1708 1056 locus

327 1087 547 1127 clauditur
587 1092 718 1139 porta
758 1086 1027 1134 stercoraria,
1059 1088 1191 1126 tantae
1232 1085 1482 1125 sanctitatis
1522 1082 1709 1135 majores

326 1155 466 1195 nostri
489 1167 584 1195 esse
599 1154 927 1207 judicaverunt.

874 1271 991 1284 eeeeee

993 1271 1107 1283 ‘meo

315 1350 353 1378 17
379 1348 458 1378 Vet.
475 1348 550 1378 cod.
564 1358 632 1387 quoe
647 1359 686 1379 ex
701 1349 835 1380 tamella.
883 1349 1078 1389 Legendum
1096 1352 1209 1378 monet
1239 1348 1321 1378 Dae.
1337 1346 1408 1386 quia
1435 1348 1462 1375 et
1490 1345 1611 1375 lamella
1626 1353 1706 1374 aerea

271 1390 418 1420 assimilis
430 1392 540 1429 steſtre,
553 1391 628 1421 lacis
642 1392 839 1429 inauguratis
854 1392 1103 1433 insignium—18
1121 1391 1184 1422 Ed.
1196 1390 1284 1421 Scal.
1298 1388 1526 1428 p1·‹ffessi.—l9
1542 1387 1621 1418 Vet.
1633 1386 1709 1417 cod.

271 1432 536 1464 Stelionern.—2o
562 1433 625 1465 Ed.
642 1434 729 1465 Scal.
746 1436 754 1452 ‘
773 1435 875 1465 alibi?

925 1541 1062 1572 NOTAE

314 1602 328 1622 ‘¹
352 1601 478 1632 Stellati
492 1625 499 1633 .
514 1625 521 1633 .
535 1625 542 1633 .
554 1603 578 1643 .]
606 1603 776 1634 Stellatina
791 1604 893 1635 tribus
908 1615 968 1635 non

272 1664 289 1683 a
315 1652 443 1683 Stellate
467 1664 570 1693 cmupo
592 1664 636 1693 eo,
657 1656 710 1694 qui
732 1656 766 1685 in
798 1656 970 1696 Campania

271 1707 330 1741 est,
346 1705 400 1734 sed
424 1714 469 1743 ea,
486 1704 538 1744 qui
553 1707 616 1734 est.
633 1726 640 1734 .
654 1728 661 1736 .
675 1726 683 1734 .
700 1705 833 1736 miliario
849 1717 866 1736 α
881 1710 970 1745 porta

276 1754 420 1792 Capena.-
445 1763 484 1783 ex
508 1764 564 1793 qno
579 1754 748 1785 Tuscieum
770 1765 908 1795 campum
924 1756 970 1786 ita

271 1803 511 1842 appellat-erunt.
559 1803 657 1842 Haec,
686 1805 739 1834 vel
767 1804 816 1834 his
850 1805 970 1835 similia

272 1853 406 1883 Festus.
428 1853 496 1883 Liv.
515 1853 572 1883 lib.
587 1863 634 1884 vr.
653 1858 660 1870 ‘
673 1854 795 1884 Tribus
812 1859 971 1894 quattuor

274 1913 316 1933 ex
339 1904 432 1933 novis
459 1904 590 1935 civibus
613 1905 752 1942 additae,
777 1906 971 1944 Stellatina,

273 1953 504 1991 Tromentina,
552 1954 728 1992 Sabatina,
780 1954 970 1986 Arnensis.'

274 2003 373 2032 Anno
386 2003 478 2033 urbis
491 2007 565 2034 356.
581 2014 622 2034 ex
636 2005 746 2036 Fastis
758 2006 971 2045 Capitolinis„

271 2052 349 2082 Ant.
374 2052 462 2091 Aug.

317 2102 501 2142 Stellatina]
537 2102 626 2133 Vide
649 2102 723 2134 Liv.
741 2103 798 2134 lib.
818 2113 865 2135 vr.
885 2109 969 2135 sect.

275 2155 306 2181 5.
352 2152 510 2183 Stellates
534 2154 677 2192 populos
704 2153 736 2184 in
763 2155 889 2185 Tuscia
913 2164 970 2185 no-

275 2201 381 2232 minat
398 2202 483 2232 Cato
500 2202 532 2232 in
550 2203 745 2242 originibus.
770 2204 850 2235 Dac.

316 2257 330 2272 Β
353 2252 548 2292 Stellionem]
580 2253 746 2283 Existimo
764 2254 901 2284 Festum
920 2262 972 2283 re-

276 2300 381 2341 ferre,
419 2303 583 2342 placuisse
613 2303 732 2333 Verrio
763 2303 971 2343 stellionem,

276 2351 365 2392 quod
381 2352 486 2382 stillet
499 2353 589 2390 cibo,
602 2353 664 2383 dici
679 2363 688 2381 ι
702 2359 736 2384 at
750 2353 855 2393 ipsum
869 2354 972 2394 magis

276 2400 422 2440 probare
461 2401 502 2431 ab
533 2402 705 2432 stellarum
742 2403 974 2443 similitudine,

277 2449 366 2490 quod
385 2450 457 2490 ejus
482 2451 568 2481 cutis
592 2452 683 2482 varia
698 2452 752 2491 sit,
770 2462 840 2483 esse
858 2453 970 2492 appel·

277 2499 393 2530 latum.
419 2500 506 2529 Plin.
525 2500 580 2530 lib.
598 2509 688 2531 xxx.
702 2511 777 2540 cap.
796 2504 845 2533 10.
865 2502 873 2518 ‘
888 2502 971 2532 Nul-

277 2549 344 2579 lum
359 2549 475 2580 animal
490 2549 737 2581 fraudulentius
754 2552 903 2583 invidere
917 2553 972 2583 ho-

277 2600 357 2630 mini
377 2600 537 2631 tradunt:
562 2600 638 2631 inde
649 2602 840 2633 stellionum
853 2612 972 2633 nomen

280 2649 371 2680 aiunt
390 2651 421 2680 in
438 2650 652 2681 maledictum
671 2652 879 2683 translatum.
908 2653 972 2683 Tu-

279 2700 426 2731 niculam
443 2700 538 2732 exuit
553 2699 672 2732 eodem
689 2700 785 2732 modo
799 2707 832 2733 ut
845 2702 973 2743 anguis,

1019 1604 1078 1636 sed
1101 1614 1173 1635 eam
1196 1604 1266 1644 ipse
1290 1601 1454 1634 devorat!
1499 1600 1554 1631 Ab
1569 1600 1631 1631 hoc
1647 1599 1711 1630 cri-

1019 1664 1094 1685 men
1132 1655 1347 1685 stellionatus
1385 1652 1451 1682 dici
1483 1656 1613 1682 certum
1651 1654 1714 1682 est.

1021 1707 1071 1737 De
1101 1706 1256 1735 stellione
1286 1704 1379 1743 Virg.
1418 1702 1545 1741 Georg.
1572 1701 1630 1731 lib.
1658 1709 1710 1731 lv.

1018 1757 1094 1786 Ant.
1110 1755 1196 1794 Aug.

1063 1805 1259 1845 stellionem]
1299 1803 1493 1834 stellionem
1528 1809 1632 1841 genus
1664 1800 1711 1830 la-

1020 1859 1122 1885 certae
1150 1855 1289 1884 Verrius
1321 1853 1403 1883 dicit
1431 1852 1472 1883 ab
1502 1861 1541 1882 eo
1573 1851 1713 1889 dictum,

1020 1906 1108 1946 quod
1128 1904 1216 1935 virus
1232 1905 1338 1935 stillet
1361 1903 1448 1942 cibo,
1472 1902 1595 1941 potius,
1615 1909 1713 1940 quam

1021 1955 1109 1996 quod
1137 1955 1219 1990 dicit
1249 1954 1339 1989 alibi,
1362 1963 1380 1983 a
1403 1953 1574 1984 stellarum
1601 1949 1714 1980 simili-

1020 2005 1137 2035 tudine
1158 2004 1262 2034 videri
1289 2003 1430 2039 dictum,
1456 2001 1533 2040 quia
1561 2000 1634 2039 ejus
1661 2007 1715 2029 co-

1021 2054 1102 2084 rium
1122 2053 1246 2083 varium
1263 2057 1326 2083 est.
1370 2050 1593 2081 Tertullianus
1610 2048 1652 2078 de
1669 2047 1714 2078 ci—

1022 2103 1071 2134 bis
1114 2102 1310 2137 Judaeorum
1335 2112 1343 2131 :
1380 2105 1389 2117 ¹
1408 2101 1481 2140 quis
1523 2098 1713 2129 stellionem

1021 2152 1230 2193 (comedit)?
1266 2151 1325 2181 sed
1358 2150 1504 2180 maculas
1537 2153 1715 2178 execratur

1021 2202 1168 2243 praedam
1187 2201 1228 2232 de
1254 2202 1361 2232 aliena
1381 2203 1487 2231 morte
1505 2196 1716 2239 quaerentes!

1019 2253 1090 2283 Jos·
1107 2252 1190 2282 Scal-

1063 2300 1259 2340 Stellionem]
1303 2299 1423 2330 Stellio
1450 2303 1561 2329 autem
1593 2297 1717 2337 dictus,

1020 2351 1109 2393 quod
1127 2351 1227 2381 variis
1245 2350 1350 2389 guttis
1367 2350 1410 2380 sit
1424 2350 1590 2380 stellatus.
1613 2348 1715 2379 Ovid.

1022 2411 1071 2432 1v.
1101 2400 1328 2440 Metamorpli.
1357 2400 1365 2416 ‘
1384 2399 1578 2439 Aptumque
1611 2398 1715 2429 colori

1022 2452 1153 2483 Nomen
1169 2450 1272 2481 habet
1287 2449 1386 2480 variis
1404 2449 1559 2479 stellatus
1572 2456 1715 2487 corpore

1022 2499 1152 2541 guttis.'
1198 2499 1297 2530 Unde
1321 2504 1355 2530 et
1377 2500 1468 2529 illum
1485 2498 1600 2529 Gra-aci
1624 2497 1715 2528 ἆστε-

1021 2550 1088 2591 ρίαν
1104 2555 1136 2581 et
1153 2549 1322 2590 ἀστερίωνα
1338 2549 1468 2580 dixere.
1494 2549 1574 2579 Duc.

1065 2599 1076 2621 s
1096 2601 1240 2640 Stercus]
1273 2600 1374 2631 Ovid.
1391 2599 1646 2639 Tiberijactum
1664 2597 1713 2628 di-

1023 2651 1081 2683 cit.
1125 2651 1212 2682 Vide
1238 2660 1359 2691 supra:
1389 2655 1397 2668 ¹
1413 2649 1557 2683 Quando
1582 2654 1712 2680 stercus

1023 2701 1174 2735 delatum
1192 2701 1266 2734 fas.'
1288 2702 1386 2732 Idem.
