1876 3025
279 179 341 208 DE
376 175 644 207 VERBORUM
680 168 1087 203 SlGNlFfflA'rloNE
1122 167 1216 196 [AB.
1250 165 1353 195 ΧΠ.
1471 152 1554 193 771

161 276 318 316 bovem
342 286 517 328 quoque
540 270 687 312 rustici
723 268 962 323 appellant,
997 263 1276 306 manifestum
1315 264 1407 301 est:
1439 259 1553 300 unde

161 349 204 385 et
239 343 420 384 materia
442 354 541 394 quae
562 339 780 394 plurimas
801 349 939 379 venas
960 334 1057 388 ejus
1081 332 1240 373 coloris
1262 330 1408 378 habet,
1433 329 1555 369 dicta

161 416 227 453 est
258 412 414 466 robur:
443 409 544 449 hinc
577 412 620 449 et
650 407 848 448 homines
871 404 1080 452 valentes,
1105 404 1146 441 et
1167 399 1267 441 boni
1287 399 1462 446 coloris,
1486 411 1555 437 ro-

159 479 299 521 busti:
331 480 465 519 robus
501 489 676 531 quoque
704 475 748 515 in
779 469 980 515 carcere¹
1010 469 1173 510 dieitur
1213 468 1250 508 is
1290 467 1429 515 locus,
1462 479 1552 519 quo

159 548 466 602 praecipitatur
485 544 784 586 maleficorum
807 553 957 595 genus,
979 537 1099 593 quod
1122 540 1222 578 ante
1257 536 1368 576 areis
1401 535 1554 575 robus-

159 617 243 657 teis
268 614 584 656 includebatur.

102 683 314 733 Rodus,¹⁹
336 682 404 723 vel
423 680 589 722 raudus
612 692 711 720 cum
734 677 909 725 dicitur,
933 689 1003 716 res
1026 674 1147 715 rudis
1179 676 1222 714 et
1253 673 1333 713 im-
1372 671 1500 726 [PAU
1513 682 1554 709 [1.

158 751 357 805 perfecta
394 749 679 802 significatur.
740 745 977 786 Hominem
1010 755 1186 797 quoque
1207 741 1458 794 imperitum
1482 751 1553 779 ru-

158 821 255 861 dem
286 831 514 861 vocamus.
576 816 812 857 Rudentes
844 817 985 853 restes
1011 811 1216 861 nauticae,
1238 813 1280 850 et
1303 808 1429 858 asini,
1452 820 1553 848 cum

156 901 309 930 vocem
329 887 523 927 mittunt.

101 957 302 1006 RodUS,m
332 956 399 996 vel
422 953 582 995 raudus
602 950 823 1005 significat
842 963 934 991 rem
954 948 1106 989 rudem
1125 951 1170 987 et
1191 946 1348 998 imper·
1387 942 1555 996 [FEST.

157 1025 339 1066 sectam:
371 1035 471 1063 nam
505 1033 665 1062 saxum
698 1031 873 1072 quoque
891 1015 1054 1057 raudus
1078 1015 1302 1069 appellant
1324 1011 1483 1066 poetae,
1506 1015 1555 1051 ut

155 1092 308 1134 Attius
329 1092 374 1131 in
390 1088 649 1141 Menalippo
669 1101 678 1128 :
703 1085 1000 1133 Constituit‚20
1022 1082 1243 1134 cognovit,
1260 1081 1431 1129 sensit,¹
1455 1092 1556 1119 con-

155 1163 276 1202 locat
293 1173 387 1201 sese
408 1160 451 1199 in
472 1159 615 1198 locum
635 1155 800 1196 celsum
819 1168 827 1194 :
849 1154 945 1194 hinc
961 1151 1165 1192 manibus
1183 1155 1199 1171 ¹¹
1221 1161 1372 1203 rapere
1390 1147 1554 1188 raudus

158 1242 343 1271 saxeum
366 1225 570 1279 grandem
593 1228 638 1265 et
660 1236 835 1276 gravem
856 1236 865 1263 ε
892 1226 906 1243 2
937 1224 981 1261 et
1003 1220 1046 1260 in
1071 1218 1324 1272 Chrysippo
1343 1230 1352 1257 :
1392 1215 1553 1269 Neque

156 1298 388 1351 quisquam
412 1307 438 1334 a
461 1294 559 1334 telis
581 1305 773 1333 vacuus:
808 1290 884 1331 sed
907 1289 966 1329 uti
990 1289 1147 1341 cuique
1186 1286 1361 1327 obviam
1395 1285 1553 1332 fuerat,

156 1368 331 1414 ferrum,
354 1363 469 1403 alius
492 1374 649 1402 saxum
673 1359 859 1400 rodum.³
896 1357 1049 1410 vulgus
1076 1354 1251 1408 quidem
1283 1354 1327 1393 in
1360 1365 1445 1393 usu
1478 1352 1555 1392 ha-

153 1434 262 1482 buit,
294 1445 380 1472 non
408 1429 539 1470 modo
568 1442 646 1482 pro
680 1441 763 1469 aere
794 1424 1066 1481 imperfecto,
1103 1429 1150 1464 ut
1181 1422 1415 1471 Lucilius‚⁰
1453 1434 1552 1461 cum

705 1557 942 1570 eeeeeeeeeeee

128 1644 168 1672 19
186 1640 268 1670 Vet.
285 1639 343 1670 lib.
359 1639 564 1670 mam-20
590 1638 668 1668 Vet.
681 1637 737 1667 lib.
765 1634 1011 1666 Constituis.—1
1037 1632 1098 1662 Vir
1115 1631 1208 1662 doct.
1228 1631 1258 1660 in
1275 1639 1378 1668 marg.
1393 1627 1447 1658 ed.
1466 1628 1552 1660 Scal.

96 1684 185 1723 conj.
199 1683 388 1713 sensam—2
417 1682 511 1721 Legit
536 1682 621 1711 Dae.
638 1681 709 1710 hinc
727 1679 865 1709 munibus
880 1686 987 1716 rapere
1003 1677 1095 1705 rodus
1110 1684 1235 1704 saxeum
1250 1674 1372 1711 grande
1395 1674 1424 1701 et
1443 1681 1551 1708 grace.

96 1728 159 1755 —3
185 1726 279 1755 Idem
293 1736 299 1755 1
324 1726 376 1754 sed
391 1725 439 1754 ute<
453 1725 561 1763 cuique
576 1724 695 1753 obvium
705 1721 960 1759 suerat‚fer1·u7n
973 1719 1064 1757 alins,
1087 1718 1169 1748 alius
1184 1726 1294 1746 saxum
1310 1717 1429 1745 rodum.

94 1779 204 1800 saxum
219 1769 326 1798 rodum
344 1768 422 1798 Yet.
441 1767 516 1798 cod.
534 1767 621 1797 saa-io
638 1767 754 1796 rudem.

1484 1715 1510 1744 P
1517 1723 1552 1743 ro

751 1892 889 1924 NOTAE

96 1971 219 2002 titudo.
244 1972 342 2003 Idem.

135 2021 142 2041 ¹
168 2023 274 2054 Rebus
288 2033 403 2063 quoque
418 2023 451 2054 in
466 2022 600 2062 carcere]
626 2023 677 2053 Ex
696 2021 794 2052 robo-

94 2082 129 2103 re
146 2074 224 2104 olim
241 2073 368 2105 fiebant
392 2084 480 2105 arcae
506 2073 627 2115 quibus
645 2072 795 2104 include·

94 2123 220 2154 bantur
237 2124 394 2163 malefici,
410 2124 500 2155 unde
525 2130 646 2164 postea
665 2123 794 2154 roboris

94 2183 216 2204 nomen
243 2184 361 2205 carcer
383 2174 535 2205 retinuit.
578 2175 587 2191 ‘
605 2174 795 2205 Robustum

93 2234 267 2256 carcerem
283 2225 291 2238 '
315 2225 402 2256 dixit
415 2225 528 2255 Plaut.
553 2225 653 2256 Idem.

137 2280 158 2295 ¹¹¹
182 2275 305 2316 Rodus]
330 2276 417 2307 Attii
435 2275 583 2306 verbain
600 2275 794 2315 Chrysippo

94 2325 254 2357 mendosa
266 2325 394 2357 Faerno
407 2331 521 2357 nostro
535 2324 703 2356 videntur.
716 2324 795 2355 Ant.

94 2377 180 2415 Aug.

139 2427 248 2458 Rodus
261 2429 308 2459 vel
321 2426 468 2467 Raudus]
492 2427 522 2458 A
533 2427 656 2459 Graeco
669 2425 793 2466 ῥάβδος,

96 2484 131 2509 et
150 2478 284 2517 proprie
315 2479 439 2519 uirgam
466 2478 652 2517 impolitam
669 2476 794 2516 signifi-

96 2534 152 2558 cat
181 2538 246 2569 qua
270 2528 348 2558 olim
373 2528 553 2559 certabant
579 2528 792 2568 gladiatores.

95 2579 161 2611 Sed
192 2579 232 2609 ad
256 2579 320 2609 alia
343 2579 439 2609 raudi
461 2588 524 2609 vox
552 2584 694 2610 extensa
717 2582 790 2608 est:

96 2640 170 2660 nam
198 2629 279 2660 rude
296 2638 409 2659 saxum
426 2632 461 2659 et
478 2629 604 2668 grande
622 2627 719 2658 rodus
736 2637 793 2657 vo-

96 2682 186 2711 cavit
202 2680 343 2710 Attius:
369 2679 416 2710 sic
434 2688 479 2708 aes
503 2678 584 2709 rude
601 2682 636 2709 et
658 2678 792 2718 impoli-

97 2735 168 2762 tum
199 2739 378 2763 vocavere.
423 2729 522 2760 Unde
556 2733 791 2761 contractuum

850 1967 996 1999 solennis
1022 1966 1178 2004 formula,
1204 1962 1408 1995 ‘rudusculo
1430 1960 1550 1992 libram

849 2019 953 2050 ferito
970 2017 990 2048 :³
1014 2018 1076 2048 hoc
1090 2021 1152 2052 est,
1176 2015 1185 2031 ‘
1202 2025 1307 2056 parvo
1325 2022 1393 2045 aere
1406 2012 1427 2043 :'
1451 2022 1551 2053 quarn

850 2069 1066 2110 concipiebat
1082 2068 1138 2108 qui
1155 2065 1325 2105 mancipio
1342 2063 1467 2094 dabat:
1494 2062 1550 2102 qui

850 2130 930 2151 vero
962 2119 1167 2159 accipiebat,
1197 2115 1356 2146 dicebat:
1381 2114 1390 2130 ‘
1408 2112 1483 2143 Hoc
1509 2112 1550 2142 ab

851 2181 918 2202 aere
936 2178 1097 2210 aeneaqne
1114 2167 1222 2199 libra.'
1261 2167 1362 2199 Puta,
1380 2173 1480 2194 meum
1496 2166 1554 2202 est,

850 2226 907 2252 aut
924 2220 1043 2255 simile,
1060 2229 1102 2250 ex
1118 2219 1286 2249 Varrone.
1309 2215 1389 2246 Duc.

893 2278 906 2293 ¹⁴
932 2273 1020 2303 Hinc
1043 2268 1198 2309 manibus]
1227 2269 1335 2307 Lege:
1360 2267 1432 2297 hinc
1452 2266 1551 2296 mani-

849 2323 902 2353 bus
938 2331 1046 2362 rapere
1082 2321 1175 2350 rodus
1211 2327 1338 2349 saxeum
1370 2317 1490 2355 grande
1520 2320 1549 2346 et

847 2383 956 2413 grave.
980 2371 1129 2403 Subaudi
1144 2369 1246 2410 coepit.
1262 2369 1317 2400 De
1335 2367 1550 2406 Menalippo.

850 2429 886 2454 ut
905 2428 999 2464 puto,
1013 2431 1122 2453 sermo
1138 2427 1203 2458 est,
1222 2419 1278 2461 qui
1301 2417 1414 2458 lapide
1430 2417 1550 2458 Tydeo

850 2479 1002 2506 ventrem
1019 2473 1220 2505 vulneravit.
1243 2471 1342 2501 Idem.

891 2531 905 2546 ⁰
940 2527 984 2556 Ut
1010 2523 1166 2564 Lucilius]
1208 2520 1383 2561 Integrius
1413 2528 1548 2549 carmen

849 2577 969 2607 Lucilii
997 2574 1109 2606 adfert
1127 2573 1295 2604 Isidorus:
1320 2571 1395 2603 Huc
1409 2573 1550 2608 campro-

848 2630 945 2657 ratem
963 2634 1038 2665 puer
1054 2625 1158 2655 eodem
1173 2622 1303 2660 deferat,
1315 2629 1425 2650 uncum
1440 2619 1548 2649 Plum-

848 2676 878 2706 bi
891 2676 1039 2715 paxillum
1054 2674 1134 2707 rodi,
1148 2673 1263 2712 linique
1281 2675 1445 2701 meta-Tam.
1493 2669 1549 2698 In-

848 2730 1058 2767 terpretatur
1068 2722 1327 2766 Catnprorutent,‘
1340 2730 1458 2752 uncum
1469 2730 1550 2762 pax-
