1876 3025
294 180 377 223 816

739 187 886 220 SEXTI
920 186 1123 217 POMPElI
1158 184 1293 216 FESTI

293 285 567 329 Samnitibus
582 290 597 307 ⁶
612 282 943 339 nomenfactum
964 280 1016 321 ab
1037 279 1179 331 hastis,
1200 283 1379 334 propter
1410 288 1546 330 genus
1568 275 1731 328 [FEST.

349 353 483 402 hastae,
515 351 624 407 quod
660 349 794 391 σαυνία
828 350 1056 403 appellant
1094 346 1254 388 Graeci.-
1285 345 1359 387 alii
1398 345 1515 385 aiunt
1555 343 1736 384 Sabinis

346 434 447 463 vere
480 434 592 459 sacro
626 416 833 459 votoflzoc
864 430 991 471 genus
1025 415 1247 456 hominum
1279 420 1394 454 extra
1416 411 1527 466 fines
1568 410 1735 465 ejectum

350 488 507 529 Comio
530 486 761 527 Castronio
783 483 881 524 duce
913 496 1118 536 occupasse
1142 481 1310 531 collem,
1332 481 1402 522 cui
1429 491 1583 521 nomen
1618 476 1735 517 Sam-

346 556 429 606 nio,
451 571 476 596 a
496 570 574 611 quo
599 553 816 593 Samnites.

292 624 474 665 Sanates
494 623 604 664 dicti
626 623 725 662 sunt
746 620 823 673 qui
844 631 978 672 supra
998 617 1195 670 infraque
1219 615 1410 656 Romam
1431 614 1507 655 ha·
1557 613 1737 666 [PAUL.

348 692 616 738 bitaverunt,
636 687 755 741 quod
777 698 930 726 nomen
959 685 1027 726 his
1047 684 1143 733 fuit,
1165 683 1284 737 quia,
1308 695 1404 723 cum
1426 680 1690 721 defecissent
1711 691 1738 718 a

348 758 580 805 Romanis,
611 755 735 796 brevi
765 756 867 807 post
896 752 1116 793 redierunt
1147 751 1189 791 in
1220 749 1476 797 amicitiam,
1504 746 1633 800 quasi
1665 757 1737 786 sa-

347 830 453 866 nata
473 828 635 865 mente.
695 822 851 875 Itaque
887 820 930 861 in
966 818 1194 859 duodecim
1225 820 1400 857 cautum
1432 821 1512 864 est,
1541 818 1591 854 ut
1621 812 1737 853 idem

341 893 456 946 juris
486 895 602 932 esset
635 889 886 938 Sanatibus,
908 886 1027 941 quod
1058 883 1293 933 fortibus‚¹⁸
1322 882 1365 923 id
1399 887 1480 931 est,
1511 880 1656 931 bonis,
1692 884 1738 920 et

348 960 425 1013 qui
446 971 671 1013 nunquam
694 957 946 998 defecerant
964 968 991 995 a
1012 953 1178 1007 populo
1201 952 1420 993 Romano.

296 1025 467 1067 Sanates
482 1032 497 1056 g
518 1024 635 1082 quasi
655 1025 794 1066 sanati
815 1022 1041 1078 appellati,
1062 1020 1106 1062 id
1125 1026 1196 1071 est,
1216 1024 1366 1060 sanatae
1387 1016 1541 1058 mentis.
1571 1015 1735 1069 [FEST.

897 1138 1012 1151 eeeeee

336 1213 375 1243 18
399 1211 477 1243 Vet.
495 1210 570 1243 cod.
585 1209 751 1248 forctibus.

1017 1137 1130 1150 ‘‘‘‘‘‘

943 1303 1085 1336 NOTAE

289 1393 366 1416 men
397 1384 610 1425 aliquatenus
648 1391 667 1413 a
698 1383 799 1413 Festo
834 1380 987 1411 diversus

290 1435 371 1466 abit.
395 1435 440 1465 Et
458 1444 476 1464 a
492 1433 626 1464 Sabinis
642 1433 812 1463 Sanmites
828 1435 920 1462 ortos
938 1431 986 1461 in-

290 1484 383 1515 dicat
399 1484 500 1515 Varr.
524 1483 581 1514 lib.
611 1492 659 1513 νι.
683 1483 725 1513 de
750 1483 787 1513 L.
807 1483 844 1513 L.
880 1481 988 1512 ‘Item

289 1534 438 1566 ostendit
454 1533 541 1575 quod
565 1533 726 1573 oppidum
748 1537 890 1563 vocatur
907 1533 989 1564 Cas-

289 1585 408 1615 sinum.
436 1583 510 1614 Hoc
524 1585 614 1614 enim
629 1594 647 1613 a
663 1583 795 1614 Sabinis
812 1582 876 1613 orti
893 1582 987 1613 Sam·

287 1634 375 1665 nites
417 1638 612 1673 tenuerunt,
650 1638 686 1664 et
721 1642 810 1663 nunc
851 1630 988 1663 nostri.'

291 1684 372 1714 Duc.

328 1739 341 1754 e
357 1732 566 1772 Samnitibus]
579 1733 677 1766 Quod
691 1732 786 1764 aitab
798 1732 901 1763 hastis
915 1742 989 1763 sau-

288 1784 350 1815 niis
366 1785 539 1815 Samnites
557 1784 681 1823 dictos,
700 1784 862 1824 probatur
875 1783 986 1814 Plinio

286 1835 310 1865 1.
328 1844 383 1866 ιιι.
402 1844 434 1866 c.
452 1837 504 1866 12.
541 1835 666 1865 Saunia
683 1839 796 1865 autem
815 1834 872 1864 illa
889 1838 987 1865 erant

285 1885 424 1925 proprie
440 1888 561 1923 veruta,
580 1895 655 1925 quae
672 1895 765 1915 arma
787 1884 986 1915 Samnitium

286 1933 392 1964 fuisse
423 1934 585 1973 Virgilius
616 1934 737 1968 innuit,
771 1934 848 1964 dum
879 1938 888 1950 ‘
906 1943 986 1964 veru

286 1984 458 2015 Sabellum
471 1983 478 1997 ⁹
493 1989 604 2022 vocat,
622 1984 643 2014 l.
659 1993 725 2014 vn.
740 1983 871 2014 lEneid.
886 1984 985 2013 Idem.

329 2032 342 2051 f
360 2033 487 2064 Sabinis
512 2043 581 2064 vere
607 2043 692 2063 sacro
717 2033 801 2072 voto]
827 2035 881 2063 De
908 2043 986 2063 vere

287 2092 383 2114 sacro
410 2092 429 2112 a
459 2082 592 2113 Sabinis
621 2088 698 2112 voto
726 2083 872 2112 Zizenna
895 2082 984 2121 apud

288 2132 456 2164 Nonium:
483 2136 491 2149 ‘
504 2132 681 2164 Quondam
698 2133 812 2163 Sabini
829 2132 986 2162 feruntur

285 2182 429 2218 vovisse,
457 2182 484 2212 si
508 2192 560 2212 res
588 2184 772 2213 communis
793 2183 986 2213 melioribus

285 2232 368 2263 locis
384 2232 605 2271 constitisset,
617 2242 651 2263 se
663 2242 721 2263 ver
734 2242 863 2264 sacrum
880 2232 986 2263 flictu-

285 2282 362 2313 ros.’
408 2284 451 2313 Et
467 2283 590 2313 Strabo
609 2288 762 2314 extremo
780 2284 837 2314 lib.
861 2291 894 2314 v.
922 2284 986 2314 Ce-

287 2338 408 2373 terum,
426 2333 548 2374 inquit,
572 2333 614 2363 de
632 2334 766 2364 Sabinis
789 2334 852 2364 hoc
869 2342 983 2363 narra-

287 2388 353 2413 tur.
399 2383 515 2413 Sabini
533 2382 693 2413 diuturno
711 2383 799 2413 bello
817 2392 891 2413 cum
906 2383 985 2413 Um-

285 2433 355 2464 bris
382 2431 569 2464 conflictati
589 2439 764 2471 voverunt,
793 2439 830 2464 ut
848 2433 987 2463 Graeco-

288 2493 360 2514 rum
378 2484 528 2524 quidam,
544 2493 579 2514 se
603 2484 676 2523 ejus
699 2485 775 2513 anni
792 2482 891 2513 foetus
910 2484 985 2513 Deo

287 2539 492 2565 sacraturos.
540 2534 622 2563 Cum
641 2534 744 2573 igitur
758 2534 871 2563 hostes
890 2533 985 2563 vicis-

288 2588 376 2623 sent,
404 2588 441 2614 ut
471 2588 585 2614 votum
606 2584 789 2621 solverent,
813 2583 885 2621 ejus
909 2581 983 2612 anni

288 2639 453 2673 proventa
471 2634 595 2674 partim
618 2633 846 2670 immolarunt,
863 2632 985 2672 partim

289 2684 362 2714 Deo
385 2688 637 2715 consecrarunt.
683 2684 728 2713 At
744 2684 898 2714 insecuta
919 2687 987 2713 ste-

288 2733 428 2774 rilitate,
445 2734 582 2775 quidam
604 2733 734 2769 retulit,
762 2733 889 2774 prolem
905 2743 987 2774 quo-

1042 1387 1106 1420 que
1144 1376 1247 1408 fuisse
1282 1374 1472 1408 dicandam.
1517 1372 1579 1405 Cui
1610 1370 1738 1402 obtem-

1041 1432 1202 1470 perantes
1224 1427 1341 1458 Sabiui
1363 1426 1481 1457 eodem
1499 1432 1587 1455 anno
1605 1422 1738 1464 genitos

1044 1487 1121 1510 suos
1136 1478 1242 1509 Marti
1258 1479 1509 1512 consecrarunt,
1522 1476 1585 1504 διο.
1629 1473 1739 1503 Ροιϊο

1044 1539 1104 1560 ver
1121 1538 1265 1567 sacrum,
1284 1527 1353 1558 ἔτος
1368 1525 1448 1566 ἱερὸν
1463 1524 1596 1556 Graecis
1613 1522 1739 1553 dicitur

1043 1589 1109 1610 non
1121 1578 1187 1619 ἔαρ,
1197 1577 1287 1620 quod
1302 1582 1395 1609 certe
1409 1581 1559 1607 notatum
1572 1572 1737 1614 oportuit.

1045 1629 1142 1660 Idem.

1085 1684 1100 1706 ἕ
1124 1677 1273 1718 sanates]
1296 1678 1415 1709 Festus
1441 1675 1606 1706 retulerat
1625 1673 1739 1704 docto-

1043 1739 1116 1760 rum
1134 1729 1280 1760 virorum
1298 1727 1473 1768 opiniones
1488 1725 1529 1756 de
1546 1723 1741 1762 Sanatibus,

1042 1779 1131 1821 quod
1163 1779 1300 1810 verbum
1333 1778 1367 1808 in
1395 1780 1448 1808 12.
1475 1775 1600 1807 tabulis
1622 1773 1739 1812 fuisse,

1041 1829 1148 1861 refert
1172 1830 1275 1860 etiam
1297 1828 1385 1860 Gen.
1405 1827 1461 1858 lib.
1489 1836 1567 1857 xv1.
1590 1834 1665 1865 cap.
1688 1826 1738 1855 10.

1042 1880 1122 1911 Ant.
1140 1880 1226 1919 Ang-

1084 1931 1229 1971 Sanates]
1256 1930 1488 1969 Quaecumque
1516 1929 1548 1959 in
1582 1927 1741 1968 Epitoma

1041 1977 1220 2019 habentur,
1232 1989 1271 2011 ea
1286 1980 1526 2010 desiderantur
1537 1978 1569 2008 in
1591 1977 1739 2017 reliquiis

1043 2031 1147 2062 Festi.
1185 2031 1307 2071 Itaque
1321 2029 1546 2069 supplendum
1563 2037 1603 2057 ex
1620 2027 1740 2067 Epito-

1041 2091 1094 2111 ma
1109 2081 1238 2111 initium
1253 2081 1384 2110 illarum
1403 2078 1628 2119 reliquiarum.
1653 2078 1739 2109 Quae

1042 2135 1241 2171 sequuntur,
1256 2130 1290 2160 in
1306 2129 1392 2159 hanc
1407 2128 1610 2159 sententiam
1628 2127 1739 2158 conci-

1043 2181 1166 2221 pienda
1190 2185 1288 2211 sunt:
1312 2180 1484 2220 Sulpicius
1507 2182 1619 2209 autem
1635 2179 1737 2209 sana-

1041 2236 1105 2270 tes,
1133 2236 1168 2262 et
1191 2231 1339 2271 Opillius
1363 2230 1456 2260 aiunt
1477 2229 1544 2259 dici
1572 2227 1739 2258 inferioris

1040 2282 1105 2312 loci
1135 2285 1277 2321 gentes:
1312 2284 1349 2310 ut
1378 2280 1552 2317 Tiburtes,
1579 2282 1615 2309 et
1642 2278 1739 2316 alios,

1040 2332 1095 2372 qni
1112 2341 1187 2362 cum
1211 2331 1334 2371 populo
1349 2329 1526 2360 Tiburtino
1544 2328 1739 2359 habitarent

1040 2383 1074 2413 in
1096 2391 1176 2421 agro
1193 2381 1342 2420 Tiburti,
1370 2381 1402 2411 id
1425 2384 1490 2419 est,
1519 2388 1633 2410 omnes
1661 2389 1722 2419 per

1041 2432 1186 2471 egrin0s‚
1214 2430 1450 2471 inferiorisque
1476 2431 1553 2460 loci.
1614 2430 1735 2470 Itaque

1040 2482 1203 2521 scriptum
1219 2490 1290 2511 esse
1303 2481 1335 2510 in
1348 2483 1398 2510 12.
1417 2485 1425 2498 ¹
1437 2480 1535 2511 Nexo
1548 2479 1738 2519 solutoque,

1039 2531 1140 2563 forcti
1154 2532 1329 2571 sauatiqne
1343 2531 1498 2571 idemjus
1515 2530 1615 2569 esto,'
1632 2530 1737 2564 idest,

1040 2582 1127 2613 bono
1146 2581 1308 2615 Romano,
1325 2580 1413 2611 idem
1430 2585 1465 2611 et
1481 2580 1670 2620 peregrino,
1683 2579 1740 2619 qui

1041 2636 1074 2662 et
1093 2629 1252 2661 inferiore
1270 2631 1341 2662 loco
1358 2635 1423 2661 est.
1467 2631 1552 2661 Sunt
1570 2629 1624 2670 qui
1643 2629 1739 2659 intel-

1040 2683 1151 2722 ligunt
1166 2682 1327 2717 colonias,
1343 2691 1416 2722 quae
1434 2685 1511 2711 sunt
1535 2680 1689 2711 deductae
1705 2679 1738 2709 in

1041 2733 1169 2774 priscos
1197 2733 1336 2764 Latinos
1362 2741 1381 2764 a
1404 2730 1587 2773 Tarquinio
1605 2730 1739 2764 Prisco,
