1876 3025
309 195 371 224 DE
406 190 683 223 VERBORUM
718 186 1130 220 SlGNIFlCATIONE
1165 184 1258 214 [ΑΒ.
1293 183 1420 213 XVII.

135 293 494 341 Subverbustam,
516 290 694 331 veribus
714 292 863 329 ustam
884 284 1115 340 significat.

135 361 306 402 Subulo
327 359 477 400 Tusce
499 359 666 399 tibicen
690 356 865 397 dicitur.

1508 170 1592 212 923

1410 279 1592 333 [PAUc.

137 428 310 469 Subulo
326 432 339 449 ¹*
360 427 511 468 Tusce
533 427 695 467 tibicen
719 425 905 465 dicitur:
931 423 1083 474 itaque
1107 419 1298 460 Ennius:
1326 417 1410 458 Su·
1431 415 1595 465 [FEsT.

191 495 294 535 bulo
316 493 540 547 quondam
563 494 753 533 marinas
774 494 950 545 propter
969 488 1145 530 astabat
1165 487 1335 541 plagas.

135 563 355 603 Suburam
370 567 383 583 ⁵
403 561 588 603 Verrius
612 562 699 602 alio
722 561 834 601 libro
857 573 883 599 a
902 570 1020 612 pago
1043 557 1303 597 Succusano
1321 553 1486 593 dictam
1504 550 1564 590 ait
1584 563 1593 590 :

191 631 277 671 hoc
301 643 401 671 vero
422 630 616 670 maxime
638 630 793 682 probat
814 640 959 667 eorum
988 624 1268 673 auctoritate,
1293 621 1369 675 qui
1389 620 1510 660 aiunt
1531 617 1594 656 ita

191 699 463 753 appellatam
494 704 538 738 et
559 698 779 750 regionem
800 695 938 744 urbis,
978 698 1021 734 et
1043 693 1200 734 tribum
1225 704 1250 731 a
1282 690 1447 731 stativo
1481 698 1595 740 prae-

195 768 326 818 sidio,
349 767 467 821 quod
502 766 682 807 solitum
718 765 776 806 sit
808 775 1064 804 succurrere
1102 759 1318 814 Esquiliis
1352 754 1596 798 infestanti-

795 907 938 939 NOTAE

179 996 431 1033 Subverbustam‚
463 994 585 1026 veribus
613 994 729 1034 ustam]
768 995 838 1025 Pro

134 1049 258 1080 veribus
274 1047 401 1087 optime
418 1046 533 1076 Ursin.
559 1045 746 1084 verberibus,
759 1055 839 1085 quo-

137 1101 236 1131 modo
273 1099 439 1130 Horatius
475 1098 561 1128 dixit
599 1102 607 1114 ‘
627 1098 676 1128 uri
714 1097 842 1137 virgis?

136 1150 405 1187 Subverbustus,
443 1148 639 1187 στιγματίας,
684 1148 839 1178 verbero.

136 1202 367 1232 Tertullianus
383 1201 416 1230 in
430 1200 488 1231 lib.
502 1200 544 1229 de
559 1199 682 1239 pallio:
701 1204 709 1217 ‘
722 1198 839 1229 Liber-

137 1252 226 1283 tinos
259 1252 291 1282 iu
324 1250 566 1292 equestribus:
592 1248 839 1280 subverbustos

135 1305 170 1335 in
187 1301 406 1337 liberalibus:
425 1304 491 1333 &c.
538 1301 604 1331 Ubi
622 1302 678 1332 Fr.
695 1301 837 1333 Junius:

134 1355 142 1369 ‘
162 1359 200 1384 ut
217 1355 300 1393 ajus
318 1352 515 1393 estjustus;
533 1352 574 1382 ab
590 1351 702 1390 arbor,
724 1351 839 1381 arbus-

138 1409 228 1442 tum;
253 1404 295 1434 ab
314 1413 409 1442 onus,
428 1408 588 1442 onustus;
612 1403 660 1434 sic
683 1413 701 1433 a
720 1402 840 1432 verber

137 1460 191 1487 est
221 1456 411 1490 verbustus,
443 1460 479 1485 et
516 1463 593 1485 cum
633 1453 839 1495 praeverbio,

137 1504 407 1538 subverbustns)
431 1505 512 1536 Duc.

180 1561 191 1577 ¹·
214 1556 346 1596 Subulo]
370 1556 479 1586 Varro
507 1554 564 1586 lib.
593 1563 642 1586 vr.
670 1553 713 1585 de
740 1555 838 1595 Ling.

138 1610 213 1640 Lat.
240 1609 384 1639 Versum
402 1608 502 1639 Ennii
520 1608 565 1638 ita
579 1606 709 1638 refert:
735 1607 840 1638 ‘Sub-

138 1661 192 1692 ulo
217 1660 376 1691 finitimas
401 1666 543 1700 propter
559 1659 693 1690 astabat
707 1659 843 1700 aquasz'

136 1721 253 1742 versus
271 1719 462 1751 corruptus.
488 1711 659 1750 Ant.Aug.

181 1761 315 1801 Subulo]
340 1761 571 1792 Glossarium:
597 1760 760 1800 ‘Subulo‚
787 1760 840 1791 αὐ-

138 1812 261 1850 Amas!
285 1813 355 1843 Jos.
369 1812 454 1843 Scal.

181 1862 313 1902 Subulo]
343 1862 458 1893 Gloss.
489 1861 652 1900 ‘Subulo,
683 1859 841 1897 αὖλητής.’

137 1913 315 1943 Turnebus
340 1922 405 1942 nou
432 1911 637 1942 Hetruscam
664 1911 722 1941 sed
749 1912 839 1942 Lati-

137 1974 214 1994 nam
239 1973 311 1993 esse
341 1972 455 1993 vocem
484 1963 579 1999 dicit,
607 1962 725 2001 subulo,
744 1962 840 2002 quasi

136 2014 239 2044 sibilo.
288 2013 334 2043 At
359 2013 457 2043 voss.
479 2013 575 2053 quasi
601 2012 737 2051 surbulo,
764 2022 840 2042 nam

138 2064 319 2106 συρβηνεὺς,
350 2063 498 2101 αὐλητής.
524 2063 673 2104 Hesych.
720 2064 838 2094 Meur-

135 2119 202 2147 sius
217 2117 338 2155 subulo,
354 2115 578 2155 depravatum
598 2118 695 2155 putat
710 2123 751 2144 ex
767 2115 837 2145 sub-

129 2168 188 2209 flo,
215 2166 327 2198 flator.
372 2166 438 2197 Sed
456 2165 602 2196 radicem
620 2166 696 2205 ejus
713 2166 743 2195 in
765 2166 835 2196 He-

139 2219 245 2250 tturia
270 2216 487 2258 quaerendam
512 2226 587 2247 cum
614 2216 714 2246 Festo
737 2216 842 2247 docet

137 2271 246 2300 Varro
264 2269 319 2299 lib.
339 2277 390 2299 vt.
407 2267 449 2297 de
467 2268 504 2298 L.
520 2267 558 2298 L.
597 2267 606 2283 ‘
621 2266 721 2306 Apud
739 2267 841 2297 Enni-

138 2330 193 2350 um
222 2319 343 2350 subulo
369 2318 530 2349 finitimas
548 2323 691 2358 propter
708 2317 842 2348 astabat

139 2381 253 2412 aquas,
280 2371 405 2401 Subulo
422 2371 533 2401 dictus
551 2371 639 2410 quod
659 2370 704 2401 ita
721 2370 842 2401 dicunt

137 2422 309 2453 tibicinem
352 2421 467 2460 Tusci,
506 2422 668 2460 quocirca
705 2421 841 2452 radices

139 2473 211 2512 ejus
221 2472 253 2501 in
267 2471 416 2511 Etruria,
429 2481 494 2501 non
505 2471 607 2501 Latio
621 2470 841 2511 quaerendum

140 2525 216 2556 est.’
262 2524 376 2555 Quare
393 2523 582 2553 cum'Tusci
610 2524 755 2564 plurima
784 2524 840 2553 ba-

139 2576 266 2607 bebant
293 2584 335 2604 ex
362 2573 500 2604 orientis
530 2573 664 2613 linguis,
694 2575 840 2613 putabat

139 2628 237 2658 Voss.
265 2635 338 2656 esse
363 2625 403 2655 ab
432 2624 578 2655 Arabico
595 2625 715 2663 sunbal,
731 2626 838 2665 spica,

139 2678 267 2718 syrirrx,
282 2676 441 2707 calamus.
489 2674 618 2704 Versus
638 2675 736 2705 Ennii
750 2675 839 2715 apud

138 2730 290 2764 Festum,
314 2731 367 2756 est
391 2725 598 2755 'l'rocliaicus
625 2725 840 2765 septenarius

140 2778 372 2811 catalecticus.
420 2775 522 2816 Apud
540 2775 727 2806 Varronem
757 2775 783 2806 si
806 2786 840 2805 α-

894 1004 970 1033 quas
987 1002 1092 1033 ponas
1113 992 1144 1022 in
1170 990 1356 1032 penultimo
1382 986 1447 1018 erit
1472 983 1597 1016 sotadi-

896 1055 966 1076 cus.
999 1046 1068 1076 Pro
1085 1043 1229 1074 adstabat
1248 1040 1405 1082 placebat
1422 1037 1597 1075 Scaligero

894 1096 1031 1127 assubat.
1078 1095 1165 1126 Nam
1178 1103 1283 1124 assare
1302 1091 1460 1122 tibicines
1482 1087 1600 1117 dicun-

896 1153 951 1178 tur
979 1156 1054 1177 cum
1080 1150 1209 1176 canunt
1232 1142 1330 1182 tibia,
1346 1139 1437 1171 nulla
1455 1138 1597 1169 aliorum

896 1207 977 1228 voce
994 1196 1149 1227 admista.
1174 1195 1256 1226 Dac-

937 1252 948 1267 ⁵
972 1245 1142 1286 Suburam]
1168 1243 1314 1275 Vidend.
1337 1242 1447 1272 Varro
1474 1238 1530 1270 lib.
1549 1246 1598 1268 tv.

895 1299 938 1330 de
957 1298 1053 1338 Ling.
1070 1298 1142 1328 Lat.
1160 1300 1193 1326 et
1211 1293 1413 1327 Quintilian.
1431 1290 1488 1322 lib.
1506 1299 1530 1320 l.
1556 1289 1598 1319 In

895 1350 1060 1379 Veterum
1089 1345 1317 1378 monumentis
1341 1348 1435 1374 extat
1451 1341 1599 1372 liicusus

894 1411 910 1431 c
925 1400 1033 1430 litera>
1048 1408 1109 1439 pro
1121 1398 1149 1430 b.
1165 1402 1174 1416 ‘
1188 1397 1234 1428 M.
1247 1395 1383 1427 Caecilio
1394 1394 1451 1434 Sp.
1469 1393 1506 1422 F.
1520 1391 1599 1422 Suc.

897 1449 996 1483 Rufo.
1013 1456 1047 1481 et
1063 1450 1102 1480 T.
1117 1448 1203 1480 AEtio
1223 1448 1262 1478 T.
1280 1447 1319 1478 F.
1335 1447 1412 1477 Suc.
1429 1444 1599 1477 Aciliano,

895 1507 929 1532 et
943 1507 1119 1532 curatores
1132 1499 1210 1530 trib.
1224 1498 1302 1528 Suc.
1314 1494 1463 1530 junior-,⁹
1489 1494 1599 1534 Repe-

896 1553 983 1583 ritur
1000 1552 1100 1582 etiam
1116 1551 1133 1582 b
1149 1551 1268 1581 litera:
1282 1549 1292 1566 ‘
1305 1558 1335 1580 c.
1347 1558 1372 1578 c.
1384 1546 1493 1578 Attio.
1509 1545 1546 1575 Τ.
1562 1544 1598 1574 F.

897 1603 978 1634 Sub.
996 1599 1192 1632 vitaliano)
1217 1600 1297 1631 Ant.
1312 1601 1397 1637 Aug.

940 1653 1111 1693 Suburam]
1137 1652 1259 1681 Verrio
1288 1648 1381 1680 favet
1405 1645 1515 1678 Varro
1541 1645 1600 1676 lib.

896 1713 946 1735 Vl.
964 1705 1006 1734 de
1027 1704 1065 1734 L.
1083 1704 1119 1734 L.
1143 1701 1152 1718 ‘
1171 1701 1289 1732 Eidem
1308 1699 1435 1739 regioni
1455 1696 1600 1728 attribu·

896 1762 932 1787 ta
947 1755 1090 1792 Subura,
1107 1751 1198 1794 quod
1216 1751 1276 1782 sub
1294 1759 1389 1781 muro
1407 1754 1518 1779 terreo
1536 1747 1600 1777 Ca-

895 1808 1055 1844 rinarum,
1078 1807 1111 1836 in
1137 1814 1178 1835 ea
1201 1809 1253 1834 est
1272 1803 1462 1842 Argeorum
1491 1799 1600 1829 sacel-

895 1860 961 1890 lum
983 1863 1128 1888 sextum.
1174 1855 1308 1886 Subura
1329 1853 1451 1886 Junius
1479 1850 1600 1881 scribit

896 1910 938 1940 ab
956 1919 996 1940 eo
1019 1910 1105 1950 quo‹t
1130 1905 1234 1937 fuerit
1259 1905 1321 1935 sub
1346 1904 1486 1943 antiqua
1503 1901 1599 1939 urbe,

895 1962 949 1992 cui
981 1959 1211 1992 testimonium
1247 1960 1361 1996 potest
1391 1964 1479 1992 esse,
1509 1952 1599 1993 quod

896 2013 1015 2042 subest
1032 2011 1061 2041 ei
1081 2010 1155 2040 loco
1174 2008 1230 2049 qui
1256 2013 1389 2038 terreus
1407 2014 1518 2035 murus
1544 2012 1600 2032 vo-

894 2069 1005 2095 catur.
1050 2061 1117 2092 Sed
1135 2069 1198 2100 ego
1226 2068 1244 2089 a
1267 2067 1356 2098 pago
1382 2056 1493 2097 potius
1516 2055 1600 2085 Suc-

892 2123 1017 2146 cusano
1032 2112 1162 2143 dictum
1178 2115 1261 2151 puto
1277 2109 1472 2140 Succusam.
1496 2106 1598 2137 Nunc

893 2165 1054 2197 scribitur
1082 2163 1186 2193 tertia
1214 2161 1314 2191 litera
1332 2159 1371 2194 B,
1395 2168 1459 2189 non
1485 2157 1526 2194 C,
1545 2165 1602 2196 pa—

896 2227 957 2258 gus
969 2216 1197 2251 Succusanus,
1215 2211 1303 2252 quod
1318 2209 1488 2241 succurrit
1506 2208 1601 2239 Cari-

895 2266 970 2298 nis.’
1017 2265 1080 2296 Sed
1119 2269 1154 2294 et
1184 2263 1211 2293 si
1238 2261 1400 2292 Varronis
1441 2265 1597 2299 tempore

897 2318 1038 2349 Saburra
1056 2315 1276 2351 scriberetur,
1292 2317 1406 2343 tamen
1421 2320 1495 2342 cum
1511 2320 1600 2340 coru-

900 2369 1063 2410 peudiose
1080 2366 1290 2402 scribebant,
1308 2364 1443 2394 tertiam
1465 2362 1598 2393 literam

897 2420 1070 2460 ponebant
1085 2418 1112 2448 C
1129 2425 1195 2446 non
1214 2416 1255 2450 B,
1271 2416 1331 2445 boc
1349 2413 1472 2444 modo:
1498 2413 1598 2443 SUC.

896 2468 1096 2502 Quintilian.
1127 2466 1187 2497 lib.
1205 2475 1228 2495 ι.
1258 2474 1332 2504 cap.
1360 2467 1392 2495 7.
1427 2469 1434 2481 ‘
1451 2462 1600 2493 Suburia

896 2530 972 2551 cum
990 2518 1099 2549 tribus
1117 2516 1227 2547 literis
1245 2520 1392 2548 notatur,
1411 2514 1437 2544 C
1462 2513 1597 2543 tertiam

894 2568 1069 2602 οεῐεὶιιάἰῐ.1
1116 2567 1258 2598 Suburae
1293 2566 1430 2596 tertium
1461 2570 1598 2603 etymon

896 2620 994 2652 affert
1019 2623 1202 2650 comment.
1230 2617 1352 2647 Horat.
1382 2625 1399 2644 a
1417 2615 1603 2650 subm-emto,

895 2670 983 2712 quod
1001 2670 1034 2700 in
1053 2679 1093 2700 ea
1111 2668 1248 2708 regione
1274 2667 1389 2697 Romae
1415 2664 1597 2703 aliquando

896 2720 1151 2752 subustionibus
1182 2716 1340 2758 paludata
1365 2716 1492 2746 siccata
1510 2720 1600 2745 suut.

895 2773 976 2803 Dae.
