1876 3025
269 156 354 198 860

717 164 865 195 SEXTI
902 162 1104 193 POMPEll
1141 162 1279 193 FESTI

329 273 506 315 quaque
527 262 650 314 parte
679 259 864 300 haberet
896 256 1138 298 ministram
1156 269 1403 298 sacrorum:
1436 256 1541 310 quia
1559 256 1715 298 civitas

329 328 534 370 Romana
563 327 607 368 in
640 339 723 368 sex
755 330 826 366 est
859 324 1092 366 distributa
1121 324 1278 377 partis,
1297 325 1341 365 in
1361 325 1540 378 primos,
1562 337 1720 366 secun·

328 393 525 450 dosque,¹
545 395 786 444 Titienses,
809 393 1022 442 Ramnes,
1044 392 1253 433 Luceres.

271 464 641 518 Sexagenariosm
693 461 740 502 de
773 467 900 515 ponte
935 459 1032 501 olim
1076 458 1331 514 dejiciebant,
1370 459 1497 514 cujus
1536 471 1718 501 causam

919 617 1060 650 NOTAE

268 708 460 749 Tarpeiam.
501 707 593 738 Duas
605 710 725 747 postea
737 704 866 737 addidit
878 705 969 736 Pris—

270 768 329 789 cus
340 757 555 798 Tarquinius.
586 757 631 788 Et
645 756 697 788 bic
710 765 868 787 numerus
882 766 967 787 sem-

270 819 332 850 per
345 808 478 840 mansit.
495 808 592 839 Idem.

313 861 320 881 ¹
344 861 383 891 In
395 861 511 901 primos
534 858 753 899 secundosque]
778 857 846 889 Hic
863 858 967 899 partis

270 910 368 942 unius
405 919 526 941 nomen
564 909 682 939 deesse
711 908 818 939 videri
847 909 967 949 possit,

269 960 359 1001 quod
377 969 443 991 non
460 959 558 991 deest
573 963 698 1000 tamen,
715 969 791 990 nam
808 969 868 1000 per
883 960 892 978 ‘
903 960 967 991 Ta-

269 1011 409 1049 tienses,
437 1011 595 1048 Ramnes,
620 1009 796 1049 Lueeres,'
823 1015 968 1051 quatuor

269 1061 360 1093 urbis
384 1066 498 1102 partes
521 1060 770 1101 intelliguntur,
787 1072 862 1102 quae
880 1072 899 1093 a
920 1063 968 1094 lo-

269 1114 332 1148 cis,
344 1112 536 1147 Suburana,
546 1112 734 1153 Esquilina,
746 1113 888 1153 Collina,
902 1114 968 1145 Pa·

269 1162 376 1194 latina
394 1162 495 1193 dictae
517 1166 607 1195 sunt.
650 1162 751 1193 Varr.
770 1162 830 1194 lib.
854 1172 904 1195 rv.
925 1163 968 1196 de

270 1213 309 1243 L.
328 1213 365 1244 L.
390 1212 399 1228 ‘
417 1211 509 1252 Ager
530 1212 699 1242 Romanus
715 1212 860 1253 primum
884 1213 968 1244 divi·

270 1272 326 1294 sus
343 1264 376 1294 in
394 1268 508 1303 partes
525 1267 636 1302 tres‚a
653 1272 718 1304 quo
730 1263 837 1295 tribus
851 1264 968 1305 appel-

269 1314 350 1345 latae
382 1313 602 1352 Tatiensium,
634 1311 825 1353 Ramnium,
860 1314 968 1345 Luce·

269 1374 356 1400 rum,
373 1363 566 1402 nominatae,
584 1367 622 1393 ut
645 1363 693 1394 ait
717 1363 860 1403 Ennius,
874 1364 968 1395 Tati·

269 1424 368 1446 enses
385 1424 404 1445 a
419 1413 531 1453 Tatio,
544 1413 753 1445 Ramnenses
773 1424 792 1446 a
814 1415 968 1456 Romulo,

268 1465 428 1500 Luceres,
445 1468 481 1496 ut
505 1464 554 1496 ait
574 1464 710 1505 Junius,
726 1475 746 1496 a
760 1465 969 1498 Lucumone.

267 1515 335 1547 Sed
362 1515 475 1546 omnia
497 1514 569 1545 haec
595 1515 761 1546 vocabula
784 1516 904 1556 Tusca,
930 1521 969 1547 ut

267 1565 483 1604 Volumnius,
519 1564 577 1606 qui
615 1565 798 1606 tragoedias
835 1566 968 1598 'fuscas

267 1616 418 1657 scripsit,
454 1615 603 1648 dicebat.
648 1615 702 1647 Ab
732 1617 796 1648 boc
835 1626 967 1659 quoque

267 1673 413 1708 quatuor
443 1672 559 1708 partes
589 1667 683 1698 urbis
709 1668 815 1699 tribus
841 1668 966 1700 dictae:

267 1718 310 1749 ab
326 1719 406 1749 locis
420 1718 612 1758 Suburana,
625 1718 810 1760 Esquilina,
822 1719 967 1760 Collina,

268 1769 450 1801 Palatina.’
473 1770 572 1800 Idem.

310 1825 332 1840 ¹¹¹
355 1819 597 1860 Sexagenarios]
621 1820 698 1852 Hoc
715 1830 734 1852 a
759 1820 874 1851 multis
898 1825 967 1851 tra·

267 1871 374 1903 ditum
391 1876 456 1908 est,
469 1876 505 1902 et
530 1881 607 1912 quae
630 1872 761 1913 reliqua
779 1876 868 1912 sunt,
885 1872 967 1904 satis

266 1921 466 1960 ostendunt,
480 1931 547 1962 qua
562 1921 605 1953 de
621 1931 657 1953 re
668 1928 800 1962 agatur.
845 1923 967 1954 Cicero

267 1980 330 2012 pro
347 1971 441 2001 Sext.
460 1970 601 2002 Roscio:
626 1976 635 1989 ‘
652 1971 775 2003 Habeo
790 1972 892 2004 etiam
916 1973 966 2004 di-

267 2030 359 2056 cere,
378 2030 478 2061 quem
504 2023 624 2052 contra
645 2030 774 2053 morem
799 2022 966 2063 majorum

266 2073 431 2103 minorem
446 2073 542 2103 annis
565 2074 617 2103 60.
634 2073 676 2104 de
692 2079 796 2114 ponte
818 2075 851 2106 in
868 2075 968 2107 Tibe-

266 2123 329 2153 rim
340 2121 530 2162 dejecerit.'
554 2122 661 2155 Varro
673 2124 733 2156 lib.
749 2133 797 2156 vx.
811 2125 854 2157 de
870 2127 970 2167 Ling.

268 2174 346 2204 Lat.
377 2172 480 2204 Ovid.
512 2173 570 2204 lib.
596 2183 631 2204 v.
659 2174 790 2207 Fastor.
816 2176 969 2208 Macrob.

266 2224 324 2255 lib.
341 2232 366 2256 1.
380 2224 517 2255 Saturn.
542 2224 718 2257 Plutarch.
735 2226 768 2257 in
791 2227 967 2259 Problem.

267 2279 303 2305 et
329 2275 419 2306 Non.
449 2274 557 2306 Marc.
609 2275 697 2307 Vide
721 2277 729 2293 ‘
748 2277 968 2319 Depontani.’

267 2325 344 2356 Ant.
360 2326 444 2364 Aug.

309 2375 556 2416 Sexagenarios]
578 2376 726 2418 Vulgata
749 2378 885 2420 quidem
902 2379 965 2411 his·

267 2426 369 2465 toria,
385 2435 443 2457 seu
472 2425 597 2463 fabula,
615 2433 651 2459 et
673 2438 692 2460 a
715 2429 898 2462 Veteribus
915 2431 963 2462 di-

267 2477 373 2508 versis
403 2477 617 2517 opinionibus
645 2480 789 2519 agitata.
832 2481 963 2513 Tamen

265 2536 331 2558 non
347 2528 395 2559 ita
409 2533 492 2568 puto
509 2533 662 2568 apertum
684 2539 771 2572 esse,
787 2531 866 2573 quid
884 2534 965 2565 velit

267 2578 400 2619 Festus,
415 2584 451 2611 ut
468 2589 536 2610 non
560 2589 602 2611 ex
625 2589 665 2611 eo
690 2588 853 2614 eruantur
874 2594 964 2625 quae·

266 2629 358 2668 dam,
374 2638 447 2670 quae
464 2629 554 2670 apud
575 2630 702 2662 nullum
718 2631 818 2664 alium
846 2639 964 2666 aucto-

268 2689 337 2711 rem
361 2681 468 2721 legas,
483 2685 522 2712 ut
537 2681 720 2721 apparebit
738 2692 781 2714 ex
797 2684 868 2725 ejus
884 2695 963 2717 con-

268 2734 367 2763 textu
394 2733 461 2764 ita:
502 2732 749 2775 sexagenarios
783 2735 825 2768 de
857 2743 963 2777 ponte

1018 703 1109 734 mitti
1140 703 1222 734 olim
1259 702 1452 734 dicebatur.
1497 701 1602 743 Cujus
1639 710 1719 733 cau-

1018 764 1089 785 sam
1111 754 1271 785 Manilius
1287 754 1375 785 hanc
1397 752 1521 784 affert:
1545 752 1636 794 quod
1662 753 1719 793 qui

1018 803 1223 835 incoluerint
1252 803 1351 843 primi
1381 803 1453 835 loca
1484 801 1590 841 urbis,
1614 801 1721 833 homi-

1017 863 1093 885 nem
1111 853 1289 894 sexaginta
1306 863 1410 885 annos
1434 858 1550 885 natum
1570 853 1644 885 Diti
1661 862 1719 893 pa-

1018 904 1062 936 tri
1088 904 1271 946 quotannis
1293 904 1467 936 immolare
1488 904 1654 944 solebant,
1672 903 1721 934 id·

1017 966 1082 998 que
1117 955 1233 988 facere
1270 966 1328 988 eos
1366 956 1540 988 destitisse
1570 955 1719 987 adventu

1019 1007 1192 1039 Herculis.
1236 1006 1303 1038 Sed
1326 1006 1493 1047 religione
1509 1005 1635 1038 veteris
1651 1014 1721 1036 mo·

1018 1057 1062 1088 ris
1077 1057 1226 1098 seirpeas
1245 1057 1413 1088 bominum
1430 1055 1560 1098 effigies
1573 1066 1631 1088 eos
1646 1061 1720 1088 tan-

1018 1108 1190 1140 tummodo
1201 1108 1336 1139 mittere
1348 1107 1390 1138 de
1401 1113 1516 1148 ponte.
1533 1106 1601 1138 Alii
1613 1106 1720 1147 aiunt,

1017 1165 1171 1191 morante
1187 1159 1219 1189 in
1239 1158 1339 1190 Italia
1356 1158 1520 1195 Hercule,
1537 1157 1627 1199 quod
1647 1157 1720 1199 qui—

1018 1209 1095 1241 dam
1125 1210 1196 1251 ejus
1223 1209 1384 1240 comitum
1411 1209 1644 1241 habitaverint
1669 1218 1721 1240 se-

1018 1260 1163 1292 cundum
1179 1260 1286 1301 ripam
1301 1259 1445 1299 Tiberis,
1469 1265 1572 1301 atque
1589 1259 1721 1300 Argeos

1017 1319 1053 1340 se
1076 1309 1271 1340 vocaverint
1295 1308 1338 1340 ab
1362 1308 1484 1349 Argis:
1510 1318 1652 1351 quornm
1678 1309 1718 1340 P.

1019 1360 1080 1390 Ro.
1096 1359 1290 1390 memoriam
1308 1358 1547 1399 redintegrari,
1563 1368 1603 1391 eo
1620 1364 1720 1400 gente

1019 1410 1158 1442 Graecia
1184 1409 1334 1449 legatum
1361 1409 1532 1450 quendam
1558 1408 1721 1450 Argaeum

1018 1469 1093 1491 cum
1115 1459 1155 1490 iis
1178 1459 1294 1491 Romae
1323 1463 1490 1491 moratum
1512 1469 1606 1491 esse:
1635 1460 1661 1491 is
1684 1465 1722 1491 ut

1018 1511 1156 1548 obierit,
1171 1510 1365 1542 institutum
1382 1519 1401 1541 a
1417 1510 1671 1553 sacerdotibus,
1684 1516 1722 1542 ut

1018 1560 1146 1603 effigies
1164 1561 1297 1602 scirpea
1310 1570 1352 1592 ex
1368 1560 1534 1600 omnibus,
1546 1571 1634 1597 cum,
1646 1570 1720 1602 quae

1019 1613 1157 1653 publica
1178 1617 1289 1652 erant,
1312 1612 1551 1652 nuntiavisset,
1574 1622 1634 1653 per
1658 1611 1719 1643 flu-

1018 1673 1094 1695 men
1106 1673 1145 1695 ac
1155 1673 1245 1695 mare
1259 1663 1292 1694 in
1307 1663 1451 1704 patriam
1466 1663 1719 1695 remitteretur:

1018 1715 1181 1755 scriptum
1204 1719 1256 1746 est
1272 1715 1304 1744 in
1319 1714 1468 1756 reliquiis
1486 1714 1579 1745 Festi
1595 1715 1644 1745 his
1658 1724 1721 1755 pro

1017 1765 1058 1804 is,
1074 1771 1112 1796 ut
1126 1774 1229 1806 saepe.
1275 1764 1476 1796 Institutum
1492 1764 1595 1806 igitur
1608 1767 1670 1806 ait,
1683 1770 1721 1796 ut

1021 1826 1063 1848 ex
1081 1815 1234 1847 omnibus
1250 1815 1389 1856 scirpeis
1407 1816 1607 1852 simulacris,
1623 1820 1722 1847 erant

1022 1872 1136 1898 autem
1149 1866 1300 1906 triginta,
1316 1876 1381 1898 una
1394 1868 1528 1898 nomine
1544 1867 1645 1908 legati
1660 1867 1723 1898 Ar-

1020 1919 1172 1959 givorum
1189 1919 1231 1951 de
1248 1925 1351 1961 ponte
1368 1920 1402 1951 in
1411 1920 1558 1952 Tiberim
1571 1920 1722 1961 deJecta,

1021 1980 1083 2011 per
1112 1978 1204 2002 mare
1235 1971 1269 2002 in
1299 1971 1443 2012 patriam
1474 1971 1721 2009 remitteretur,

1021 2024 1199 2061 postquam
1224 2030 1344 2052 munus
1367 2030 1474 2057 suum,
1495 2021 1592 2062 cujus
1618 2030 1720 2052 causa

1021 2071 1160 2112 publice
1197 2072 1315 2104 missus
1353 2077 1440 2114 erat,
1482 2072 1720 2104 nuntiavisset.

1021 2123 1097 2154 Hoc
1121 2125 1210 2155 enim
1236 2129 1301 2165 est,
1323 2128 1485 2166 postquam
1509 2135 1576 2166 quae
1599 2124 1721 2165 publica

1019 2177 1121 2210 erant,
1136 2174 1358 2206 nuntiavisset.
1403 2176 1456 2206 Ex
1474 2174 1596 2216 quibus
1615 2184 1719 2216 appa-

1018 2230 1072 2257 ret
1089 2225 1160 2257 sine
1177 2225 1245 2256 ulla
1267 2227 1512 2266 controversia,
1527 2226 1720 2258 sacerdotes

1019 2275 1175 2317 quaedam
1204 2276 1287 2308 dicis
1317 2287 1418 2309 causa
1448 2277 1582 2309 nomine
1613 2277 1718 2318 legati

1018 2326 1084 2359 fari
1101 2327 1232 2368 solitos,
1255 2338 1331 2360 cum
1347 2329 1438 2360 illam
1459 2327 1604 2369 effigiem
1620 2328 1718 2359 emit-

1019 2384 1142 2415 terent,
1167 2379 1255 2421 quod
1272 2379 1361 2421 apud
1378 2379 1505 2411 nullum
1522 2380 1622 2411 alium
1640 2388 1718 2411 auc-

1018 2436 1126 2464 torem
1142 2431 1308 2471 scriptum
1323 2430 1485 2472 reperias.
1508 2431 1576 2461 Jns.
1591 2429 1674 2462 Scal.

1062 2479 1307 2521 Sexagenarios]
1331 2481 1488 2513 Priorem
1502 2480 1633 2512 Manilii
1645 2489 1719 2512 sen-

1019 2533 1161 2565 tentiam
1175 2533 1284 2573 tangit
1296 2531 1398 2564 Ovid.
1414 2541 1448 2564 v.
1464 2532 1556 2564 Fast.
1577 2531 1645 2563 Sed
1658 2532 1715 2563 Sa·

1018 2588 1130 2624 turno,
1142 2593 1207 2614 non
1224 2583 1314 2624 Diti,
1332 2582 1378 2614 ait
1395 2583 1584 2614 immolatos
1597 2581 1715 2614 fuisse.

1018 2635 1027 2652 ⁴
1047 2635 1151 2666 Fama
1167 2639 1275 2673 vetus,
1287 2638 1367 2665 tunc
1383 2643 1458 2665 cum
1473 2633 1633 2664 Saturnia
1648 2638 1717 2664 ter·

1019 2695 1057 2716 ra
1087 2689 1208 2715 vocata
1236 2688 1301 2722 est,
1329 2683 1425 2714 Talia
1460 2682 1591 2714 fatidici
1622 2682 1714 2713 dicta

1017 2735 1112 2769 fuere
1127 2735 1237 2767 senis:
1263 2732 1435 2766 Falcifero
1447 2732 1553 2766 libata
1564 2732 1633 2764 seni
1647 2731 1713 2763 duo
