1876 3025
1489 170 1542 189 ΓΗ

630 182 933 213 FRAGMENTU
946 183 995 211 M.
1431 169 1532 209 Hm

92 285 145 326 de
166 282 428 336 Indigitibus
447 295 455 321 :
489 280 644 321 Sinunt
671 278 833 319 miseros
861 278 1009 331 perire,
1030 280 1075 317 ut
1095 277 1210 317 bona
1231 275 1429 328 rapiant;
1462 280 1540 314 aut

90 353 124 394 si
141 350 372 405 superstites
385 354 547 403 petant,
570 348 612 388 vi
634 360 792 400 seques
814 345 1026 398 prodent:
1042 344 1073 369 ¹⁶
1102 349 1145 385 ct
1167 343 1348 384 Plautus
1375 339 1539 381 Mercu-

91 427 205 460 tore:
250 417 379 458 quno
415 418 480 458 Sic
518 420 748 469 sequestro
776 414 880 455 mibi
916 413 1020 454 data
1052 419 1108 453 esc
1169 443 1180 452 .
1241 441 1250 448 .
1311 438 1322 449 .

92 486 378 540 Sepulchrum
399 489 482 536 est,
504 489 549 525 ut
571 484 635 525 ait
654 483 811 524 Gallus
838 481 988 531 AElius,
1009 480 1052 521 in
1079 494 1156 535 quo
1179 483 1373 520 mortuus
1395 476 1540 530 sepul-

90 560 163 595 tus
195 558 278 603 est,
313 553 433 607 quod
469 550 634 606 antiqui
666 550 824 590 bustum
851 548 1150 603 appellabant:
1181 547 1342 599 hisq.¹7
1375 544 1539 597 cippis,

89 626 164 663 aut·
190 622 333 675 aliqua
361 620 445 661 alia
475 633 533 668 re,
568 619 720 659 mortui
757 630 897 659 causa
924 617 1173 668 designatus
1206 618 1285 663 est,
1315 613 1424 653 intra
1444 625 1541 665 quos

88 690 303 743 sepultura
325 693 394 729 est
413 689 546 728 facta.
607 686 804 739 Seguitia
826 684 988 733 dicitur,
1012 682 1122 738 quod
1139 682 1221 721 sine
1242 682 1359 735 [147]
1378 677 1541 719 nitendo

89 756 188 811 quid
216 755 327 806 utile,
345 761 419 795 aut
451 756 694 796 honestum.
746 753 1001 793 Terentius:
1037 749 1256 789 Enimvero
1280 747 1416 797 Dave,
1438 745 1546 786 nihil

90 824 167 864 loci
182 831 238 864 est
261 824 479 876 segnitiae,
502 836 598 876 neq.
625 820 845 861 socordiae.
908 818 1085 873 Signare
1117 818 1277 858 dicitur
1309 815 1444 868 signis
1464 827 1540 854 no-

90 898 192 941 tare,
209 891 318 932 velut
340 892 382 931 in
392 888 665 944 pecorib.flt:
696 889 772 930 sed
794 888 967 941 antiqui
990 900 1044 927 eo
1066 899 1143 940 pro
1167 885 1354 926 scribere
1373 881 1541 922 uteban-

89 967 174 1011 tur,
205 960 311 999 wide
331 967 367 1000 el
390 958 645 1013 subsignare,
674 963 718 997 et
749 956 1005 1008 consignare
1033 953 1238 994 invenitur
1250 950 1444 1005 positum,
1462 963 1540 1003 pro

87 1027 356 1075 subscribere,
391 1032 433 1069 et
466 1025 745 1067 conscribere.
810 1022 1147 1077 Septimontium
1176 1020 1259 1060 dies
1298 1018 1542 1072 appellatur

87 1109 237 1137 mense
267 1094 497 1144 Decembri,
519 1093 590 1149 qui
609 1093 759 1134 (licitur
780 1092 822 1132 in
845 1092 998 1133 Fastis
1021 1089 1259 1143 Agonalia,
1284 1084 1394 1141 quod
1413 1099 1455 1125 eo
1478 1084 1541 1124 die

87 1162 132 1203 in
165 1169 311 1216 septem
345 1163 561 1203 montibus
595 1162 702 1202 fiunt
723 1157 928 1212 sacrificia
960 1157 1146 1207 Palatio,
1178 1155 1304 1204 Velia,
1326 1153 1540 1206 Fagutali,

90 1231 278 1281 Subura,
312 1229 516 1280 Cermalo,
554 1228 695 1278 Coelio,
735 1227 857 1281 opio,
890 1227 1063 1279 Cispio.
1125 1224 1278 1266 Sisusu
1300 1225 1543 1275 usurpatum

90 1305 145 1338 est
163 1313 239 1353 pro
271 1298 380 1339 tubis
413 1299 539 1351 ipsis,
570 1298 615 1338 id
644 1296 763 1351 quod
786 1295 932 1336 Graece
954 1294 1102 1334 dicitur
1121 1291 1230 1340 σίῲον
1252 1290 1294 1330 in
1317 1288 1405 1341 lege
1426 1288 1542 1328 riva-

88 1367 194 1408 licia
227 1367 290 1408 sic
321 1371 402 1416 est,
436 1380 522 1421 quae
551 1364 636 1404 luta
650 1362 746 1420 fuit
777 1368 949 1419 rogante
981 1361 1195 1416 populum
1225 1359 1315 1399 Ser.
1356 1354 1542 1409 Sulpicio

93 1433 183 1474 Ser.
215 1433 262 1474 F.
303 1431 435 1489 Rufo.
519 1431 733 1482 Montani,
795 1430 1028 1484 paganive,
1091 1425 1330 1481 siphonibus
1393 1437 1542 1478 uquam

89 1501 325 1542 dividunto:
359 1503 497 1543 donec
517 1515 616 1542 eam
636 1502 747 1541 inter
768 1513 816 1540 se
838 1497 1076 1543 diviso-inm
1102 1493 1306 1535 Prcetorz's
1325 1498 1341 1514 ‘¹
1366 1491 1542 1546 judica-

89 1570 152 1610 tio
173 1574 280 1611 esto.
340 1569 588 1622 Siparium,x
618 1582 696 1623 quo
729 1567 770 1607 in
800 1566 932 1607 scaenis
954 1564 1066 1604 mimi
1085 1567 1273 1610 utuntur,
1295 1561 1462 1602 dictum
1483 1558 1544 1599 ait

99 1635 262 1677 Verrius
294 1652 319 1677 a
350 1637 603 1685 velamento,
637 1635 757 1689 quod
790 1639 972 1675 vocetur
999 1631 1104 1672 alias
1131 1628 1316 1670 aulceum.
1380 1625 1543 1679 Suppu-

90 1718 181 1743 rum
202 1705 422 1758 appellant
442 1705 659 1754 dolonem,
681 1701 789 1758 quod
807 1708 862 1742 est
885 1699 1017 1741 velum
1040 1699 1169 1739 minus
1192 1697 1235 1736 in
1251 1694 1362 1744 navi,
1382 1700 1425 1733 ul
1442 1706 1543 1733 aca-

90 1772 195 1822 tion,
220 1772 360 1826 majus
378 1785 388 1812 :
410 1786 630 1826 supparum
652 1777 786 1811 autem
807 1769 956 1809 dictum
977 1767 1038 1807 ait
1058 1765 1226 1807 Sinnius
1241 1764 1403 1816 Capito
1424 1760 1544 1801 velut

699 1887 935 1900 eeeeeeeeeeee

137 1975 176 2003 16
201 1971 223 2003 f.
248 1975 401 2011 sequestro
418 1973 590 2001 ‹Ient.—l7
615 1968 639 2000 f.
655 1969 712 2009 isq.

748 2064 890 2096 NOTAE

134 2135 142 2153 ῑ
165 2131 417 2173 Septimontium]
437 2131 524 2162 Vide
542 2140 642 2170 supra
660 2130 692 2160 in
710 2130 718 2146 ‘
732 2129 790 2159 Sa-

93 2182 209 2214 crani.'

135 2239 149 2253 ⁰
174 2233 337 2270 Verbum,
361 2231 457 2271 cujus
482 2235 633 2261 extrema
659 2232 790 2259 tantuin

92 2284 192 2314 litera
209 2284 241 2312 in
265 2281 450 2320 exemplari
469 2280 598 2320 reliqua
615 2283 679 2317 est,
694 2284 793 2318 puta-

93 2344 166 2366 mus
194 2332 310 2368 fuisse,
338 2332 516 2367 Praetoris;
542 2336 674 2361 tantum
703 2331 792 2360 enim

94 2385 196 2425 spatii
215 2384 367 2414 relictum
385 2387 456 2413 est:
483 2382 536 2411 vel
553 2381 578 2411 si
595 2381 702 2421 magis
722 2381 792 2420 pla-

94 2441 163 2475 cet,
191 2435 363 2465 curatoris:
403 2438 551 2471 utrumq.
584 2432 615 2462 iu
646 2430 791 2462 veterib.

94 2488 204 2526 legum
224 2484 422 2525 fragmentis
440 2482 620 2523 reperitur.
660 2482 699 2512 Iu
717 2482 792 2522 lege

94 2537 249 2568 Mamilia
265 2535 353 2575 apud
372 2534 555 2573 scriptores
573 2533 614 2564 de
627 2533 790 2563 limitibus

94 2598 249 2629 agrorum
268 2588 315 2617 sic
332 2591 402 2617 est:
424 2589 432 2602 ⁶
447 2586 567 2626 Deque
583 2595 623 2615 ea
639 2594 674 2615 re
692 2593 790 2614 cura-

94 2639 191 2676 toris,
212 2638 267 2678 qui
292 2637 354 2668 hac
380 2637 454 2676 lege
471 2636 549 2675 erit,
567 2636 654 2676 juris
672 2635 790 2672 dictio,

94 2689 427 2729 reciperatorumque
450 2686 555 2724 (latio,
572 2686 721 2716 addictio
738 2695 789 2716 es·

94 2745 144 2772 to.
189 2740 274 2771 Cum
291 2743 425 2771 curator
441 2738 504 2769 hac
528 2738 604 2778 lege
629 2746 696 2768 non
714 2736 790 2772 erit,

847 2132 926 2158 tunc
959 2126 1161 2167 quicumque
1194 2121 1408 2159 magistratus
1439 2119 1470 2149 iu
1504 2127 1544 2148 ea

848 2177 994 2214 colonia,
1011 2173 1208 2214 municipio,
1228 2170 1441 2213 praefectura,
1461 2169 1545 2208 foro,

846 2226 1071 2259 conciliabulo
1099 2225 1178 2264 jure
1211 2221 1358 2252 dicundo
1394 2219 1547 2260 praeerit,

849 2279 917 2318 ejus
934 2277 1161 2316 magistratus,
1175 2273 1218 2303 de
1234 2282 1273 2302 ea
1286 2281 1321 2301 re
1341 2270 1545 2310 jurisdictio,

841 2328 1003 2369 judicisq.
1022 2326 1125 2362 datio,
1143 2322 1293 2353 addictio
1310 2319 1408 2351 esto.’

890 2384 905 2398 x
929 2374 1104 2417 Siparium]
1128 2373 1280 2404 Isidorus
1302 2371 1358 2401 lib.
1377 2379 1453 2400 xix.
1471 2378 1546 2408 cap.

847 2432 877 2460 3.
918 2426 1095 2467 Capitonis
1127 2423 1330 2454 sententiam
1357 2421 1398 2451 de
1430 2419 1545 2460 sipurii

848 2484 961 2520 etymo
992 2476 1189 2508 confirmare
1219 2474 1364 2511 videtur,
1393 2482 1467 2502 cuin
1499 2472 1545 2501 iu-

847 2530 940 2571 quit:
981 2529 989 2543 ‘
1016 2527 1182 2566 Siparium
1215 2533 1319 2565 genus
1350 2523 1414 2553 veli
1446 2532 1544 2551 unuin

848 2580 966 2620 pedem
984 2578 1125 2613 habens,
1141 2586 1205 2616 quo
1224 2575 1321 2606 inniti
1341 2575 1477 2612 navigia
1494 2582 1545 2601 so-

847 2632 918 2662 lent
943 2629 974 2658 in
998 2627 1225 2665 navigatione,
1241 2624 1372 2665 quoties
1389 2624 1438 2653 vis
1456 2622 1546 2652 venti

847 2680 1045 2721 languescit,
1064 2678 1154 2719 quod
1172 2687 1213 2707 ex
1232 2674 1444 2717 separatione
1460 2673 1546 2704 exis—

848 2734 968 2764 timant
985 2726 1214 2762 noiniuatum.'
