1876 3025
253 134 338 175 &56

313 251 414 293 que,
445 252 586 294 neque
607 239 696 280 ullo
719 239 979 281 consistitur
999 245 1215 294 tempore.

716 143 807 174 SEX
817 143 863 172 Tl
900 142 1025 173 POMP
1037 141 1103 173 E11
1138 143 1272 175 FEST!

1276 239 1387 282 Cato
1426 241 1482 282 de
1520 254 1565 282 re
1594 242 1705 283 mili-

313 307 397 348 tari
415 320 424 348 :
456 307 561 348 Sive
578 305 595 331 ⁶
625 306 737 348 forte
758 319 871 360 opus
894 306 951 347 sit
973 319 1129 356 cuneo,
1149 311 1227 347 aut
1247 307 1392 359 globo,
1413 313 1490 349 aut
1520 305 1703 362 forcipe,

314 379 389 415 aut
409 375 614 424 turribus,
637 378 711 415 aut
734 386 870 424 serra,
898 373 959 414 uti
981 373 1193 416 adoriare.

261 442 391 483 Serra
411 442 604 496 praeliari
626 441 804 492 dicitur,
819 454 918 482 cum
939 441 1115 482 assidue
1133 442 1366 494 acceditur,
1387 456 1506 485 rece-
1526 444 1707 498 [PAUL.

313 509 536 564 diturque,
557 522 699 562 neque
716 509 807 550 ullo
837 512 1037 563 tempore
1058 510 1328 552 consistitur.

258 576 479 618 Scrtorem
497 582 510 598 ²
554 576 732 630 quidam
765 581 920 630 putant
969 577 1139 618 dictum
1178 591 1206 619 a
1244 580 1510 632 prendendo,
1542 580 1706 632 [FEST.

316 645 421 698 quia
441 657 540 685 cum
561 643 755 697 cuipiam
779 643 934 686 afferat
949 649 965 675 ⁷
995 657 1187 695 manum,
1216 645 1431 688 educendi
1451 647 1546 701 ejus
1569 647 1710 701 gratia

315 724 376 753 ex
397 712 606 752 servitute
642 712 688 752 in
717 712 981 764 libertatem,

1011 717 1196 754 vocetur
1231 713 1442 766 adsertor,
1472 728 1572 757 cum
1599 715 1710 758 veri-

316 780 504 821 similius
527 779 587 821 sit
607 779 790 830 dictum,
813 781 889 835 qui
917 786 1080 823 sereret
1101 781 1225 836 quid,
1249 795 1303 824 ac
1335 783 1486 837 potius
1519 783 1710 826 adserto-

317 860 405 888 rem
428 860 455 888 a
476 846 663 888 serendo
684 848 858 902 cepisse
877 861 1055 900 nornen,
1076 862 1178 891 cum
1201 850 1396 905 aliquem
1418 857 1538 893 serat
1558 856 1710 907 peten-

316 915 373 956 do
395 915 438 955 in
459 914 706 957 libertatem
728 916 928 967 eandem,
950 930 1038 971 qua
1059 917 1157 972 ipse
1178 919 1248 968 sit,
1271 919 1317 960 id
1338 925 1407 961 est
1415 919 1590 974 jungat,
1608 920 1712 975 quia

315 983 461 1036 fruges
483 996 583 1024 cum
614 990 834 1036 seruntur,
864 990 991 1028 terrae
1015 986 1186 1041 jungit:
1217 987 1340 1042 quod
1367 991 1505 1030 totum
1524 987 1710 1030 Verrius

315 1049 494 1098 ἀπιθάνως
514 1049 786 1093 introducit.⁸

260 1118 479 1159 Servilius
499 1119 649 1160 lacus³
681 1120 1009 1174 appellabatur,
1030 1127 1118 1171 eo,9
1140 1122 1216 1176 qui
1235 1135 1331 1163 eum
1350 1122 1602 1164 faciendum
1635 1134 1711 1163 cu-

315 1189 488 1226 raverat
518 1187 562 1226 in
593 1187 808 1241 principio
828 1187 916 1229 vici
934 1187 1081 1242 jugari
1102 1190 1324 1230 continens
1343 1190 1544 1231 basilicae
1562 1189 1590 1232 J
1596 1190 1711 1238 uliae,

314 1255 358 1295 in
380 1267 468 1308 quo
488 1254 592 1296 loco
614 1254 697 1297 fuit
713 1254 730 1278 b
750 1253 913 1309 effigies
932 1256 1082 1312 hydrae
1105 1256 1254 1311 posita
1274 1270 1300 1298 a
1322 1256 1387 1298 M.
1409 1257 1626 1321 Agrippa.

866 1353 882 1364 0
888 1354 903 1365 Ι
907 1354 1102 1367 OONOOONO

303 1420 323 1448 0
349 1418 428 1449 Vet.
454 1416 530 1449 cod.
556 1418 698 1449 sina—7
723 1419 803 1451 Vet.
831 1419 907 1450 cod.
932 1420 1134 1453 adserat.-8
1158 1420 1222 1453 Ed.
1248 1421 1338 1454 Scal.
1370 1422 1625 1454 introduxit.-—-9
1651 1422 1712 1454 Vir

261 1460 355 1492 doct.
372 1461 404 1492 in
422 1470 526 1502 marg.
542 1461 692 1501 ejusdem
709 1461 764 1494 ed.
781 1463 871 1503 conj.
885 1462 922 1494 ab
937 1472 982 1494 eo.

915 1572 1060 1605 NOTAE

261 1645 367 1686 nipuli
387 1645 505 1686 primae
524 1646 611 1678 aciei
628 1647 962 1690 modoinvadebant,

262 1697 362 1728 modo
377 1697 585 1737 resiliebant,
602 1702 637 1729 et
654 1698 866 1730 reddebatur
881 1699 962 1730 den-

263 1753 335 1778 tata
357 1748 514 1788 quaedam
537 1748 644 1780 forma
670 1749 705 1780 in
732 1749 868 1781 modum
893 1759 961 1782 ser-

263 1809 322 1830 rae.
346 1799 430 1830 Dae.

303 1855 315 1869 ²
351 1849 525 1890 Ser-torem]
562 1850 627 1881 Vel
656 1860 676 1881 a
706 1850 962 1892 prehendendo,

262 1902 330 1940 vel,
370 1901 460 1941 quod
497 1902 722 1939 verisimilius,
760 1913 780 1934 a
806 1902 962 1941 serend0‚

263 1951 354 1992 quod
384 1951 642 1983 inlibertatem
678 1958 782 1992 serat,
805 1953 867 1985 hoc
897 1958 964 1993 est,

255 2003 394 2042 jungat,
405 2002 514 2043 inquit
525 2003 676 2038 Verrius,
689 2003 778 2044 quod
795 2007 902 2034 totum
920 2004 962 2035 ab

262 2063 304 2084 eo
319 2053 480 2089 ἀπιθάνως,
503 2053 567 2085 hoc
587 2059 653 2092 est,
676 2061 685 2074 ‘
698 2064 763 2086 non
782 2054 962 2095 probabili-

262 2103 341 2143 ter,'
366 2103 597 2136 introductum
614 2104 699 2136 dicit
726 2105 876 2136 Festus:
902 2105 961 2136 sed

262 2154 353 2185 idem
384 2164 443 2186 nos
470 2154 549 2185 alibi
580 2155 700 2187 docuit
721 2156 862 2187 adserere
889 2165 961 2187 esse

264 2205 458 2244 admovere,
486 2204 575 2247 quod
599 2215 651 2243 ea,
673 2215 750 2246 quae
777 2206 811 2236 in
838 2210 962 2237 terram

262 2255 502 2297 demittuntur,
513 2256 576 2287 seri
587 2255 767 2288 dicuntur:
785 2265 845 2288 cur
860 2256 964 2297 igitur

263 2307 291 2337 is
308 2306 444 2346 proprie
465 2310 578 2344 sertor,
602 2311 637 2338 et
659 2308 801 2338 adsertor
824 2306 890 2338 dici
906 2315 965 2338 ne-

263 2362 380 2397 queat,
407 2356 463 2398 qui
488 2366 636 2392 manum,
665 2357 717 2388 vel
743 2366 843 2388 manu
869 2357 965 2388 adse·

264 2407 322 2446 rit,
346 2406 409 2437 hoc
436 2411 501 2442 est,
527 2416 663 2438 manum
694 2406 864 2447 admovet,
890 2407 966 2448 inji-

262 2456 322 2496 cit,
349 2466 448 2487 manu
473 2456 665 2497 prehendit,
690 2461 727 2488 ut
756 2457 905 2488 vindicet
930 2458 964 2487 in

263 2507 474 2539 libertatem.
530 2509 635 2540 Certe
671 2508 770 2539 nimis
807 2507 963 2549 praecipi-

264 2562 381 2588 tanter
415 2558 469 2589 liic
493 2558 614 2589 Festus
646 2566 705 2589 eos
731 2558 967 2599 reprehendit,

266 2607 322 2648 qui
338 2612 540 2644 sertorem-a
555 2607 714 2648 serendo,
726 2608 790 2639 hoc
805 2612 870 2647 est,
889 2617 965 2647 pre—

264 2659 442 2691 hendendo
454 2659 580 2691 dictum
598 2664 719 2701 putant
735 2670 742 2690 :
768 2660 800 2690 in
817 2659 865 2690 his
879 2659 965 2690 Var-

267 2719 303 2740 ro
320 2710 366 2742 lib
382 2720 414 2743 v.
429 2710 471 2742 de
491 2712 526 2742 L.
543 2711 582 2743 L.
605 2712 614 2728 ‘
630 2710 686 2743 Sic
703 2720 882 2743 conserere
896 2720 963 2742 ma-

1017 1659 1097 1681 num
1122 1650 1266 1682 dicimur
1292 1660 1368 1683 cum
1387 1651 1496 1691 hoste,
1516 1651 1566 1682 sic
1581 1659 1623 1682 ex
1636 1651 1714 1692 jure

1017 1710 1118 1732 manu
1143 1707 1336 1734 consertum
1357 1712 1489 1743 vocare,
1513 1702 1591 1733 hinc
1617 1702 1715 1734 adse-

1017 1761 1090 1783 rere
1103 1762 1203 1784 manu
1216 1753 1250 1784 in
1265 1753 1474 1793 libertatern,
1485 1762 1560 1784 cum
1573 1752 1715 1793 prehen-

1017 1800 1154 1833 dimus!
1177 1802 1275 1833 Idem.

1052 1857 1067 1873 ²
1079 1852 1233 1885 Servilius
1245 1852 1342 1893 lucus]
1357 1853 1509 1885 Servilius
1522 1853 1605 1885 lacus
1613 1853 1716 1893 appel—

1015 1903 1138 1936 labatur
1152 1906 1190 1936 ab
1205 1915 1237 1936 eo
1246 1906 1311 1946 qui,
1325 1907 1379 1945 asc.
1406 1904 1671 1945 Vicusjugarius
1682 1904 1716 1934 in
1753 1930 1764 1940 ,

1017 1959 1138 1986 octava
1165 1955 1258 1986 urbis
1286 1955 1425 1995 regione
1445 1955 1623 1986 aVictore
1650 1963 1719 1985 me-

1016 2010 1189 2036 moratur:
1204 2004 1293 2036 idem
1310 2009 1344 2035 et
1355 2004 1557 2043 Thurarius,
1569 2003 1626 2034 ubi
1637 2007 1717 2034 sunt

1015 2063 1083 2085 arae
1101 2054 1190 2095 Opis
1207 2060 1243 2086 et
1260 2055 1397 2086 Cereris
1417 2064 1492 2086 cum
1514 2054 1612 2095 signo
1628 2055 1715 2085 Ver-

1016 2105 1136 2136 tumni·
1179 2106 1336 2141 Tuscum,
1359 2104 1490 2146 opinor,
1513 2108 1615 2136 vocat
1630 2104 1716 2135 Var-

1016 2164 1065 2186 ro.
1113 2155 1277 2186 Diversus
1293 2160 1369 2186 erat
1391 2164 1410 2186 a
1433 2155 1506 2186 vico
1526 2159 1718 2195 unguenta-

1018 2204 1079 2243 rio,
1095 2205 1152 2245 qui
1170 2205 1203 2236 in
1220 2204 1338 2237 eadem
1356 2204 1421 2236 fuit
1437 2205 1587 2246 regione,
1605 2214 1647 2236 ex
1661 2215 1715 2236 eo—

1017 2255 1094 2288 dem
1119 2256 1272 2287 Victore.
1318 2256 1418 2287 Illum
1447 2260 1561 2287 tamen
1590 2265 1716 2296 anony-

1017 2316 1091 2337 mus
1106 2305 1199 2336 urbis
1226 2306 1320 2337 Rom.
1347 2305 1540 2347 descriptor
1564 2315 1663 2337 unum
1682 2309 1716 2337 et

1017 2356 1160 2387 eundem
1176 2355 1336 2387 credidit.
1360 2356 1459 2387 Idem.

1060 2404 1074 2426 ὓ
1099 2406 1138 2436 In
1163 2415 1222 2446 quo
1243 2406 1306 2436 loco
1321 2405 1408 2446 suit]
1434 2405 1537 2445 Apuli
1561 2409 1596 2437 et
1611 2406 1715 2438 Siculi

1019 2457 1192 2497 religionis
1210 2465 1311 2487 causa
1327 2454 1477 2487 fontibus
1494 2455 1562 2487 suis
1578 2456 1713 2487 simula-

1019 2517 1112 2540 crum
1144 2507 1302 2538 Herculis
1331 2507 1561 2548 apponebant,
1585 2507 1665 2548 quia
1688 2507 1715 2537 is

1018 2559 1172 2591 extincta
1184 2557 1290 2599 hydra
1303 2567 1406 2598 aquas
1420 2562 1635 2598 purgaverat.
1660 2557 1714 2588 In·

1017 2608 1060 2640 de
1078 2613 1113 2640 et
1127 2608 1279 2639 Thermae
1298 2608 1450 2639 Himerae
1469 2608 1559 2639 urbis
1581 2608 1615 2639 in
1631 2608 1715 2639 Sici-

1017 2660 1075 2699 lia,
1096 2659 1176 2690 item
1194 2660 1284 2691 OEtae
1307 2659 1431 2690 montis
1453 2663 1488 2690 et
1503 2658 1663 2700 Pylarum
1679 2659 1713 2690 in

1016 2709 1200 2749 Thessalia,
1213 2709 1245 2740 iu
1255 2710 1362 2741 tutela
1379 2708 1539 2741 Herculis
1551 2708 1708 2740 suerunt:
