1876 3025
266 154 354 196 826

716 164 868 196 SEXTI
906 163 1107 194 POMPEII
1143 159 1279 193 FESTI

327 260 488 302 chum:
522 260 760 314 Imperium
790 259 909 313 quod
932 258 1082 312 plebes
1110 272 1185 312 per
1215 262 1409 299 saturam
1441 256 1641 306 dederat,
1675 256 1719 297 id

327 330 583 382 abrogatum
618 334 710 370 est:
744 332 786 369 et
820 327 871 368 C.
893 327 1060 367 Laelius
1083 327 1126 367 in
1149 340 1217 376 ea,
1249 339 1384 380 quam
1411 338 1490 380 pro
1513 338 1561 366 se
1583 325 1721 365 dixit:

330 397 445 438 Dein
467 402 647 451 postero
670 397 776 445 die,p
807 395 937 449 quasi
970 407 1051 447 per
1081 398 1272 435 saturam
1302 393 1531 435 sententiis
1565 392 1721 447 exqui-

328 467 443 512 sitis,
456 467 500 507 in
523 465 788 506 deditionem
812 461 1050 515 accipitur.

271 535 446 584 Satura,
474 538 517 574 et
537 533 625 574 cibi
648 544 783 584 genus
815 530 976 571 dicitur
998 542 1057 570 ex
1091 530 1223 570 variis
1254 530 1386 570 rebus
1414 542 1513 570 con·
1544 528 1723 582 [PAUL-

327 603 481 652 ditum,
527 605 570 642 et
615 600 694 641 lex
724 598 874 640 multis
910 598 1011 638 aliis
1050 597 1248 638 conferta
1282 597 1470 650 legibus,
1501 601 1545 638 et
1586 609 1723 649 genus

329 669 552 717 carminis,
577 668 651 708 ubi
665 667 719 708 de
739 666 892 707 multis
915 666 1045 706 rebus
1063 664 1325 719 disputatur.

272 738 480 779 Saturnia
501 736 648 784 Italia,
671 738 714 776 et
732 747 874 784 monS‚
896 734 972 787 qui
993 747 1106 774 nunc
1131 738 1200 774 est
1223 734 1538 788 Capitolinus,‘³
1560 732 1724 784 [FEST.

329 805 561 846 Saturnius
583 804 904 858 appellabatur,
935 802 1056 856 quod
1093 802 1136 843 in
1168 802 1306 843 tutela
1327 802 1503 843 Saturni
1526 813 1625 841 esse
1646 813 1721 841 ex-

328 873 562 914 istimatur.
623 871 815 912 Saturnii
836 883 1013 924 quoque
1046 870 1320 920 dicebantur,
1342 870 1418 924 qui
1454 872 1648 910 castrum
1679 869 1722 908 in

328 942 417 981 imo
448 940 565 981 clivo
588 939 843 992 Capitolino
865 939 1127 988 incolebant,
1162 939 1235 978 ubi
1257 950 1332 978 ara
1354 937 1501 979 dicata
1517 942 1530 958 ¹
1560 937 1601 977 ei
1624 937 1721 977 Deo

327 1012 426 1050 ante
447 1008 610 1049 bellum
640 1007 880 1061 Trojanum
904 1006 1090 1056 videtur,
1124 1006 1229 1059 quia
1263 1005 1382 1061 apud
1417 1018 1516 1046 eam
1550 1004 1721 1058 suppli-

329 1079 429 1117 cant
445 1081 457 1097 ⁵
480 1075 646 1129 apertis
671 1075 911 1128 capitibus.
975 1074 1091 1115 Nam
1124 1074 1271 1115 Italici
1292 1077 1471 1115 auctore
1493 1073 1634 1114 AEnea
1654 1085 1724 1113 ve—

328 1145 421 1185 lant
442 1143 615 1197 capita3
648 1143 767 1196 quod
797 1142 851 1192 is,
874 1155 974 1183 cum
1004 1154 1094 1182 rem
1117 1141 1311 1182 divinam
1329 1141 1492 1183 faceret
1511 1142 1555 1181 in
1576 1140 1723 1181 littore

327 1212 559 1253 Laurentis
581 1212 674 1264 agri
694 1210 857 1252 Veneri
881 1211 1025 1260 matri,
1046 1223 1100 1251 ne
1124 1210 1179 1250 ab
1202 1209 1366 1264 Ulysse
1383 1210 1581 1262 cognitus
1598 1209 1723 1250 inter-

328 1285 551 1334 rumperet
583 1278 862 1329 sacrificium,
898 1284 1036 1332 caput
1066 1278 1313 1332 adoperuit,
1355 1282 1486 1332 atque
1521 1278 1583 1319 ita
1619 1290 1723 1318 con-

329 1354 525 1402 spectum
540 1347 680 1389 hostis
703 1348 895 1388 evitavit.

272 1417 464 1457 Saturno
486 1416 580 1456 dies
601 1415 739 1456 festus
767 1414 1035 1455 celebraturt
1072 1427 1219 1455 mense
1242 1414 1496 1463 Decembri,
1529 1413 1648 1467 quod
1670 1426 1722 1454 eo

329 1484 440 1526 aedis
477 1488 543 1525 est
584 1483 817 1525 dedicata:
861 1491 905 1523 et
944 1484 981 1524 is
1018 1483 1199 1524 culturae
1242 1495 1442 1536 agrorum
1483 1482 1723 1535 praesidere

914 1628 1055 1661 NOTAE

314 1725 330 1745 Ρ
354 1719 437 1750 Dein
457 1722 578 1759 postero
596 1717 660 1758 die]
692 1717 779 1749 Haec
806 1718 847 1749 C.
874 1717 968 1748 Laelii
1026 1717 1122 1757 quasi
1155 1716 1421 1756 interpretantes
1455 1718 1617 1745 vocarunt
1647 1722 1722 1743 eum

1026 1767 1163 1805 Latium,
1177 1773 1211 1797 et
1223 1767 1294 1807 ejus
1307 1776 1445 1797 uxorem
1459 1763 1724 1805 opemLutiam:

271 1771 376 1802 verba
392 1770 570 1811 usurpavit
585 1768 764 1800 Sallustius
783 1769 824 1799 de
845 1767 971 1809 Jugur-

271 1821 340 1852 tha.
363 1822 460 1852 Idem.

315 1878 329 1897 ‘1
353 1871 504 1902 Saturnia
527 1871 634 1906 Italia,
650 1874 678 1901 et
703 1880 788 1900 mons
813 1871 865 1910 qui
891 1879 970 1900 nunc

271 1925 317 1952 est
346 1922 439 1962 Cap]
479 1922 579 1953 Varr.
610 1922 667 1952 lib.
706 1931 752 1951 iv.
790 1921 831 1951 de
864 1921 899 1951 L.
932 1921 967 1951 L.

272 1973 281 1988 ‘
297 1973 396 2003 Hunc
409 1976 510 2003 antea
523 1978 669 2003 montem
685 1971 971 2011 ⁹(Capitolinum)

271 2023 281 2040 ‘
295 2023 492 2054 Saturnium
509 2023 718 2063 appellatum
738 2022 969 2062 prodiderunt,

271 2079 308 2105 et
331 2073 374 2104 al)
402 2083 442 2104 eo
466 2074 534 2104 late
560 2073 752 2104 Saturniam
777 2077 912 2111 terram,
934 2078 970 2104 ut

272 2124 373 2155 etiarn
407 2124 534 2154 Ennius
572 2124 735 2163 appellat.
782 2122 969 2163 Antiquum

273 2174 435 2215 oppidum
467 2175 499 2204 in
535 2174 598 2204 hoc
636 2172 739 2204 fuisse
776 2174 970 2204 Saturniam

273 2225 457 2257 scribitur.‘
496 2225 548 2256 De
565 2226 626 2255 hoc
643 2224 770 2266 oppido
786 2225 833 2255 sic
850 2224 970 2264 Virgil.

273 2285 352 2306 vni.
387 2275 520 2307 AEneid.
556 2276 565 2292 ‘
582 2275 682 2306 Hanc
719 2275 824 2307 Janus
862 2280 973 2315 pater,

274 2327 359 2357 hanc
383 2326 551 2357 Saturnus
575 2327 728 2358 condidit
749 2326 888 2357 urbem:
912 2326 971 2358 Ja-

273 2378 418 2408 nicnlum
436 2378 526 2416 huic,
550 2378 596 2408 illi
613 2376 723 2408 fuerat
738 2378 896 2409 Saturnia
914 2387 971 2408 no-

274 2429 376 2460 men.’
423 2429 532 2460 Porro
569 2430 707 2460 Saturni
740 2439 860 2461 nomen
889 2430 971 2460 Tus-

275 2489 351 2510 cum
368 2489 442 2511 esse
454 2479 531 2510 milii
549 2479 753 2519 concedent,
769 2480 878 2520 inquit
891 2480 971 2510 Sca-

274 2530 362 2569 liger
377 2530 467 2571 apud
485 2531 686 2571 Varronem,
704 2531 759 2571 qui
784 2531 894 2561 sciunt
911 2531 970 2570 Sy.

275 2582 379 2620 riace,
394 2585 429 2613 et
446 2592 506 2622 pro
530 2587 626 2612 certo
646 2581 773 2612 habent
795 2582 871 2612 olim
889 2583 971 2612 Tus-

275 2642 392 2663 corum
427 2632 574 2672 linguam
617 2631 807 2662 Aramaeam
843 2631 970 2662 fuisse:

276 2682 433 2714 Saturnus
454 2683 541 2714 enim
559 2683 672 2723 lingua
687 2683 828 2724 Syriaca
844 2683 971 2723 signifi·

276 2738 332 2764 cat
354 2734 531 2765 latentem.
574 2732 674 2765 Unde
696 2733 728 2764 in
753 2744 833 2775 agro
852 2734 971 2765 Latino

1026 1823 1060 1848 et
1091 1818 1125 1848 in
1157 1817 1416 1848 Pontificalibus
1455 1814 1723 1856 indigitamentis

1027 1867 1227 1898 dicebatur:
1246 1876 1354 1899 ωτιΛ
1369 1876 1535 1899 SATURM.
1560 1865 1651 1896 Gell.
1667 1864 1723 1895 lib.

1028 1926 1108 1949 xm.
1123 1928 1197 1958 cap.
1215 1921 1266 1950 12.
1290 1924 1325 1949 et
1350 1918 1391 1949 ab
1416 1927 1457 1949 eo
1473 1917 1611 1951 Latium,
1634 1915 1723 1957 quod

1026 1968 1183 1999 Saturnia
1200 1973 1303 1999 terra.
1328 1968 1425 1999 Idem.

1069 2024 1080 2039 f
1108 2020 1168 2049 Ubi
1183 2029 1239 2049 ara
1255 2019 1376 2059 dicata]
1408 2019 1534 2049 Forsan
1552 2026 1570 2048 a
1592 2016 1724 2049 comiti-

1025 2069 1086 2100 bus
1102 2069 1273 2100 Herculis.
1298 2069 1397 2100 Idem.

1068 2125 1078 2140 ⁵
1103 2121 1186 2156 Quia
1210 2122 1291 2161 apud
1319 2131 1386 2151 eam
1412 2119 1601 2160 supplicant]
1637 2118 1723 2150 Vide

1023 2173 1157 2203 ‘lucem
1175 2171 1312 2203 facere.'
1336 2172 1433 2203 Idem.

1068 2224 1076 2243 ¹
1099 2224 1238 2254 Saturno
1252 2224 1318 2254 dies
1326 2223 1430 2261 festus
1445 2221 1631 2261 celebratur]
1665 2221 1724 2251 Sa-

1029 2274 1175 2305 turnalia
1203 2283 1317 2304 meuse
1347 2272 1542 2311 Decembri,
1567 2271 1657 2312 quod
1683 2281 1724 2301 eo

1027 2336 1143 2357 meuse
1166 2326 1281 2357 Tullus
1300 2324 1479 2363 Hostilius,
1503 2333 1577 2354 cum
1605 2323 1655 2353 bis
1680 2323 1722 2354 de

1026 2377 1168 2408 Albanis
1194 2376 1446 2416 triumphasset,
1466 2373 1581 2404 fanum
1607 2383 1723 2405 conse-

1027 2429 1146 2459 cravit.
1193 2426 1308 2458 Livius
1328 2435 1406 2456 vero
1429 2425 1621 2456 Saturnalia
1648 2430 1723 2465 post

1028 2479 1138 2518 Reges
1155 2476 1289 2507 demum
1305 2479 1443 2506 exactos
1458 2475 1649 2513 coustituit,
1666 2476 1722 2509 lib.

1028 2539 1066 2561 ιι.
1082 2534 1165 2559 sect.
1182 2530 1234 2559 ⁶21.
1279 2527 1388 2568 Hujus
1416 2525 1492 2557 festi
1518 2526 1626 2567 primo
1650 2525 1721 2557 (lies

1026 2586 1157 2613 tantum
1195 2581 1310 2611 unicus
1348 2580 1426 2619 suit,
1462 2579 1521 2611 sed
1560 2588 1722 2619 processu

1027 2638 1215 2672 temporum
1238 2630 1368 2661 crevit:
1398 2640 1472 2660 nam
1499 2629 1561 2660 sub
1585 2629 1720 2660 Caesare

1026 2683 1092 2713 duo
1109 2682 1180 2713 dics
1206 2681 1321 2721 additi,
1339 2687 1454 2721 postea
1472 2681 1574 2711 etiam
1598 2680 1722 2720 plures.

1026 2733 1121 2764 Idem.
