1876 3025
261 186 344 228 820

264 292 453 341 Sarcito,
475 292 677 332 damnum
699 291 877 332 solvito.

709 194 859 225 sEx'ri
897 192 1093 223 Pomm}
1131 170 1267 224 FEs'ri

1531 290 1710 345 [PAUL.

266 360 617 413 Sardanapalusq
634 357 1002 412 rexAssyriorum
1019 357 1099 398 suit
1115 357 1260 398 unicae
1270 357 1474 408 luxuriae,
1493 358 1607 399 inter
1621 371 1713 399 mu-

321 428 450 468 lieres
472 427 715 481 epulasque
738 430 940 467 versatus
963 437 1146 478 semper,
1169 429 1298 478 atque
1319 428 1435 467 omni
1457 431 1666 479 tempore.

267 494 485 543 San-dare:
505 495 759 548 intelligere.

326 562 434 603 dare
457 563 637 616 queunt.

820 492 1036 534 Naevius:
1079 491 1214 542 Quod
1248 493 1361 534 bruti
1383 507 1465 535 nec
1498 495 1605 535 satis
1627 506 1715 534 sar·

271 629 482 670 Sar-dares
521 630 762 683 intelligere
789 627 991 684 significat
1018 627 1191 670 Naevius
1222 630 1329 671 belli
1361 630 1513 671 Punici
1552 630 1717 684 [FEST.

326 696 442 748 libro,
463 698 571 752 quod
595 697 708 739 bruti
725 710 805 737 nec
826 698 935 737 satis
953 696 1120 737 sardare
1137 703 1288 752 queunt
1321 730 1330 738 .

275 831 402 873 Sardi
421 832 604 874 venalest
626 832 731 872 alius
750 837 762 861 ⁵
784 831 865 872 alio
886 833 1055 887 nequior
1074 847 1082 874 :
1114 846 1171 874 ex
1191 833 1272 875 hoc
1294 838 1441 875 natum
1460 831 1720 887 proverbium

880 964 997 974 oooooo

315 1045 332 1072 5
359 1040 442 1072 Ead.
462 1041 515 1073 ed.
539 1040 659 1071 ‘Sardi
679 1041 832 1071 vernales

1005 964 1114 975 eeeeee

557 1084 653 1115 Sardi
668 1086 806 1116 vernales
822 1085 902 1115 alius
918 1083 1001 1119 alio:
1016 1086 1070 1124 850.

926 1212 1070 1244 NOTAE

272 1285 335 1315 cire
358 1289 410 1315 est
433 1284 675 1317 detrimentum
693 1292 867 1326 praestarc,
885 1297 973 1318 com-

274 1344 429 1374 pensare,
446 1345 463 1366 a
477 1337 624 1367 vestibus
645 1337 748 1368 ducta
764 1339 973 1378 metaphora,

276 1395 351 1425 quae
369 1386 503 1426 proprie
516 1388 631 1417 sarciri
648 1388 820 1427 dicuutur,
834 1399 910 1419 cuin
928 1390 973 1420 la-

275 1444 365 1466 ccrae
398 1436 609 1467 reficiuntur.
657 1437 742 1468 Inde
771 1438 780 1454 ‘
799 1438 910 1469 sarte’
940 1440 972 1470 iu

273 1485 491 1525 auguralibus
522 1492 574 1517 est
605 1497 665 1528 pro
692 1492 701 1505 ‘
720 1489 876 1529 integre.’
929 1491 973 1521 Et

274 1536 282 1552 ‘
301 1541 393 1568 sarta
419 1537 533 1568 tecta'
562 1538 593 1568 in
620 1539 840 1571 locationibus
864 1542 972 1572 solen-

274 1586 341 1626 nia,
367 1587 428 1618 hoc
453 1593 518 1628 est,
542 1589 688 1629 integra.
725 1589 810 1621 Vide
834 1590 973 1622 ‘sarte.'

276 1637 376 1669 Idem.

318 1693 334 1714 ‘1
358 1688 605 1731 Sarclanapalus]
629 1690 755 1722 Justin.
777 1691 832 1724 lib.
856 1701 876 1723 ¹.
901 1701 973 1732 cap.

277 1741 308 1769 3.
334 1740 342 1755 ‘
359 1739 553 1770 Postremus
571 1741 660 1780 apud
678 1741 759 1781 eos,’
772 1741 975 1783 (Assyrios,)

275 1789 284 1805 ‘
304 1789 459 1829 regnavit
479 1790 740 1830 Sardanapalus,
764 1792 813 1822 vir
838 1793 977 1823 muliere

278 1841 493 1880 corruptior:
519 1840 662 1872 adhunc
678 1841 870 1876 videndum,
887 1843 976 1883 quod

279 1890 402 1921 nemini
427 1897 505 1921 ante
531 1901 606 1921 enm
632 1894 828 1931 permissum
853 1892 978 1934 fuerat,

277 1939 461 1981 praefectus
480 1941 598 1980 ipsius,
622 1941 733 1972 Medis
760 1943 979 1982 praepositus,

278 1990 412 2021 nomine
431 1989 595 2026 Arbaces,
613 2000 688 2021 cum
711 1990 844 2022 admitti
860 2002 978 2032 magna

281 2039 464 2070 ambitione
491 2049 579 2078 aegre
606 2040 820 2078 obtinuisset,
849 2042 978 2073 invenit

281 2098 356 2119 eum
382 2089 470 2119 inter
489 2094 677 2120 scortorum
709 2099 829 2129 greges
853 2101 977 2132 purpu-

280 2149 351 2170 ram
368 2140 440 2171 colo
458 2145 607 2180 nentem,
623 2145 658 2170 et
678 2141 834 2171 muliebri
848 2142 978 2178 habitu,

282 2200 358 2221 cum
387 2191 529 2222 mollitia
558 2191 709 2232 corporis
741 2196 775 2222 et
803 2193 978 2224 oculorum

281 2240 420 2271 lascivia
433 2251 546 2271 omnes
560 2240 713 2273 foeminas
724 2243 884 2282 anteiret,
899 2252 980 2283 peu·

281 2301 318 2322 sa
342 2290 431 2322 inter
459 2291 604 2331 virgines
632 2292 861 2333 partientcm.'
899 2292 981 2322 Pro-

285 2341 402 2373 verbio
414 2343 523 2373 locum
536 2343 641 2374 dedit.
667 2344 753 2374 Vide
766 2343 893 2374 Erasnii
904 2342 980 2374 ada·

284 2394 363 2433 gia:
389 2393 672 2433 ‘Sardanapalusl
697 2395 797 2425 Idem.

326 2447 338 2462 ¹¹
351 2443 502 2483 Sardure]
524 2443 668 2474 Sardare
686 2453 744 2484 pro
762 2444 971 2483 intellige=·e;

284 2499 318 2525 et
338 2494 434 2525 Sardi
454 2494 695 2534 intelligentes,
711 2495 838 2525 callidi.
863 2495 980 2524 ASar-

286 2545 337 2575 dis
356 2545 488 2585 populis
507 2544 608 2580 forte,
625 2546 680 2586 qui
700 2545 895 2585 versipelles
920 2554 977 2575 au-

286 2594 438 2626 diebant.
464 2595 561 2626 Idem.

328 2650 338 2664 ⁵
472 2668 480 2675 .
507 2646 681 2684 inteIIIgere
707 2669 713 2676 .
734 2667 742 2675 .
767 2645 790 2686 .]
828 2646 982 2680 Schedae.

286 2695 295 2711 ⁴
323 2695 464 2726 Sartlase
477 2697 666 2737 intelligere
687 2697 866 2738 significat.
902 2698 982 2728 Nae-

288 2746 360 2776 vius
379 2747 454 2778 belli
469 2747 591 2779 Punici
607 2748 690 2779 libro
709 2771 715 2780 .
734 2770 742 2779 .
756 2769 763 2779 .
781 2772 788 2779 .
805 2748 893 2789 quod
909 2749 983 2780 bru-

1030 1289 1054 1318 ti
1077 1298 1138 1319 nec
1162 1288 1242 1319 satis
1267 1288 1404 1319 sardare
1428 1287 1578 1329 queunt)
1617 1287 1724 1318 Deest

1028 1343 1159 1369 tautum
1175 1348 1332 1369 numerus
1349 1339 1438 1377 libri,
1454 1341 1517 1369 &m
1543 1338 1638 1369 Idem.

1070 1390 1080 1408 ‘
1105 1389 1200 1420 Sardi
1216 1390 1349 1431 venales]
1373 1389 1522 1420 vidend.
1542 1389 1673 1419 Plutar.
1691 1387 1724 1418 in

1028 1440 1189 1480 problem.
1214 1440 1330 1471 Utitur
1346 1441 1408 1471 hoc
1433 1440 1612 1481 proverbio
1629 1439 1725 1471 Cice-

1028 1500 1064 1521 ro
1082 1491 1113 1520 in
1129 1491 1229 1531 epist.
1245 1491 1285 1521 ad
1302 1491 1438 1522 Fabium
1454 1491 1609 1522 Gallum:
1635 1491 1644 1507 ‘
1658 1490 1726 1521 Ha-

1029 1541 1089 1572 bes
1099 1542 1222 1572 Sardos
1238 1542 1384 1581 venales,
1399 1542 1498 1572 alium
1511 1542 1575 1572 alio
1588 1540 1727 1582 nequio-

1031 1602 1099 1622 rem
1113 1591 1132 1622 :²
1150 1592 1269 1633 quibus
1289 1593 1399 1623 verbis
1416 1593 1652 1632 interpretatio
1666 1592 1729 1623 Ca-

1031 1644 1155 1683 pitonis
1184 1643 1356 1674 Ciceronis
1382 1644 1586 1674 auctoritate
1609 1641 1728 1673 confir-

1031 1701 1153 1725 matur.
1200 1693 1268 1724 Sed
1285 1693 1372 1734 quod
1396 1694 1520 1724 «licitur
1536 1693 1728 1724 Gracchum

1030 1744 1182 1775 Faltonis
1198 1745 1360 1785 collegam
1387 1743 1504 1783 fnisse,
1526 1753 1668 1785 eumque
1685 1743 1728 1774 de

1031 1795 1142 1826 Sardis
1169 1796 1406 1836 triumphasse,
1437 1795 1554 1826 falsum
1578 1800 1641 1826 est.
1681 1794 1729 1825 Hi

1032 1846 1121 1876 enini
1140 1846 1303 1876 Consules
1322 1845 1459 1876 fuerunt
1477 1855 1563 1876 anno
1580 1849 1655 1876 515.
1693 1845 1728 1876 Is

1032 1905 1124 1933 vero,
1137 1895 1193 1935 qui
1208 1895 1589 1935 triumphavit‚collegas
1599 1893 1730 1934 hahuit,

1032 1945 1064 1975 in
1080 1946 1185 1985 prium
1203 1946 1381 1976 consulatu
1397 1946 1437 1981 AC.
1456 1947 1632 1976 Claudium
1649 1946 1729 1976 Pul-

1031 1997 1197 2035 chrum,in
1209 1996 1357 2026 secundo
1369 1996 1620 2028 M.Juventiuni
1630 1996 1731 2026 Thal-

1033 2055 1120 2081 uam,
1139 2046 1232 2075 annis
1250 2049 1322 2076 576.
1340 2051 1373 2076 et
1388 2049 1462 2077 590.
1483 2055 1501 2076 e
1518 2044 1614 2077 fastis
1630 2046 1731 2086 Capi-

1034 2096 1156 2126 tolinis.
1201 2096 1343 2134 Plinius,
1369 2096 1438 2126 sive
1468 2095 1540 2136 quis
1565 2096 1647 2126 alius
1674 2096 1731 2136 qui

1034 2147 1170 2186 scripsit
1198 2146 1347 2177 libellum
1379 2147 1420 2177 ‹le
1461 2147 1537 2176 viris
1577 2146 1732 2176 illustrib.

1034 2196 1211 2235 Capitonis
1226 2196 1546 2235 interpretationem
1571 2196 1666 2236 sequi
1685 2196 1733 2226 vi·

1035 2247 1133 2277 detur
1148 2246 1178 2276 iu
1193 2247 1372 2286 proverbio
1387 2247 1598 2287 explicando,
1622 2247 1731 2285 Licet,

1033 2297 1146 2327 nescio
1171 2307 1252 2337 quos
1279 2302 1434 2327 auctores
1462 2302 1609 2334 secutus,
1642 2297 1733 2327 (licat

1035 2347 1229 2378 Gracchum
1259 2348 1445 2378 Praetorem
1469 2347 1617 2378 Galliam
1644 2347 1731 2377 obti-

1035 2398 1159 2432 nuisse,
1178 2398 1283 2437 primo
1309 2399 1491 2428 Consulatu
1523 2397 1734 2438 Hispaniam,

1036 2448 1142 2477 altero
1160 2447 1359 2477 Sardiniam.
1383 2447 1458 2478 Ant.
1475 2447 1560 2486 Aug.

1079 2498 1172 2527 Sardi
1188 2497 1324 2536 venales]
1352 2497 1446 2528 Sardi
1464 2498 1593 2537 renides,
1607 2498 1661 2528 hoc
1674 2501 1732 2538 est,

1035 2547 1114 2577 alius
1125 2547 1186 2577 alio
1198 2547 1341 2586 nequior:
1365 2557 1403 2577 ecc
1418 2547 1472 2576 hoc
1492 2551 1596 2577 nutum
1607 2557 1732 2587 prover-

1037 2597 1119 2627 bium
1147 2597 1280 2635 videtur,
1315 2598 1392 2636 quod
1423 2597 1504 2627 ludis
1532 2598 1730 2637 Capitolinis,

1036 2649 1088 2689 qui
1103 2648 1189 2688 fiunt
1213 2659 1229 2678 a
1257 2648 1373 2678 vicanis
1396 2649 1605 2687 praetereatis,
1629 2649 1731 2678 «uzetia

1042 2697 1295 2738 Veientiumfieri
1308 2698 1404 2728 solet:
1429 2698 1459 2727 ὶη
1476 2708 1535 2737 qua
1552 2699 1731 2729 novissimus

1037 2748 1076 2790 is,
1092 2747 1143 2787 qui
1159 2748 1290 2779 omnium
1307 2748 1503 2787 deterrimus,
1517 2749 1696 2788 producitur
1711 2759 1730 2779 a
