1876 3025
319 166 383 197 DE
415 161 685 197 VERBORUM
719 156 1128 193 SIGNIFICA'I'IONE
1163 156 1255 186 L1B.
1287 156 1393 185 XVI.

184 261 264 303 tius
282 259 324 302 in

313 327 380 370 odi
409 327 627 376 residuos,
651 330 803 367 sumno
837 322 987 364 deditos
1021 328 1142 376 atque
1173 321 1370 360 incer-[esst

186 398 276 438 nius
296 397 342 439 in
360 410 487 438 rosa:
519 396 741 436 Praeterea
764 391 909 433 resides
930 389 1065 431 multi.

1490 145 1517 184 ’7
1519 143 1575 185 57

1432 316 1576 371 Affra-

1123 388 1350 429 Pacuvius
1371 387 1415 426 in
1438 399 1577 426 armo-

186 463 473 520 rumjudicio:
503 462 661 516 Tuque
697 465 740 502 te
771 460 970 501 desidere
996 456 1123 498 mavis
1144 455 1326 506 residem,
1360 461 1405 494 at
1435 460 1576 494 contra

185 547 265 575 nos
285 534 359 574 hic
380 545 479 574 esse
501 532 545 572 in
566 529 717 570 labore.

131 601 397 652 Residiare,8
412 607 429 623 x
450 613 570 654 saepe
589 598 770 640 resilire.

386 700 397 716 ,
518 699 526 708 .
646 698 655 707 .
774 665 922 706 sultam

1398 551 1577 642 [efflui

1412 658 1578 711 [Fsss‘r.

131 738 373 792 Resignare
395 736 565 790 antiqui
583 748 661 789 pro
682 733 913 775 rescribere
928 736 945 759 y
983 730 1216 784 ponebant,
1244 730 1291 768 ut
1312 726 1453 767 adhuc
1476 726 1578 767 sub—

187 808 357 859 signare
380 805 569 846 dicimus
607 816 686 857 pro
718 800 1002 843 subscribere.

1062 797 1174 839 Cato
1216 796 1270 837 de
1308 794 1485 848 spoliis,
1523 806 1577 834 ne

187 874 433 926 figerentur,
464 872 549 915 nisi
571 884 671 925 quae
695 870 749 911 de
771 867 956 909 hostibus
973 872 1093 921 capta
1115 871 1266 906 essent:
1302 861 1382 903 Sed
1402 868 1487 903 tum
1508 860 1579 903 ubi

186 941 350 982 indivisi
374 947 467 982 sunt
488 944 747 982 revertantur
769 935 983 990 resignatis
1002 932 1278 988 vectigalibus.

735 1057 969 1072 eueeeeeeeee

173 1145 192 1173 7
217 1141 301 1173 Ead.
317 1140 370 1175 ed.
386 1140 576 1172 inertes—8
598 1140 678 1172 Vet.
694 1139 755 1171 lib.
774 1138 951 1172 Resultare.
995 1134 1085 1165 Vide
1102 1132 1185 1164 Not.
1201 1129 1261 1162 inf.

781 1229 927 1266 NOTAE

129 1308 248 1332 sumno,
290 1299 445 1337 Afranius
471 1299 505 1330 in
533 1299 637 1330 Rosa:
666 1299 826 1330 Praeterea

132 1370 305 1382 ......
328 1350 482 1381 Pacuvius
500 1350 533 1380 in
554 1349 720 1381 Armorum
737 1348 826 1388 judi-

128 1401 194 1432 oio:
221 1400 325 1441 Tuque
344 1404 374 1432 te
395 1401 533 1432 desidere
554 1400 650 1431 mavis
674 1399 826 1431 residem:

130 1461 186 1482 nos
200 1451 249 1482 hic
264 1461 328 1483 esse
341 1451 374 1482 in
389 1450 502 1482 labore.
547 1450 588 1481 In
610 1449 697 1480 Attii
716 1448 827 1480 verbis

130 1502 230 1533 deest
247 1502 316 1533 tale
337 1501 432 1543 quid,
453 1500 590 1532 deditos.-
613 1500 708 1530 residi
722 1509 828 1530 sumno

130 1552 261 1584 deditos.
308 1552 481 1593 Scriptura
495 1551 633 1592 antiqua
643 1558 749 1581 sumno
765 1559 827 1590 pro

130 1612 246 1635 somna.
268 1602 341 1636 JOS.
357 1602 445 1633 Scal-

175 1654 272 1685 Raees
300 1657 330 1685 et
356 1654 526 1694 Residuus]
552 1652 662 1684 Gloss.
685 1651 694 1668 ⁸
711 1652 829 1690 Reses,

134 1704 312 1743 καθήμενος.
335 1705 480 1736 Resideo
497 1701 670 1743 καθιζάνω.’
695 1703 746 1733 De
760 1702 768 1718 ‘
780 1711 829 1731 re-

135 1755 249 1787 siduo’
280 1754 441 1789 Placidus
469 1755 502 1785 in
532 1753 681 1785 Glossis:
714 1752 831 1783 ‘Resi-

135 1807 236 1846 dnuS,
264 1807 358 1848 quasi
392 1804 533 1837 tardus!
577 1804 667 1835 Item
696 1802 833 1843 Papias,

134 1859 144 1873 ‘
159 1857 338 1896 Residuus,
370 1857 527 1897 reliquus,
551 1854 729 1895 fatigatus,
753 1854 830 1885 ulti-

136 1907 235 1939 mus.'
279 1909 381 1944 Item,
407 1912 415 1925 ⁴
430 1907 584 1946 Resides,
600 1905 713 1945 otiosi,
730 1905 832 1945 pigri,

136 1958 271 2000 quieti)
314 1958 445 1990 Resides
459 1957 596 1999 proprie
612 1960 691 1987 sunt
705 1955 759 1996 qui
773 1954 833 1985 mi-

135 2010 242 2041 litiam
275 2009 472 2041 detrectant
500 2018 611 2049 agere.
656 2007 776 2046 Virgil.
808 2015 832 2037 1.

136 2061 272 2092 AEneid.
290 2062 299 2078 ‘
313 2061 389 2094 Jarn
403 2061 535 2101 pridem
550 2059 677 2091 resides
690 2058 834 2094 animos,

136 2111 346 2152 desuetaque
355 2110 481 2144 corda.’
495 2111 561 2141 Ubi
573 2110 728 2142 Servius:
745 2111 753 2126 ‘
767 2109 833 2140 Re-

138 2162 239 2198 sides,
268 2162 381 2202 pigros
412 2161 453 2192 ad
479 2160 670 2200 amandum,
696 2160 835 2191 inertes.

137 2212 321 2254 Juraverat
336 2212 424 2243 enim
449 2210 574 2253 (Dido)
599 2211 682 2242 nulli
704 2220 739 2241 se
763 2219 835 2241 esse

138 2266 333 2303 nupturam.
378 2261 521 2292 Resides
537 2270 618 2292 sane
634 2260 758 2292 milites
774 2259 837 2290 oti-

139 2313 210 2345 osi:
228 2317 333 2344 utv1.
355 2311 472 2343 AEneid
478 2333 723 2343 ........
747 2315 754 2328 ‘
771 2311 836 2341 Re-

138 2363 296 2404 sidesque
318 2363 465 2394 movebit
487 2362 600 2393 Tullus
625 2361 659 2392 in
680 2371 772 2392 arma
789 2361 836 2392 vi-

142 2412 215 2443 ros!
259 2412 357 2444 Unde
378 2417 496 2443 contra
511 2413 676 2443 instantes
692 2411 834 2443 dicimus

144 2462 350 2495 industrios.'
372 2464 454 2494 Duc.

185 2519 201 2534 x
226 2514 402 2553 Residiare]
436 2514 569 2553 Legere
597 2513 743 2554 quidam,
774 2514 836 2545 Re-

142 2566 270 2601 sultare,
293 2575 372 2605 soepe
392 2566 529 2597 resilire:
555 2566 612 2596 sed
632 2565 722 2596 'infra
738 2566 771 2596 in
788 2575 837 2596 re·

143 2616 256 2657 liquiis
272 2615 366 2646 Festi
390 2620 533 2655 apparet
554 2615 591 2645 τὸ
610 2617 772 2655 resultare,
788 2616 838 2646 in·

144 2666 425 2707 tei-pretationem
450 2670 580 2697 tantum
603 2665 706 2697 fuisse
721 2667 777 2697 τοῦ
790 2676 838 2697 re-

143 2719 268 2749 sidiare.
301 2715 464 2748 Libenter
480 2716 583 2757 igitur
597 2718 758 2758 legerem,
777 2717 839 2748 Re·

880 1296 986 1326 sillare
1014 1302 1093 1332 soepe
1122 1290 1254 1324 resilire.
1300 1288 1356 1319 Ita
1383 1290 1422 1318 ut
1452 1285 1581 1317 dictum

880 1346 986 1378 fuerit
1010 1345 1113 1376 resilio
1139 1347 1173 1374 et
1204 1340 1317 1373 resilio.
1375 1339 1464 1370 Nam
1489 1338 1582 1369 inter

881 1402 1036 1439 quartam
1068 1399 1104 1427 ot
1138 1393 1277 1434 primam
1305 1388 1582 1430 conjugationem

882 1458 1007 1489 magna
1023 1447 1087 1478 fuit
1103 1446 1182 1477 olim
1200 1442 1358 1474 affinitas.
1410 1440 1477 1470 Vel
1493 1438 1583 1469 forte

883 1499 1063 1541 legendum
1082 1496 1248 1534 resiliture,
1263 1493 1425 1531 resultare,
1439 1499 1521 1530 soepe
1533 1498 1583 1520 τε·

881 1552 981 1583 sitire.
1005 1549 1114 1581 Idem.

926 1608 962 1637 †.
986 1623 994 1632 .
1019 1623 1027 1632 .
1051 1623 1059 1632 .
1090 1599 1170 1629 salta
1203 1617 1212 1626 .
1238 1617 1245 1626 .
1269 1594 1295 1635 .]
1321 1595 1450 1625 Forsan
1467 1590 1585 1622 Resili-

884 1657 963 1688 tare,
991 1651 1151 1687 resultare,
1179 1656 1259 1687 sirpe
1291 1645 1423 1676 resilire.
1468 1643 1581 1675 Gloss.

884 1703 894 1720 ‘
908 1702 1059 1734 Resulto,
1075 1696 1282 1739 ἆναθρώσκω.’
1305 1696 1403 1726 Idem.

929 1758 941 1779 ἵ
966 1752 1140 1790 Resignare
1168 1747 1287 1787 antiqui
1316 1756 1372 1784 pro
1401 1745 1586 1786 rescribere]

887 1802 1087 1834 Rescribere
1105 1799 1265 1830 dicebant
1281 1796 1422 1837 antiqui,
1435 1795 1499 1827 sibi
1513 1804 1587 1826 cre-

887 1854 991 1885 ditam
1033 1851 1211 1893 pecuniam
1244 1847 1398 1883 reddere,
1430 1856 1587 1878 renume-

886 1914 973 1935 rare.
1019 1903 1108 1934 Nam
1135 1899 1322 1932 creditores
1351 1898 1484 1929 scribere
1515 1898 1587 1928 sive

885 1956 1004 1986 dictare
1039 1952 1241 1984 dicebantur
1271 1959 1348 1980 cnm
1385 1948 1587 1980 credebant.

886 2006 1070 2037 Debitor-es
1087 2012 1166 2034 vero
1183 2012 1258 2034 cum
1271 1999 1461 2038 solvebant,
1476 2000 1591 2030 rescri-

888 2057 968 2088 bere.
1016 2055 1193 2094 Resignare
1208 2052 1314 2091 igitur
1333 2060 1394 2091 pro
1410 2050 1589 2089 rescribere,

889 2108 922 2139 id
939 2112 1004 2147 est,
1022 2106 1178 2138 reddere.
1214 2103 1339 2135 Horat.
1363 2103 1372 2120 ‘
1387 2103 1521 2134 Cuncta
1538 2112 1590 2132 re-

890 2158 1009 2199 signo.’
1038 2152 1515 2194 61053.(τεεὶςηο,παραλύω.’
1540 2153 1590 2185 Id.

934 2207 1125 2248 Resignare]
1152 2207 1230 2237 Cato
1248 2206 1284 2235 de
1311 2204 1424 2244 spoliis,
1448 2214 1485 2235 ne
1507 2203 1590 2246 fige-

890 2265 1010 2299 rentur,
1030 2259 1093 2289 nisi
1115 2267 1182 2298 1111oe
1205 2257 1242 2287 de
1265 2255 1350 2286 hoste
1369 2257 1457 2294 capta
1471 2257 1592 2284 essent:

891 2311 955 2342 Sed
970 2314 1049 2348 tum,
1070 2309 1123 2339 ubi
1144 2306 1273 2338 indivisi
1291 2308 1374 2344 sunt,
1394 2308 1591 2336 revertantur

889 2360 1058 2400 resignatis
1077 2357 1293 2396 vectigalibus.
1349 2355 1437 2386 Haec
1461 2354 1592 2386 citabat

891 2412 1027 2449 Festus,
1051 2419 1124 2450 quae
1148 2417 1208 2439 nos
1232 2405 1420 2446 reperimus
1444 2405 1476 2435 in
1500 2403 1592 2444 frag-

890 2462 1014 2493 mentis
1028 2460 1149 2496 Servii,
1168 2459 1223 2500 qui
1245 2465 1297 2489 est
1323 2466 1426 2497 penes
1450 2455 1591 2486 Daniel·

891 2523 942 2544 em
959 2518 1132 2544 nostrum:
1162 2510 1217 2550 qui
1235 2508 1335 2540 etiam
1352 2506 1441 2537 aliud
1459 2505 1592 2546 profert

891 2574 933 2596 ex
950 2563 1068 2595 eodem
1092 2563 1235 2599 Catone,
1257 2559 1411 2590 oratione
1435 2558 1467 2586 in
1492 2557 1591 2586 Luci-

892 2624 948 2644 um
962 2613 1122 2644 Furium:
1148 2615 1156 2629 ‘
1170 2612 1225 2642 De
1249 2619 1335 2650 aqua
1354 2608 1441 2648 quod
1467 2607 1591 2638 attinet

894 2664 934 2696 ad
954 2663 1153 2694 salinatores
1176 2660 1325 2698 aerarios,
1348 2657 1401 2688 cui
1420 2666 1500 2687 cura
1518 2665 1591 2688 vec-

894 2714 1058 2756 tigalium,
1075 2710 1247 2754 resignat.'
1271 2711 1338 2740 JOS.
1354 2708 1435 2739 Scal.
