<?xml version="1.0" encoding="UTF-8"?>
<!DOCTYPE html PUBLIC "-//W3C//DTD XHTML 1.0 Transitional//EN"
    "http://www.w3.org/TR/xhtml1/DTD/xhtml1-transitional.dtd">
<html xmlns="http://www.w3.org/1999/xhtml" xml:lang="en" lang="en">
 <head>
  <title>
</title>
<meta http-equiv="Content-Type" content="text/html;charset=utf-8" />
  <meta name='ocr-system' content='tesseract 3.04.00' />
  <meta name='ocr-capabilities' content='ocr_page ocr_carea ocr_par ocr_line ocrx_word'/>
</head>
<body>
  <div class='ocr_page' id='page_1' title='image "./mverriiflacciqua02verruoft/mverriiflacciqua02verruoft_0301.png"; bbox 0 0 1876 3025; ppageno 0'>
   <div class='ocr_carea' id='block_1_1' title="bbox 290 169 1400 206">
    <p class='ocr_par' dir='ltr' id='par_1_1' title="bbox 290 169 1400 206">
     <span class='ocr_line' id='line_1_1' title="bbox 290 169 1400 206; baseline -0.008 1"><span class='ocrx_word' id='word_1_1' title='bbox 290 176 351 206; x_wconf 87' lang='lat' dir='ltr'>DE</span> <span class='ocrx_word' id='word_1_2' title='bbox 385 173 654 206; x_wconf 80' lang='lat' dir='ltr'>VERBORUM</span> <span class='ocrx_word' id='word_1_3' title='bbox 689 171 1105 202; x_wconf 79' lang='lat' dir='ltr'>SIGNIFICATIONE</span> <span class='ocrx_word' id='word_1_4' title='bbox 1140 170 1235 200; x_wconf 79' lang='lat' dir='ltr'>Llss.</span> <span class='ocrx_word' id='word_1_5' title='bbox 1269 169 1400 199; x_wconf 83' lang='lat' dir='ltr'><strong>XVII.</strong></span> 
     </span>
    </p>
   </div>
   <div class='ocr_carea' id='block_1_2' title="bbox 1485 158 1567 200">
    <p class='ocr_par' dir='ltr' id='par_1_2' title="bbox 1485 158 1567 200">
     <span class='ocr_line' id='line_1_2' title="bbox 1485 158 1567 200; baseline -0.024 0"><span class='ocrx_word' id='word_1_6' title='bbox 1485 158 1567 200; x_wconf 79' lang='lat'>931</span> 
     </span>
    </p>
   </div>
   <div class='ocr_carea' id='block_1_3' title="bbox 131 264 1569 321">
    <p class='ocr_par' dir='ltr' id='par_1_3' title="bbox 131 264 1569 321">
     <span class='ocr_line' id='line_1_3' title="bbox 131 264 1569 321; baseline -0.006 -9"><span class='ocrx_word' id='word_1_7' title='bbox 131 272 290 313; x_wconf 85' lang='lat' dir='ltr'>Sulcus</span> <span class='ocrx_word' id='word_1_8' title='bbox 311 271 453 311; x_wconf 86' lang='lat' dir='ltr'>dietus</span> <span class='ocrx_word' id='word_1_9' title='bbox 476 283 502 311; x_wconf 83' lang='lat' dir='ltr'>a</span> <span class='ocrx_word' id='word_1_10' title='bbox 522 268 698 317; x_wconf 77' lang='lat' dir='ltr'>Graeco,</span> <span class='ocrx_word' id='word_1_11' title='bbox 721 268 796 321; x_wconf 90' lang='lat' dir='ltr'>qui</span> <span class='ocrx_word' id='word_1_12' title='bbox 817 269 872 309; x_wconf 85' lang='lat' dir='ltr'>ab</span> <span class='ocrx_word' id='word_1_13' title='bbox 889 268 975 309; x_wconf 88' lang='lat' dir='ltr'>illis</span> <span class='ocrx_word' id='word_1_14' title='bbox 989 266 1096 314; x_wconf 79' lang='grc' dir='ltr'>ὁλκὸς</span> <span class='ocrx_word' id='word_1_15' title='bbox 1108 264 1364 319; x_wconf 82' lang='lat' dir='ltr'>appellatur.</span> <span class='ocrx_word' id='word_1_16' title='bbox 1388 265 1569 317; x_wconf 73' lang='lat' dir='ltr'>[PAUL.</span> 
     </span>
    </p>
   </div>
   <div class='ocr_carea' id='block_1_4' title="bbox 130 337 602 391">
    <p class='ocr_par' dir='ltr' id='par_1_4' title="bbox 130 337 602 391">
     <span class='ocr_line' id='line_1_4' title="bbox 130 337 602 391; baseline -0.008 -12"><span class='ocrx_word' id='word_1_17' title='bbox 130 339 282 387; x_wconf 84' lang='lat' dir='ltr'>Sultis‚</span> <span class='ocrx_word' id='word_1_18' title='bbox 302 351 383 391; x_wconf 89' lang='lat' dir='ltr'>pro</span> <span class='ocrx_word' id='word_1_19' title='bbox 406 338 444 378; x_wconf 89' lang='lat' dir='ltr'>si</span> <span class='ocrx_word' id='word_1_20' title='bbox 462 337 602 378; x_wconf 89' lang='lat' dir='ltr'>vultis.</span> 
     </span>
    </p>
   </div>
   <div class='ocr_carea' id='block_1_5' title="bbox 668 331 1568 387">
    <p class='ocr_par' dir='ltr' id='par_1_5' title="bbox 668 331 1568 387">
     <span class='ocr_line' id='line_1_5' title="bbox 668 331 1568 387; baseline -0.003 -13"><span class='ocrx_word' id='word_1_21' title='bbox 668 335 880 376; x_wconf 81' lang='lat' dir='ltr'>Plautus:</span> <span class='ocrx_word' id='word_1_22' title='bbox 913 333 1156 387; x_wconf 85' lang='lat' dir='ltr'>Sequimini</span> <span class='ocrx_word' id='word_1_23' title='bbox 1181 344 1250 372; x_wconf 89' lang='lat' dir='ltr'>me</span> <span class='ocrx_word' id='word_1_24' title='bbox 1284 332 1381 381; x_wconf 82' lang='lat' dir='ltr'>hac,</span> <span class='ocrx_word' id='word_1_25' title='bbox 1413 331 1568 372; x_wconf 89' lang='lat' dir='ltr'>sultis:</span> 
     </span>
    </p>
   </div>
   <div class='ocr_carea' id='block_1_6' title="bbox 185 402 967 452">
    <p class='ocr_par' dir='ltr' id='par_1_6' title="bbox 185 402 967 452">
     <span class='ocr_line' id='line_1_6' title="bbox 185 402 967 452; baseline -0.008 -5"><span class='ocrx_word' id='word_1_26' title='bbox 185 411 228 447; x_wconf 89' lang='lat' dir='ltr'>et</span> <span class='ocrx_word' id='word_1_27' title='bbox 247 405 357 446; x_wconf 80' lang='lat' dir='ltr'>Cato</span> <span class='ocrx_word' id='word_1_28' title='bbox 377 418 386 445; x_wconf 91' lang='lat'>:</span> <span class='ocrx_word' id='word_1_29' title='bbox 418 404 596 452; x_wconf 86' lang='lat' dir='ltr'>Audite,</span> <span class='ocrx_word' id='word_1_30' title='bbox 621 403 766 451; x_wconf 89' lang='lat' dir='ltr'>sultis,</span> <span class='ocrx_word' id='word_1_31' title='bbox 788 402 967 442; x_wconf 85' lang='lat' dir='ltr'>milites.</span> 
     </span>
    </p>
   </div>
   <div class='ocr_carea' id='block_1_7' title="bbox 130 471 524 520">
    <p class='ocr_par' dir='ltr' id='par_1_7' title="bbox 130 471 524 520">
     <span class='ocr_line' id='line_1_7' title="bbox 130 471 524 520; baseline -0.01 -5"><span class='ocrx_word' id='word_1_32' title='bbox 130 474 297 520; x_wconf 88' lang='lat' dir='ltr'>Sultis,s</span> <span class='ocrx_word' id='word_1_33' title='bbox 323 472 362 512; x_wconf 89' lang='lat' dir='ltr'>si</span> <span class='ocrx_word' id='word_1_34' title='bbox 379 471 524 512; x_wconf 90' lang='lat' dir='ltr'>voltis.</span> 
     </span>
    </p>
   </div>
   <div class='ocr_carea' id='block_1_8' title="bbox 584 463 1570 519">
    <p class='ocr_par' dir='ltr' id='par_1_8' title="bbox 584 463 1570 519">
     <span class='ocr_line' id='line_1_8' title="bbox 584 463 1570 519; baseline -0.005 -8"><span class='ocrx_word' id='word_1_35' title='bbox 584 470 772 511; x_wconf 84' lang='lat' dir='ltr'>Plautus</span> <span class='ocrx_word' id='word_1_36' title='bbox 802 470 847 510; x_wconf 92' lang='lat' dir='ltr'>in</span> <span class='ocrx_word' id='word_1_37' title='bbox 869 467 1133 510; x_wconf 84' lang='lat' dir='ltr'>Frivolaria:</span> <span class='ocrx_word' id='word_1_38' title='bbox 1165 464 1384 519; x_wconf 90' lang='lat' dir='ltr'>Sequimi-</span> <span class='ocrx_word' id='word_1_39' title='bbox 1404 463 1570 518; x_wconf 52' lang='lat' dir='ltr'>[FEsvr.</span> 
     </span>
    </p>
   </div>
   <div class='ocr_carea' id='block_1_9' title="bbox 183 531 1570 794">
    <p class='ocr_par' dir='ltr' id='par_1_9' title="bbox 183 531 1570 794">
     <span class='ocr_line' id='line_1_9' title="bbox 183 531 1568 588; baseline -0.006 -7"><span class='ocrx_word' id='word_1_40' title='bbox 183 541 226 581; x_wconf 91' lang='lat' dir='ltr'>ni</span> <span class='ocrx_word' id='word_1_41' title='bbox 259 553 327 580; x_wconf 91' lang='lat' dir='ltr'>me</span> <span class='ocrx_word' id='word_1_42' title='bbox 355 539 451 587; x_wconf 83' lang='lat' dir='ltr'>hac,</span> <span class='ocrx_word' id='word_1_43' title='bbox 489 538 632 586; x_wconf 87' lang='lat' dir='ltr'>sultis,</span> <span class='ocrx_word' id='word_1_44' title='bbox 669 538 865 588; x_wconf 83' lang='lat' dir='ltr'>legiones</span> <span class='ocrx_word' id='word_1_45' title='bbox 897 549 1045 577; x_wconf 89' lang='lat' dir='ltr'>omnes</span> <span class='ocrx_word' id='word_1_46' title='bbox 1076 535 1313 575; x_wconf 75' lang='lat' dir='ltr'>Lavernae:</span> <span class='ocrx_word' id='word_1_47' title='bbox 1343 536 1387 573; x_wconf 90' lang='lat' dir='ltr'>et</span> <span class='ocrx_word' id='word_1_48' title='bbox 1407 532 1451 572; x_wconf 92' lang='lat' dir='ltr'>in</span> <span class='ocrx_word' id='word_1_49' title='bbox 1474 531 1568 573; x_wconf 88' lang='lat' dir='ltr'>Ru·</span> 
     </span>
     <span class='ocr_line' id='line_1_10' title="bbox 185 600 1570 656; baseline -0.006 -8"><span class='ocrx_word' id='word_1_50' title='bbox 185 608 338 648; x_wconf 84' lang='lat' dir='ltr'>dente:</span> <span class='ocrx_word' id='word_1_51' title='bbox 371 605 535 646; x_wconf 81' lang='lat' dir='ltr'>Curate</span> <span class='ocrx_word' id='word_1_52' title='bbox 568 606 677 653; x_wconf 86' lang='lat' dir='ltr'>haec,</span> <span class='ocrx_word' id='word_1_53' title='bbox 713 605 849 653; x_wconf 78' lang='lat' dir='ltr'>sultis,</span> <span class='ocrx_word' id='word_1_54' title='bbox 879 616 1038 656; x_wconf 80' lang='lat' dir='ltr'>magna</span> <span class='ocrx_word' id='word_1_55' title='bbox 1077 601 1315 654; x_wconf 83' lang='lat' dir='ltr'>diligentia.</span> <span class='ocrx_word' id='word_1_56' title='bbox 1360 600 1421 640; x_wconf 93' lang='lat' dir='ltr'>M.</span> <span class='ocrx_word' id='word_1_57' title='bbox 1459 600 1570 641; x_wconf 82' lang='lat' dir='ltr'>Cato</span> 
     </span>
     <span class='ocr_line' id='line_1_11' title="bbox 185 668 1570 729; baseline -0.006 -14"><span class='ocrx_word' id='word_1_58' title='bbox 185 688 263 729; x_wconf 87' lang='lat' dir='ltr'>pro</span> <span class='ocrx_word' id='word_1_59' title='bbox 288 674 338 714; x_wconf 92' lang='lat' dir='ltr'>L.</span> <span class='ocrx_word' id='word_1_60' title='bbox 361 673 581 715; x_wconf 85' lang='lat' dir='ltr'>Caesetio:</span> <span class='ocrx_word' id='word_1_61' title='bbox 613 672 794 721; x_wconf 91' lang='lat' dir='ltr'>Audite,</span> <span class='ocrx_word' id='word_1_62' title='bbox 817 671 957 722; x_wconf 87' lang='lat' dir='ltr'>sultis,</span> <span class='ocrx_word' id='word_1_63' title='bbox 979 671 1168 711; x_wconf 82' lang='lat' dir='ltr'>milites:</span> <span class='ocrx_word' id='word_1_64' title='bbox 1198 670 1235 709; x_wconf 91' lang='lat' dir='ltr'>si</span> <span class='ocrx_word' id='word_1_65' title='bbox 1257 668 1356 721; x_wconf 92' lang='lat' dir='ltr'>quis</span> <span class='ocrx_word' id='word_1_66' title='bbox 1378 673 1570 709; x_wconf 86' lang='lat' dir='ltr'>vestrum</span> 
     </span>
     <span class='ocr_line' id='line_1_12' title="bbox 185 736 1570 794; baseline -0.005 -12"><span class='ocrx_word' id='word_1_67' title='bbox 185 744 227 782; x_wconf 90' lang='lat' dir='ltr'>in</span> <span class='ocrx_word' id='word_1_68' title='bbox 247 741 361 782; x_wconf 88' lang='lat' dir='ltr'>bello</span> <span class='ocrx_word' id='word_1_69' title='bbox 382 739 654 794; x_wconf 82' lang='lat' dir='ltr'>superfuerit,</span> <span class='ocrx_word' id='word_1_70' title='bbox 675 739 712 779; x_wconf 89' lang='lat' dir='ltr'>si</span> <span class='ocrx_word' id='word_1_71' title='bbox 728 739 828 792; x_wconf 86' lang='lat' dir='ltr'>quis</span> <span class='ocrx_word' id='word_1_72' title='bbox 849 751 935 779; x_wconf 91' lang='lat' dir='ltr'>non</span> <span class='ocrx_word' id='word_1_73' title='bbox 969 737 1179 779; x_wconf 86' lang='lat' dir='ltr'>invenerit</span> <span class='ocrx_word' id='word_1_74' title='bbox 1198 736 1446 790; x_wconf 86' lang='lat' dir='ltr'>pecuniam,</span> <span class='ocrx_word' id='word_1_75' title='bbox 1469 748 1570 788; x_wconf 87' lang='lat' dir='ltr'>ege-</span> 
     </span>
    </p>
   </div>
   <div class='ocr_carea' id='block_1_10' title="bbox 186 810 269 849">
    <p class='ocr_par' dir='ltr' id='par_1_10' title="bbox 186 810 269 849">
     <span class='ocr_line' id='line_1_13' title="bbox 186 810 269 849; baseline 0 0"><span class='ocrx_word' id='word_1_76' title='bbox 186 810 269 849; x_wconf 84' lang='lat' dir='ltr'>bit.</span> 
     </span>
    </p>
   </div>
   <div class='ocr_carea' id='block_1_11' title="bbox 129 871 1570 1064">
    <p class='ocr_par' dir='ltr' id='par_1_11' title="bbox 129 871 1570 1064">
     <span class='ocr_line' id='line_1_14' title="bbox 129 871 1570 926; baseline -0.004 -9"><span class='ocrx_word' id='word_1_77' title='bbox 129 876 280 925; x_wconf 87' lang='lat' dir='ltr'>Sultis,</span> <span class='ocrx_word' id='word_1_78' title='bbox 303 875 340 915; x_wconf 91' lang='lat' dir='ltr'>si</span> <span class='ocrx_word' id='word_1_79' title='bbox 359 874 505 924; x_wconf 85' lang='lat' dir='ltr'>voltis,</span> <span class='ocrx_word' id='word_1_80' title='bbox 527 873 760 926; x_wconf 80' lang='lat' dir='ltr'>signifieat,</span> <span class='ocrx_word' id='word_1_81' title='bbox 782 872 1031 925; x_wconf 89' lang='lat' dir='ltr'>composito</span> <span class='ocrx_word' id='word_1_82' title='bbox 1054 871 1286 922; x_wconf 85' lang='lat' dir='ltr'>vocabulo,</span> <span class='ocrx_word' id='word_1_83' title='bbox 1316 872 1378 912; x_wconf 84' lang='lat' dir='ltr'>ita</span> <span class='ocrx_word' id='word_1_84' title='bbox 1396 877 1445 912; x_wconf 89' lang='lat' dir='ltr'>ut</span> <span class='ocrx_word' id='word_1_85' title='bbox 1481 871 1570 912; x_wconf 81' lang='lat' dir='ltr'>alia</span> 
     </span>
     <span class='ocr_line' id='line_1_15' title="bbox 185 938 1569 993; baseline -0.004 -9"><span class='ocrx_word' id='word_1_86' title='bbox 185 948 301 993; x_wconf 89' lang='lat' dir='ltr'>sunt,</span> <span class='ocrx_word' id='word_1_87' title='bbox 324 943 466 991; x_wconf 86' lang='lat' dir='ltr'>sodes,</span> <span class='ocrx_word' id='word_1_88' title='bbox 488 942 566 991; x_wconf 90' lang='lat' dir='ltr'>sis,</span> <span class='ocrx_word' id='word_1_89' title='bbox 581 941 704 990; x_wconf 90' lang='lat' dir='ltr'>sivis,</span> <span class='ocrx_word' id='word_1_90' title='bbox 720 940 852 980; x_wconf 87' lang='lat' dir='ltr'>ulicet</span> <span class='ocrx_word' id='word_1_91' title='bbox 869 940 912 980; x_wconf 87' lang='lat' dir='ltr'>in</span> <span class='ocrx_word' id='word_1_92' title='bbox 933 939 1046 988; x_wconf 86' lang='lat' dir='ltr'>loco,</span> <span class='ocrx_word' id='word_1_93' title='bbox 1062 939 1152 980; x_wconf 90' lang='lat' dir='ltr'>scis</span> <span class='ocrx_word' id='word_1_94' title='bbox 1169 939 1281 987; x_wconf 87' lang='lat' dir='ltr'>licet,</span> <span class='ocrx_word' id='word_1_95' title='bbox 1298 940 1414 980; x_wconf 84' lang='lat' dir='ltr'>scias</span> <span class='ocrx_word' id='word_1_96' title='bbox 1431 938 1569 987; x_wconf 82' lang='lat' dir='ltr'>licet,4</span> 
     </span>
     <span class='ocr_line' id='line_1_16' title="bbox 184 1005 1569 1064; baseline -0.005 -13"><span class='ocrx_word' id='word_1_97' title='bbox 184 1009 401 1064; x_wconf 88' lang='lat' dir='ltr'>equidem,</span> <span class='ocrx_word' id='word_1_98' title='bbox 432 1021 511 1062; x_wconf 87' lang='lat' dir='ltr'>ego</span> <span class='ocrx_word' id='word_1_99' title='bbox 538 1007 726 1062; x_wconf 90' lang='lat' dir='ltr'>quidem.</span> <span class='ocrx_word' id='word_1_100' title='bbox 785 1006 973 1047; x_wconf 90' lang='lat' dir='ltr'>Ennius:</span> <span class='ocrx_word' id='word_1_101' title='bbox 1007 1005 1193 1047; x_wconf 83' lang='lat' dir='ltr'>Pandite</span> <span class='ocrx_word' id='word_1_102' title='bbox 1216 1006 1318 1046; x_wconf 90' lang='lat' dir='ltr'>sulti</span> <span class='ocrx_word' id='word_1_103' title='bbox 1348 1018 1497 1058; x_wconf 85' lang='lat' dir='ltr'>genas,</span> <span class='ocrx_word' id='word_1_104' title='bbox 1525 1008 1569 1044; x_wconf 91' lang='lat' dir='ltr'>et</span> 
     </span>
    </p>
   </div>
   <div class='ocr_carea' id='block_1_12' title="bbox 187 1076 804 1130">
    <p class='ocr_par' dir='ltr' id='par_1_12' title="bbox 187 1076 804 1130">
     <span class='ocr_line' id='line_1_17' title="bbox 187 1076 804 1130; baseline -0.006 -12"><span class='ocrx_word' id='word_1_105' title='bbox 187 1078 320 1119; x_wconf 90' lang='lat' dir='ltr'>eorde</span> <span class='ocrx_word' id='word_1_106' title='bbox 338 1076 566 1130; x_wconf 85' lang='lat' dir='ltr'>relinquite</span> <span class='ocrx_word' id='word_1_107' title='bbox 589 1087 804 1115; x_wconf 90' lang='lat' dir='ltr'>somnum.</span> 
     </span>
    </p>
   </div>
   <div class='ocr_carea' id='block_1_13' title="bbox 130 1144 792 1264">
    <p class='ocr_par' dir='ltr' id='par_1_13' title="bbox 130 1144 792 1264">
     <span class='ocr_line' id='line_1_18' title="bbox 130 1144 520 1195; baseline -0.01 -8"><span class='ocrx_word' id='word_1_108' title='bbox 130 1146 280 1195; x_wconf 86' lang='lat' dir='ltr'>Sultis‚</span> <span class='ocrx_word' id='word_1_109' title='bbox 302 1146 337 1185; x_wconf 91' lang='lat' dir='ltr'>si</span> <span class='ocrx_word' id='word_1_110' title='bbox 371 1144 520 1185; x_wconf 86' lang='lat' dir='ltr'>vultis.</span> 
     </span>
     <span class='ocr_line' id='line_1_19' title="bbox 186 1210 792 1264; baseline -0.01 -10"><span class='ocrx_word' id='word_1_111' title='bbox 186 1212 315 1254; x_wconf 87' lang='lat' dir='ltr'>eorde</span> <span class='ocrx_word' id='word_1_112' title='bbox 335 1210 558 1264; x_wconf 89' lang='lat' dir='ltr'>relinquite</span> <span class='ocrx_word' id='word_1_113' title='bbox 577 1222 792 1250; x_wconf 86' lang='lat' dir='ltr'>somnum.</span> 
     </span>
    </p>
   </div>
   <div class='ocr_carea' id='block_1_14' title="bbox 580 1138 1568 1191">
    <p class='ocr_par' dir='ltr' id='par_1_14' title="bbox 580 1138 1568 1191">
     <span class='ocr_line' id='line_1_20' title="bbox 580 1138 1568 1191; baseline -0.006 -9"><span class='ocrx_word' id='word_1_114' title='bbox 580 1142 768 1182; x_wconf 89' lang='lat' dir='ltr'>Ennius:</span> <span class='ocrx_word' id='word_1_115' title='bbox 804 1141 990 1182; x_wconf 85' lang='lat' dir='ltr'>Pandite</span> <span class='ocrx_word' id='word_1_116' title='bbox 1028 1139 1132 1181; x_wconf 87' lang='lat' dir='ltr'>sulti</span> <span class='ocrx_word' id='word_1_117' title='bbox 1156 1152 1305 1191; x_wconf 82' lang='lat' dir='ltr'>genas,</span> <span class='ocrx_word' id='word_1_118' title='bbox 1333 1144 1378 1180; x_wconf 91' lang='lat' dir='ltr'>et</span> <span class='ocrx_word' id='word_1_119' title='bbox 1393 1138 1568 1190; x_wconf 76' lang='lat' dir='ltr'>[PAUL.</span> 
     </span>
    </p>
   </div>
   <div class='ocr_carea' id='block_1_15' title="bbox 130 1275 877 1333">
    <p class='ocr_par' dir='ltr' id='par_1_15' title="bbox 130 1275 877 1333">
     <span class='ocr_line' id='line_1_21' title="bbox 130 1275 877 1333; baseline -0.009 -11"><span class='ocrx_word' id='word_1_120' title='bbox 130 1281 233 1322; x_wconf 91' lang='lat' dir='ltr'>Sum</span> <span class='ocrx_word' id='word_1_121' title='bbox 256 1293 334 1333; x_wconf 88' lang='lat' dir='ltr'>pro</span> <span class='ocrx_word' id='word_1_122' title='bbox 356 1291 452 1319; x_wconf 90' lang='lat' dir='ltr'>eum</span> <span class='ocrx_word' id='word_1_123' title='bbox 475 1289 585 1318; x_wconf 88' lang='lat' dir='ltr'>usus</span> <span class='ocrx_word' id='word_1_124' title='bbox 605 1280 673 1317; x_wconf 87' lang='lat' dir='ltr'>est</span> <span class='ocrx_word' id='word_1_125' title='bbox 693 1275 877 1316; x_wconf 89' lang='lat' dir='ltr'>Ennius.</span> 
     </span>
    </p>
   </div>
   <div class='ocr_carea' id='block_1_16' title="bbox 131 1342 1200 1400">
    <p class='ocr_par' dir='ltr' id='par_1_16' title="bbox 131 1342 1200 1400">
     <span class='ocr_line' id='line_1_22' title="bbox 131 1342 1200 1400; baseline -0.007 -11"><span class='ocrx_word' id='word_1_126' title='bbox 131 1348 258 1388; x_wconf 77' lang='lat' dir='ltr'>Sumt</span> <span class='ocrx_word' id='word_1_127' title='bbox 279 1359 358 1400; x_wconf 89' lang='lat' dir='ltr'>pro</span> <span class='ocrx_word' id='word_1_128' title='bbox 380 1359 478 1386; x_wconf 90' lang='lat' dir='ltr'>eum</span> <span class='ocrx_word' id='word_1_129' title='bbox 495 1357 600 1385; x_wconf 90' lang='lat' dir='ltr'>usus</span> <span class='ocrx_word' id='word_1_130' title='bbox 620 1347 687 1384; x_wconf 88' lang='lat' dir='ltr'>est</span> <span class='ocrx_word' id='word_1_131' title='bbox 707 1343 876 1384; x_wconf 91' lang='lat' dir='ltr'>Ennius</span> <span class='ocrx_word' id='word_1_132' title='bbox 897 1343 1009 1384; x_wconf 86' lang='lat' dir='ltr'>libro</span> <span class='ocrx_word' id='word_1_133' title='bbox 1032 1342 1200 1396; x_wconf 88' lang='lat' dir='ltr'>primo:</span> 
     </span>
    </p>
   </div>
   <div class='ocr_carea' id='block_1_17' title="bbox 1250 1341 1567 1395">
    <p class='ocr_par' dir='ltr' id='par_1_17' title="bbox 1250 1341 1567 1395">
     <span class='ocr_line' id='line_1_23' title="bbox 1250 1341 1567 1395; baseline -0.003 -13"><span class='ocrx_word' id='word_1_134' title='bbox 1250 1341 1311 1382; x_wconf 87' lang='lat' dir='ltr'>At</span> <span class='ocrx_word' id='word_1_135' title='bbox 1333 1347 1379 1383; x_wconf 90' lang='lat' dir='ltr'>tu</span> <span class='ocrx_word' id='word_1_136' title='bbox 1402 1341 1567 1395; x_wconf 79' lang='lat' dir='ltr'>[FEST.</span> 
     </span>
    </p>
   </div>
   <div class='ocr_carea' id='block_1_18' title="bbox 183 1411 1565 1532">
    <p class='ocr_par' dir='ltr' id='par_1_18' title="bbox 183 1411 1565 1532">
     <span class='ocr_line' id='line_1_24' title="bbox 183 1411 1565 1455; baseline -0.004 0"><span class='ocrx_word' id='word_1_137' title='bbox 183 1428 268 1454; x_wconf 90' lang='lat' dir='ltr'>non</span> <span class='ocrx_word' id='word_1_138' title='bbox 288 1418 334 1455; x_wconf 90' lang='lat' dir='ltr'>ut</span> <span class='ocrx_word' id='word_1_139' title='bbox 349 1427 444 1454; x_wconf 90' lang='lat' dir='ltr'>sum</span> <span class='ocrx_word' id='word_1_140' title='bbox 463 1424 673 1453; x_wconf 83' lang='lat' dir='ltr'>summam</span> <span class='ocrx_word' id='word_1_141' title='bbox 689 1417 702 1441; x_wconf 85' lang='lat'><em>⁵</em></span> <span class='ocrx_word' id='word_1_142' title='bbox 727 1424 902 1452; x_wconf 81' lang='lat' dir='ltr'>servare</span> <span class='ocrx_word' id='word_1_143' title='bbox 923 1411 1049 1452; x_wconf 88' lang='lat' dir='ltr'>decet</span> <span class='ocrx_word' id='word_1_144' title='bbox 1070 1423 1184 1451; x_wconf 83' lang='lat' dir='ltr'>rem:</span> <span class='ocrx_word' id='word_1_145' title='bbox 1214 1414 1256 1451; x_wconf 90' lang='lat' dir='ltr'>et</span> <span class='ocrx_word' id='word_1_146' title='bbox 1277 1411 1388 1452; x_wconf 88' lang='lat' dir='ltr'>libro</span> <span class='ocrx_word' id='word_1_147' title='bbox 1412 1422 1565 1451; x_wconf 84' lang='lat' dir='ltr'>secun-</span> 
     </span>
     <span class='ocr_line' id='line_1_25' title="bbox 186 1477 1285 1532; baseline -0.005 -10"><span class='ocrx_word' id='word_1_148' title='bbox 186 1481 267 1522; x_wconf 86' lang='lat' dir='ltr'>do:</span> <span class='ocrx_word' id='word_1_149' title='bbox 299 1480 361 1521; x_wconf 88' lang='lat' dir='ltr'>At</span> <span class='ocrx_word' id='word_1_150' title='bbox 380 1492 479 1520; x_wconf 88' lang='lat' dir='ltr'>sese</span> <span class='ocrx_word' id='word_1_151' title='bbox 502 1492 598 1520; x_wconf 91' lang='lat' dir='ltr'>sum</span> <span class='ocrx_word' id='word_1_152' title='bbox 615 1478 691 1532; x_wconf 92' lang='lat' dir='ltr'>qui</span> <span class='ocrx_word' id='word_1_153' title='bbox 712 1478 892 1519; x_wconf 82' lang='lat' dir='ltr'>dederat</span> <span class='ocrx_word' id='word_1_154' title='bbox 909 1479 953 1519; x_wconf 90' lang='lat' dir='ltr'>in</span> <span class='ocrx_word' id='word_1_155' title='bbox 974 1477 1148 1519; x_wconf 88' lang='lat' dir='ltr'>luminis</span> <span class='ocrx_word' id='word_1_156' title='bbox 1169 1490 1285 1518; x_wconf 84' lang='lat' dir='ltr'>oras.</span> 
     </span>
    </p>
   </div>
   <div class='ocr_carea' id='block_1_19' title="bbox 717 1619 855 1630">
    <p class='ocr_par' dir='ltr' id='par_1_19' title="bbox 717 1619 855 1630">
     <span class='ocr_line' id='line_1_26' title="bbox 717 1619 855 1630; baseline 0.007 -1"><span class='ocrx_word' id='word_1_157' title='bbox 717 1619 855 1630; x_wconf 57' lang='lat' dir='ltr'>eeeeee</span> 
     </span>
    </p>
   </div>
   <div class='ocr_carea' id='block_1_20' title="bbox 857 1618 956 1631">
    <p class='ocr_par' dir='ltr' id='par_1_20' title="bbox 857 1618 956 1631">
     <span class='ocr_line' id='line_1_27' title="bbox 857 1618 956 1631; baseline 0.01 -1"><span class='ocrx_word' id='word_1_158' title='bbox 857 1618 956 1631; x_wconf 63' lang='lat' dir='ltr'>eeeee</span> 
     </span>
    </p>
   </div>
   <div class='ocr_carea' id='block_1_21' title="bbox 128 1691 1567 1779">
    <p class='ocr_par' dir='ltr' id='par_1_21' title="bbox 128 1691 1567 1779">
     <span class='ocr_line' id='line_1_28' title="bbox 170 1691 1567 1737; baseline -0.006 -8"><span class='ocrx_word' id='word_1_159' title='bbox 170 1701 189 1729; x_wconf 87' lang='grc'>4</span> <span class='ocrx_word' id='word_1_160' title='bbox 215 1697 407 1737; x_wconf 87' lang='lat' dir='ltr'>Legendum</span> <span class='ocrx_word' id='word_1_161' title='bbox 436 1700 548 1727; x_wconf 84' lang='lat' dir='ltr'>monet</span> <span class='ocrx_word' id='word_1_162' title='bbox 573 1696 660 1726; x_wconf 90' lang='lat' dir='ltr'>Dac</span> <span class='ocrx_word' id='word_1_163' title='bbox 683 1695 734 1725; x_wconf 80' lang='lat' dir='ltr'>Itu</span> <span class='ocrx_word' id='word_1_164' title='bbox 751 1698 784 1725; x_wconf 83' lang='lat' dir='ltr'>ut</span> <span class='ocrx_word' id='word_1_165' title='bbox 811 1694 873 1725; x_wconf 78' lang='lat' dir='ltr'>alia</span> <span class='ocrx_word' id='word_1_166' title='bbox 888 1698 958 1725; x_wconf 81' lang='lat' dir='ltr'>sunt</span> <span class='ocrx_word' id='word_1_167' title='bbox 973 1695 1070 1731; x_wconf 75' lang='lat' dir='ltr'>sodes,</span> <span class='ocrx_word' id='word_1_168' title='bbox 1093 1692 1248 1728; x_wconf 74' lang='lat' dir='ltr'>siuudes3</span> <span class='ocrx_word' id='word_1_169' title='bbox 1271 1692 1326 1729; x_wconf 81' lang='lat' dir='ltr'>sis,</span> <span class='ocrx_word' id='word_1_170' title='bbox 1340 1691 1367 1722; x_wconf 80' lang='grc' dir='ltr'>εἰ</span> <span class='ocrx_word' id='word_1_171' title='bbox 1382 1691 1449 1726; x_wconf 84' lang='lat' dir='ltr'>vis;</span> <span class='ocrx_word' id='word_1_172' title='bbox 1472 1691 1567 1726; x_wconf 78' lang='lat' dir='ltr'>ilicet,</span> 
     </span>
     <span class='ocr_line' id='line_1_29' title="bbox 128 1714 1566 1779; baseline -0.006 -8"><span class='ocrx_word' id='word_1_173' title='bbox 128 1750 174 1771; x_wconf 82' lang='lat' dir='ltr'>zre</span> <span class='ocrx_word' id='word_1_174' title='bbox 189 1741 278 1771; x_wconf 79' lang='lat' dir='ltr'>licet.-</span> <span class='ocrx_word' id='word_1_175' title='bbox 301 1740 395 1779; x_wconf 71' lang='lat' dir='ltr'>illico,</span> <span class='ocrx_word' id='word_1_176' title='bbox 411 1739 443 1770; x_wconf 78' lang='lat' dir='ltr'>in</span> <span class='ocrx_word' id='word_1_177' title='bbox 459 1740 544 1776; x_wconf 83' lang='lat' dir='ltr'>loco;</span> <span class='ocrx_word' id='word_1_178' title='bbox 567 1739 695 1778; x_wconf 79' lang='lat' dir='ltr'>scilicet,</span> <span class='ocrx_word' id='word_1_179' title='bbox 710 1737 788 1768; x_wconf 81' lang='lat' dir='ltr'>scias</span> <span class='ocrx_word' id='word_1_180' title='bbox 805 1738 890 1768; x_wconf 80' lang='lat' dir='ltr'>licet.</span> <span class='ocrx_word' id='word_1_181' title='bbox 936 1737 1006 1768; x_wconf 87' lang='lat' dir='ltr'>Pro</span> <span class='ocrx_word' id='word_1_182' title='bbox 1021 1736 1112 1767; x_wconf 79' lang='lat' dir='ltr'>ulicet</span> <span class='ocrx_word' id='word_1_183' title='bbox 1130 1735 1182 1765; x_wconf 83' lang='lat' dir='ltr'>ed.</span> <span class='ocrx_word' id='word_1_184' title='bbox 1197 1735 1284 1766; x_wconf 87' lang='lat' dir='ltr'>Scal.</span> <span class='ocrx_word' id='word_1_185' title='bbox 1298 1714 1404 1774; x_wconf 80' lang='lat' dir='ltr'>plicet</span> <span class='ocrx_word' id='word_1_186' title='bbox 1408 1737 1468 1764; x_wconf 84' lang='lat'>—5</span> <span class='ocrx_word' id='word_1_187' title='bbox 1487 1733 1566 1763; x_wconf 83' lang='lat' dir='ltr'>Vet.</span> 
     </span>
    </p>
   </div>
   <div class='ocr_carea' id='block_1_22' title="bbox 130 1782 344 1814">
    <p class='ocr_par' dir='ltr' id='par_1_22' title="bbox 130 1782 344 1814">
     <span class='ocr_line' id='line_1_30' title="bbox 130 1782 344 1814; baseline -0.01 0"><span class='ocrx_word' id='word_1_188' title='bbox 130 1782 203 1814; x_wconf 88' lang='lat' dir='ltr'>eod.</span> <span class='ocrx_word' id='word_1_189' title='bbox 217 1793 344 1814; x_wconf 63' lang='lat' dir='ltr'>suonam.</span> 
     </span>
    </p>
   </div>
   <div class='ocr_carea' id='block_1_23' title="bbox 778 1864 917 1897">
    <p class='ocr_par' dir='ltr' id='par_1_23' title="bbox 778 1864 917 1897">
     <span class='ocr_line' id='line_1_31' title="bbox 778 1864 917 1897; baseline -0.007 -1"><span class='ocrx_word' id='word_1_190' title='bbox 778 1864 917 1897; x_wconf 85' lang='lat' dir='ltr'><strong>NOTAE</strong></span> 
     </span>
    </p>
   </div>
   <div class='ocr_carea' id='block_1_24' title="bbox 128 1948 821 2741">
    <p class='ocr_par' dir='ltr' id='par_1_24' title="bbox 128 1948 821 2234">
     <span class='ocr_line' id='line_1_32' title="bbox 129 1948 820 1990; baseline -0.007 -7"><span class='ocrx_word' id='word_1_191' title='bbox 129 1957 255 1983; x_wconf 87' lang='lat' dir='ltr'>manet.</span> <span class='ocrx_word' id='word_1_192' title='bbox 299 1952 388 1983; x_wconf 86' lang='lat' dir='ltr'>Nam</span> <span class='ocrx_word' id='word_1_193' title='bbox 404 1950 437 1981; x_wconf 88' lang='lat' dir='ltr'>id</span> <span class='ocrx_word' id='word_1_194' title='bbox 460 1949 595 1990; x_wconf 84' lang='lat' dir='ltr'>proprie</span> <span class='ocrx_word' id='word_1_195' title='bbox 612 1950 721 1980; x_wconf 85' lang='lat' dir='ltr'>sulcus</span> <span class='ocrx_word' id='word_1_196' title='bbox 738 1948 820 1979; x_wconf 85' lang='lat' dir='ltr'>dici-</span> 
     </span>
     <span class='ocr_line' id='line_1_33' title="bbox 130 1998 821 2042; baseline -0.004 -10"><span class='ocrx_word' id='word_1_197' title='bbox 130 2008 194 2032; x_wconf 81' lang='lat' dir='ltr'>tur.</span> <span class='ocrx_word' id='word_1_198' title='bbox 233 2001 394 2042; x_wconf 87' lang='lat' dir='ltr'>Apollon.</span> <span class='ocrx_word' id='word_1_199' title='bbox 412 2009 468 2030; x_wconf 89' lang='lat'>111.</span> <span class='ocrx_word' id='word_1_200' title='bbox 494 1999 620 2039; x_wconf 77' lang='lat' dir='ltr'>Argon.</span> <span class='ocrx_word' id='word_1_201' title='bbox 642 1998 757 2038; x_wconf 74' lang='grc' dir='ltr'>Ἀστὴρ</span> <span class='ocrx_word' id='word_1_202' title='bbox 769 1998 821 2038; x_wconf 80' lang='grc' dir='ltr'>ὣς,</span> 
     </span>
     <span class='ocr_line' id='line_1_34' title="bbox 128 2049 820 2092; baseline -0.006 -8"><span class='ocrx_word' id='word_1_203' title='bbox 128 2051 321 2092; x_wconf 78' lang='grc' dir='ltr'>φλεγέθοντα</span> <span class='ocrx_word' id='word_1_204' title='bbox 336 2052 371 2082; x_wconf 85' lang='grc' dir='ltr'>δι’</span> <span class='ocrx_word' id='word_1_205' title='bbox 385 2050 472 2091; x_wconf 79' lang='grc' dir='ltr'>ἠέρος</span> <span class='ocrx_word' id='word_1_206' title='bbox 486 2050 581 2081; x_wconf 81' lang='grc' dir='ltr'>ὁλκὸν</span> <span class='ocrx_word' id='word_1_207' title='bbox 591 2049 668 2088; x_wconf 75' lang='grc' dir='ltr'><strong><em>ἵησι.</em></strong></span> <span class='ocrx_word' id='word_1_208' title='bbox 705 2050 820 2082; x_wconf 82' lang='lat' dir='ltr'>Quare</span> 
     </span>
     <span class='ocr_line' id='line_1_35' title="bbox 129 2100 819 2144; baseline -0.006 -10"><span class='ocrx_word' id='word_1_209' title='bbox 129 2103 255 2144; x_wconf 85' lang='lat' dir='ltr'>optime</span> <span class='ocrx_word' id='word_1_210' title='bbox 294 2102 448 2134; x_wconf 88' lang='lat' dir='ltr'>Nonius:</span> <span class='ocrx_word' id='word_1_211' title='bbox 486 2100 664 2141; x_wconf 87' lang='lat' dir='ltr'>‘Sulcus,&#39;</span> <span class='ocrx_word' id='word_1_212' title='bbox 700 2101 819 2141; x_wconf 83' lang='lat' dir='ltr'>inquit,</span> 
     </span>
     <span class='ocr_line' id='line_1_36' title="bbox 129 2150 819 2192; baseline -0.003 -9"><span class='ocrx_word' id='word_1_213' title='bbox 129 2158 136 2170; x_wconf 80' lang='lat'><em>⁴</em></span> <span class='ocrx_word' id='word_1_214' title='bbox 154 2162 248 2183; x_wconf 89' lang='lat' dir='ltr'>omne</span> <span class='ocrx_word' id='word_1_215' title='bbox 267 2151 424 2192; x_wconf 83' lang='lat' dir='ltr'>quicquid</span> <span class='ocrx_word' id='word_1_216' title='bbox 450 2151 484 2181; x_wconf 88' lang='lat' dir='ltr'>iu</span> <span class='ocrx_word' id='word_1_217' title='bbox 509 2150 719 2191; x_wconf 83' lang='lat' dir='ltr'>longitudine</span> <span class='ocrx_word' id='word_1_218' title='bbox 742 2159 819 2181; x_wconf 85' lang='lat' dir='ltr'>acu·</span> 
     </span>
     <span class='ocr_line' id='line_1_37' title="bbox 128 2202 461 2234; baseline 0 -1"><span class='ocrx_word' id='word_1_219' title='bbox 128 2203 253 2234; x_wconf 84' lang='lat' dir='ltr'>leatum</span> <span class='ocrx_word' id='word_1_220' title='bbox 269 2202 342 2233; x_wconf 80' lang='lat' dir='ltr'>est.&#39;</span> <span class='ocrx_word' id='word_1_221' title='bbox 365 2202 461 2233; x_wconf 84' lang='lat' dir='ltr'>Idem.</span> 
     </span>
    </p>

    <p class='ocr_par' dir='ltr' id='par_1_25' title="bbox 128 2253 820 2741">
     <span class='ocr_line' id='line_1_38' title="bbox 171 2253 819 2295; baseline -0.003 -9"><span class='ocrx_word' id='word_1_222' title='bbox 171 2260 182 2274; x_wconf 76' lang='lat'><strong>⁹</strong></span> <span class='ocrx_word' id='word_1_223' title='bbox 197 2255 312 2295; x_wconf 85' lang='lat' dir='ltr'>Sultz&#39;s]</span> <span class='ocrx_word' id='word_1_224' title='bbox 329 2255 495 2286; x_wconf 85' lang='lat' dir='ltr'>Mendose</span> <span class='ocrx_word' id='word_1_225' title='bbox 508 2253 633 2294; x_wconf 83' lang='lat' dir='ltr'>scripta</span> <span class='ocrx_word' id='word_1_226' title='bbox 650 2253 696 2284; x_wconf 79' lang='lat' dir='ltr'>ita</span> <span class='ocrx_word' id='word_1_227' title='bbox 709 2262 819 2284; x_wconf 87' lang='lat' dir='ltr'>emen-</span> 
     </span>
     <span class='ocr_line' id='line_1_39' title="bbox 129 2302 820 2343; baseline 0 -9"><span class='ocrx_word' id='word_1_228' title='bbox 129 2304 300 2343; x_wconf 79' lang='lat' dir='ltr'>‹lavimus3</span> <span class='ocrx_word' id='word_1_229' title='bbox 318 2310 353 2336; x_wconf 90' lang='lat' dir='ltr'>ut</span> <span class='ocrx_word' id='word_1_230' title='bbox 366 2305 447 2335; x_wconf 84' lang='lat' dir='ltr'>licet</span> <span class='ocrx_word' id='word_1_231' title='bbox 461 2304 581 2334; x_wconf 87' lang='lat' dir='ltr'>Festus</span> <span class='ocrx_word' id='word_1_232' title='bbox 595 2302 627 2333; x_wconf 87' lang='lat' dir='ltr'>id</span> <span class='ocrx_word' id='word_1_233' title='bbox 639 2313 704 2334; x_wconf 92' lang='lat' dir='ltr'>non</span> <span class='ocrx_word' id='word_1_234' title='bbox 715 2304 820 2343; x_wconf 87' lang='lat' dir='ltr'>scrip-</span> 
     </span>
     <span class='ocr_line' id='line_1_40' title="bbox 129 2353 819 2395; baseline 0 -10"><span class='ocrx_word' id='word_1_235' title='bbox 129 2355 222 2395; x_wconf 81' lang='lat' dir='ltr'>serit,</span> <span class='ocrx_word' id='word_1_236' title='bbox 245 2355 333 2395; x_wconf 86' lang='lat' dir='ltr'>quod</span> <span class='ocrx_word' id='word_1_237' title='bbox 360 2365 435 2385; x_wconf 88' lang='lat' dir='ltr'>eum</span> <span class='ocrx_word' id='word_1_238' title='bbox 454 2353 574 2385; x_wconf 82' lang='lat' dir='ltr'>fecisse</span> <span class='ocrx_word' id='word_1_239' title='bbox 590 2354 755 2394; x_wconf 86' lang='lat' dir='ltr'>aliquibus</span> <span class='ocrx_word' id='word_1_240' title='bbox 771 2354 819 2385; x_wconf 91' lang='lat' dir='ltr'>in-</span> 
     </span>
     <span class='ocr_line' id='line_1_41' title="bbox 129 2404 819 2445; baseline -0.001 -10"><span class='ocrx_word' id='word_1_241' title='bbox 129 2404 223 2435; x_wconf 87' lang='lat' dir='ltr'>diciis</span> <span class='ocrx_word' id='word_1_242' title='bbox 247 2405 486 2443; x_wconf 79' lang='lat' dir='ltr'>existimamus,</span> <span class='ocrx_word' id='word_1_243' title='bbox 507 2409 617 2435; x_wconf 87' lang='lat' dir='ltr'>tamen</span> <span class='ocrx_word' id='word_1_244' title='bbox 640 2404 672 2435; x_wconf 81' lang='lat' dir='ltr'>id</span> <span class='ocrx_word' id='word_1_245' title='bbox 696 2405 819 2445; x_wconf 88' lang='lat' dir='ltr'>ipsum,</span> 
     </span>
     <span class='ocr_line' id='line_1_42' title="bbox 129 2454 819 2495; baseline 0.003 -11"><span class='ocrx_word' id='word_1_246' title='bbox 129 2454 217 2495; x_wconf 91' lang='lat' dir='ltr'>quod</span> <span class='ocrx_word' id='word_1_247' title='bbox 235 2455 442 2494; x_wconf 85' lang='lat' dir='ltr'>scripsimus,</span> <span class='ocrx_word' id='word_1_248' title='bbox 458 2455 563 2486; x_wconf 81' lang='lat' dir='ltr'>lector</span> <span class='ocrx_word' id='word_1_249' title='bbox 579 2464 644 2485; x_wconf 90' lang='lat' dir='ltr'>non</span> <span class='ocrx_word' id='word_1_250' title='bbox 665 2464 819 2494; x_wconf 83' lang='lat' dir='ltr'>asperne-</span> 
     </span>
     <span class='ocr_line' id='line_1_43' title="bbox 128 2504 819 2535; baseline 0 0"><span class='ocrx_word' id='word_1_251' title='bbox 128 2510 193 2535; x_wconf 77' lang='lat' dir='ltr'>tur.</span> <span class='ocrx_word' id='word_1_252' title='bbox 237 2505 358 2535; x_wconf 89' lang='lat' dir='ltr'>Cicero</span> <span class='ocrx_word' id='word_1_253' title='bbox 383 2505 416 2534; x_wconf 88' lang='lat' dir='ltr'>in</span> <span class='ocrx_word' id='word_1_254' title='bbox 442 2505 612 2535; x_wconf 86' lang='lat' dir='ltr'>Oratore:</span> <span class='ocrx_word' id='word_1_255' title='bbox 634 2504 819 2535; x_wconf 86' lang='lat' dir='ltr'>‘Libenter</span> 
     </span>
     <span class='ocr_line' id='line_1_44' title="bbox 130 2553 818 2594; baseline 0.001 -10"><span class='ocrx_word' id='word_1_256' title='bbox 130 2554 231 2584; x_wconf 85' lang='lat' dir='ltr'>etiam</span> <span class='ocrx_word' id='word_1_257' title='bbox 261 2553 451 2594; x_wconf 86' lang='lat' dir='ltr'>copulando</span> <span class='ocrx_word' id='word_1_258' title='bbox 477 2553 581 2584; x_wconf 88' lang='lat' dir='ltr'>verba</span> <span class='ocrx_word' id='word_1_259' title='bbox 604 2554 818 2594; x_wconf 79' lang='lat' dir='ltr'>jungebant3</span> 
     </span>
     <span class='ocr_line' id='line_1_45' title="bbox 130 2602 816 2643; baseline 0 -8"><span class='ocrx_word' id='word_1_260' title='bbox 130 2609 167 2635; x_wconf 91' lang='lat' dir='ltr'>ut</span> <span class='ocrx_word' id='word_1_261' title='bbox 191 2603 299 2642; x_wconf 78' lang='lat' dir='ltr'>sodes,</span> <span class='ocrx_word' id='word_1_262' title='bbox 326 2614 386 2643; x_wconf 87' lang='lat' dir='ltr'>pro</span> <span class='ocrx_word' id='word_1_263' title='bbox 413 2603 440 2633; x_wconf 88' lang='lat' dir='ltr'>si</span> <span class='ocrx_word' id='word_1_264' title='bbox 467 2602 591 2640; x_wconf 89' lang='lat' dir='ltr'>audes;</span> <span class='ocrx_word' id='word_1_265' title='bbox 616 2604 673 2640; x_wconf 88' lang='lat' dir='ltr'>sis,</span> <span class='ocrx_word' id='word_1_266' title='bbox 701 2613 762 2643; x_wconf 85' lang='lat' dir='ltr'>pro</span> <span class='ocrx_word' id='word_1_267' title='bbox 789 2605 816 2635; x_wconf 88' lang='lat' dir='ltr'>si</span> 
     </span>
     <span class='ocr_line' id='line_1_46' title="bbox 131 2652 818 2692; baseline 0.001 -8"><span class='ocrx_word' id='word_1_268' title='bbox 131 2655 187 2685; x_wconf 88' lang='lat' dir='ltr'>vis.</span> <span class='ocrx_word' id='word_1_269' title='bbox 231 2654 307 2686; x_wconf 84' lang='lat' dir='ltr'>Jam</span> <span class='ocrx_word' id='word_1_270' title='bbox 335 2655 367 2684; x_wconf 89' lang='lat' dir='ltr'>in</span> <span class='ocrx_word' id='word_1_271' title='bbox 391 2663 457 2684; x_wconf 88' lang='lat' dir='ltr'>uno</span> <span class='ocrx_word' id='word_1_272' title='bbox 483 2652 592 2692; x_wconf 80' lang='lat' dir='ltr'>capsis</span> <span class='ocrx_word' id='word_1_273' title='bbox 620 2653 686 2684; x_wconf 78' lang='lat' dir='ltr'>tria</span> <span class='ocrx_word' id='word_1_274' title='bbox 714 2653 818 2685; x_wconf 83' lang='lat' dir='ltr'>verba</span> 
     </span>
     <span class='ocr_line' id='line_1_47' title="bbox 132 2702 723 2741; baseline -0.005 -6"><span class='ocrx_word' id='word_1_275' title='bbox 132 2704 230 2735; x_wconf 86' lang='lat' dir='ltr'>sunt.‘</span> <span class='ocrx_word' id='word_1_276' title='bbox 273 2703 360 2735; x_wconf 85' lang='lat' dir='ltr'>Vide</span> <span class='ocrx_word' id='word_1_277' title='bbox 376 2702 523 2734; x_wconf 57' lang='lat' dir='ltr'>‘Sodesff</span> <span class='ocrx_word' id='word_1_278' title='bbox 548 2702 624 2732; x_wconf 84' lang='lat' dir='ltr'>Ant.</span> <span class='ocrx_word' id='word_1_279' title='bbox 639 2702 723 2741; x_wconf 77' lang='lat' dir='ltr'>Aug.</span> 
     </span>
    </p>
   </div>
   <div class='ocr_carea' id='block_1_25' title="bbox 871 1945 1568 2731">
    <p class='ocr_par' dir='ltr' id='par_1_26' title="bbox 918 1945 1409 1989">
     <span class='ocr_line' id='line_1_48' title="bbox 918 1945 1409 1989; baseline -0.006 -9"><span class='ocrx_word' id='word_1_280' title='bbox 918 1948 1033 1989; x_wconf 77' lang='lat' dir='ltr'>Sultis]</span> <span class='ocrx_word' id='word_1_281' title='bbox 1057 1947 1144 1978; x_wconf 88' lang='lat' dir='ltr'>Vide</span> <span class='ocrx_word' id='word_1_282' title='bbox 1162 1951 1169 1963; x_wconf 84' lang='lat'><strong><em>¹</em></strong></span> <span class='ocrx_word' id='word_1_283' title='bbox 1182 1945 1304 1978; x_wconf 87' lang='lat' dir='ltr'>sodes.&#39;</span> <span class='ocrx_word' id='word_1_284' title='bbox 1327 1946 1409 1977; x_wconf 79' lang='lat' dir='ltr'>Dae.</span> 
     </span>
    </p>

    <p class='ocr_par' dir='ltr' id='par_1_27' title="bbox 871 1997 1568 2731">
     <span class='ocr_line' id='line_1_49' title="bbox 917 1997 1565 2038; baseline -0.008 -8"><span class='ocrx_word' id='word_1_285' title='bbox 917 2001 925 2019; x_wconf 75' lang='lat'>⁸</span> <span class='ocrx_word' id='word_1_286' title='bbox 947 1998 1039 2038; x_wconf 85' lang='lat' dir='ltr'>Sum]</span> <span class='ocrx_word' id='word_1_287' title='bbox 1068 1999 1194 2029; x_wconf 84' lang='lat' dir='ltr'>Versus</span> <span class='ocrx_word' id='word_1_288' title='bbox 1220 1997 1341 2028; x_wconf 85' lang='lat' dir='ltr'>Ennii:</span> <span class='ocrx_word' id='word_1_289' title='bbox 1366 1997 1414 2027; x_wconf 91' lang='lat' dir='ltr'>Ac</span> <span class='ocrx_word' id='word_1_290' title='bbox 1439 2000 1479 2034; x_wconf 84' lang='lat' dir='ltr'>te,</span> <span class='ocrx_word' id='word_1_291' title='bbox 1506 2005 1565 2026; x_wconf 78' lang='lat' dir='ltr'>non</span> 
     </span>
     <span class='ocr_line' id='line_1_50' title="bbox 873 2047 1567 2087; baseline -0.009 -7"><span class='ocrx_word' id='word_1_292' title='bbox 873 2053 908 2080; x_wconf 85' lang='lat' dir='ltr'>ut</span> <span class='ocrx_word' id='word_1_293' title='bbox 944 2059 1023 2087; x_wconf 83' lang='lat' dir='ltr'>sum,</span> <span class='ocrx_word' id='word_1_294' title='bbox 1051 2057 1198 2079; x_wconf 81' lang='lat' dir='ltr'>summam</span> <span class='ocrx_word' id='word_1_295' title='bbox 1226 2056 1348 2078; x_wconf 79' lang='lat' dir='ltr'>servare</span> <span class='ocrx_word' id='word_1_296' title='bbox 1377 2047 1461 2077; x_wconf 81' lang='lat' dir='ltr'>decet</span> <span class='ocrx_word' id='word_1_297' title='bbox 1490 2055 1567 2075; x_wconf 82' lang='lat' dir='ltr'>rem.</span> 
     </span>
     <span class='ocr_line' id='line_1_51' title="bbox 874 2096 1567 2137; baseline -0.007 -7"><span class='ocrx_word' id='word_1_298' title='bbox 874 2099 982 2130; x_wconf 84' lang='lat' dir='ltr'>Item:</span> <span class='ocrx_word' id='word_1_299' title='bbox 1005 2098 1058 2129; x_wconf 81' lang='lat' dir='ltr'>Ad</span> <span class='ocrx_word' id='word_1_300' title='bbox 1081 2108 1146 2128; x_wconf 78' lang='lat' dir='ltr'>sese</span> <span class='ocrx_word' id='word_1_301' title='bbox 1160 2107 1227 2128; x_wconf 84' lang='lat' dir='ltr'>sum</span> <span class='ocrx_word' id='word_1_302' title='bbox 1243 2096 1296 2137; x_wconf 80' lang='lat' dir='ltr'>qui</span> <span class='ocrx_word' id='word_1_303' title='bbox 1316 2097 1444 2127; x_wconf 79' lang='lat' dir='ltr'>dederat</span> <span class='ocrx_word' id='word_1_304' title='bbox 1465 2096 1497 2125; x_wconf 83' lang='lat' dir='ltr'>in</span> <span class='ocrx_word' id='word_1_305' title='bbox 1521 2096 1567 2125; x_wconf 62' lang='grc' dir='ltr'>[ιι-Ξ</span> 
     </span>
     <span class='ocr_line' id='line_1_52' title="bbox 872 2143 1566 2187; baseline -0.009 -7"><span class='ocrx_word' id='word_1_306' title='bbox 872 2149 966 2180; x_wconf 80' lang='lat' dir='ltr'>minis</span> <span class='ocrx_word' id='word_1_307' title='bbox 980 2157 1060 2179; x_wconf 84' lang='lat' dir='ltr'>oras.</span> <span class='ocrx_word' id='word_1_308' title='bbox 1104 2147 1233 2187; x_wconf 82' lang='lat' dir='ltr'>Supple</span> <span class='ocrx_word' id='word_1_309' title='bbox 1248 2147 1386 2181; x_wconf 76' lang='lat' dir='ltr'>advocat,</span> <span class='ocrx_word' id='word_1_310' title='bbox 1408 2145 1459 2175; x_wconf 91' lang='lat' dir='ltr'>vel</span> <span class='ocrx_word' id='word_1_311' title='bbox 1476 2143 1566 2175; x_wconf 83' lang='lat' dir='ltr'>alind</span> 
     </span>
     <span class='ocr_line' id='line_1_53' title="bbox 874 2195 1567 2237; baseline -0.009 -7"><span class='ocrx_word' id='word_1_312' title='bbox 874 2199 1003 2237; x_wconf 81' lang='lat' dir='ltr'>simile3</span> <span class='ocrx_word' id='word_1_313' title='bbox 1030 2202 1063 2229; x_wconf 84' lang='lat' dir='ltr'>et</span> <span class='ocrx_word' id='word_1_314' title='bbox 1079 2197 1121 2228; x_wconf 85' lang='lat' dir='ltr'>de</span> <span class='ocrx_word' id='word_1_315' title='bbox 1139 2197 1285 2227; x_wconf 83' lang='lat' dir='ltr'>Horatio</span> <span class='ocrx_word' id='word_1_316' title='bbox 1300 2205 1410 2226; x_wconf 86' lang='lat' dir='ltr'>sermo</span> <span class='ocrx_word' id='word_1_317' title='bbox 1428 2199 1490 2234; x_wconf 88' lang='lat' dir='ltr'>est,</span> <span class='ocrx_word' id='word_1_318' title='bbox 1508 2195 1567 2235; x_wconf 85' lang='lat' dir='ltr'>qui</span> 
     </span>
     <span class='ocr_line' id='line_1_54' title="bbox 875 2243 1568 2287; baseline -0.007 -7"><span class='ocrx_word' id='word_1_319' title='bbox 875 2259 894 2280; x_wconf 81' lang='lat' dir='ltr'>a</span> <span class='ocrx_word' id='word_1_320' title='bbox 907 2249 1081 2280; x_wconf 83' lang='lat' dir='ltr'>lictoribus</span> <span class='ocrx_word' id='word_1_321' title='bbox 1098 2246 1359 2287; x_wconf 84' lang='lat' dir='ltr'>comprehensus</span> <span class='ocrx_word' id='word_1_322' title='bbox 1377 2252 1507 2285; x_wconf 84' lang='lat' dir='ltr'>patrem</span> <span class='ocrx_word' id='word_1_323' title='bbox 1524 2243 1568 2275; x_wconf 78' lang='lat' dir='ltr'>ad</span> 
     </span>
     <span class='ocr_line' id='line_1_55' title="bbox 875 2296 1567 2330; baseline -0.007 0"><span class='ocrx_word' id='word_1_324' title='bbox 875 2309 909 2330; x_wconf 89' lang='lat' dir='ltr'>se</span> <span class='ocrx_word' id='word_1_325' title='bbox 927 2303 1036 2330; x_wconf 86' lang='lat' dir='ltr'>vocat.</span> <span class='ocrx_word' id='word_1_326' title='bbox 1079 2297 1188 2328; x_wconf 87' lang='lat' dir='ltr'>Immo</span> <span class='ocrx_word' id='word_1_327' title='bbox 1204 2296 1315 2327; x_wconf 86' lang='lat' dir='ltr'>forsan</span> <span class='ocrx_word' id='word_1_328' title='bbox 1333 2296 1413 2327; x_wconf 83' lang='lat' dir='ltr'>nihil</span> <span class='ocrx_word' id='word_1_329' title='bbox 1435 2301 1567 2326; x_wconf 85' lang='lat' dir='ltr'>mutan-</span> 
     </span>
     <span class='ocr_line' id='line_1_56' title="bbox 874 2344 1565 2386; baseline -0.009 -6"><span class='ocrx_word' id='word_1_330' title='bbox 874 2349 952 2380; x_wconf 85' lang='lat' dir='ltr'>dnm</span> <span class='ocrx_word' id='word_1_331' title='bbox 968 2360 975 2380; x_wconf 91' lang='lat'>:</span> <span class='ocrx_word' id='word_1_332' title='bbox 1000 2348 1046 2380; x_wconf 83' lang='lat' dir='ltr'>At</span> <span class='ocrx_word' id='word_1_333' title='bbox 1068 2357 1132 2378; x_wconf 80' lang='lat' dir='ltr'>sese</span> <span class='ocrx_word' id='word_1_334' title='bbox 1143 2356 1212 2377; x_wconf 79' lang='lat' dir='ltr'>sum</span> <span class='ocrx_word' id='word_1_335' title='bbox 1226 2346 1279 2386; x_wconf 81' lang='lat' dir='ltr'>qui</span> <span class='ocrx_word' id='word_1_336' title='bbox 1292 2347 1416 2377; x_wconf 80' lang='lat' dir='ltr'>dederat</span> <span class='ocrx_word' id='word_1_337' title='bbox 1429 2345 1462 2376; x_wconf 83' lang='lat' dir='ltr'>in</span> <span class='ocrx_word' id='word_1_338' title='bbox 1477 2344 1565 2375; x_wconf 76' lang='lat' dir='ltr'>lumi-</span> 
     </span>
     <span class='ocr_line' id='line_1_57' title="bbox 872 2394 1563 2435; baseline -0.006 -6"><span class='ocrx_word' id='word_1_339' title='bbox 872 2399 920 2429; x_wconf 82' lang='lat' dir='ltr'>nis</span> <span class='ocrx_word' id='word_1_340' title='bbox 936 2407 1018 2428; x_wconf 79' lang='lat' dir='ltr'>oras.</span> <span class='ocrx_word' id='word_1_341' title='bbox 1065 2397 1113 2427; x_wconf 94' lang='lat' dir='ltr'>Ut</span> <span class='ocrx_word' id='word_1_342' title='bbox 1136 2405 1250 2427; x_wconf 84' lang='lat' dir='ltr'>sensus</span> <span class='ocrx_word' id='word_1_343' title='bbox 1267 2396 1331 2427; x_wconf 85' lang='lat' dir='ltr'>sit:</span> <span class='ocrx_word' id='word_1_344' title='bbox 1359 2394 1405 2426; x_wconf 87' lang='lat' dir='ltr'>At</span> <span class='ocrx_word' id='word_1_345' title='bbox 1420 2395 1476 2435; x_wconf 89' lang='lat' dir='ltr'>qui</span> <span class='ocrx_word' id='word_1_346' title='bbox 1492 2394 1563 2425; x_wconf 29' lang='lat' dir='ltr'>Hau.</span> 
     </span>
     <span class='ocr_line' id='line_1_58' title="bbox 873 2445 1564 2488; baseline -0.007 -9"><span class='ocrx_word' id='word_1_347' title='bbox 873 2449 994 2480; x_wconf 82' lang='lat' dir='ltr'>ratium</span> <span class='ocrx_word' id='word_1_348' title='bbox 1012 2453 1190 2488; x_wconf 82' lang='lat' dir='ltr'>genuerat,</span> <span class='ocrx_word' id='word_1_349' title='bbox 1207 2447 1255 2478; x_wconf 84' lang='lat' dir='ltr'>ait</span> <span class='ocrx_word' id='word_1_350' title='bbox 1272 2447 1350 2487; x_wconf 84' lang='lat' dir='ltr'>jure</span> <span class='ocrx_word' id='word_1_351' title='bbox 1363 2445 1424 2476; x_wconf 83' lang='lat' dir='ltr'>sibi</span> <span class='ocrx_word' id='word_1_352' title='bbox 1441 2454 1564 2475; x_wconf 68' lang='lat' dir='ltr'>caesam</span> 
     </span>
     <span class='ocr_line' id='line_1_59' title="bbox 871 2493 1563 2537; baseline -0.009 -7"><span class='ocrx_word' id='word_1_353' title='bbox 871 2499 972 2530; x_wconf 86' lang='lat' dir='ltr'>filiam</span> <span class='ocrx_word' id='word_1_354' title='bbox 989 2498 1108 2537; x_wconf 85' lang='lat' dir='ltr'>videri,</span> <span class='ocrx_word' id='word_1_355' title='bbox 1123 2502 1157 2528; x_wconf 85' lang='lat' dir='ltr'>et</span> <span class='ocrx_word' id='word_1_356' title='bbox 1177 2506 1250 2528; x_wconf 87' lang='lat' dir='ltr'>sese</span> <span class='ocrx_word' id='word_1_357' title='bbox 1274 2497 1306 2528; x_wconf 91' lang='lat' dir='ltr'>in</span> <span class='ocrx_word' id='word_1_358' title='bbox 1328 2505 1400 2527; x_wconf 87' lang='lat' dir='ltr'>eam</span> <span class='ocrx_word' id='word_1_359' title='bbox 1417 2493 1563 2526; x_wconf 73' lang='lat' dir='ltr'>animad-</span> 
     </span>
     <span class='ocr_line' id='line_1_60' title="bbox 871 2544 1563 2586; baseline -0.01 -6"><span class='ocrx_word' id='word_1_360' title='bbox 871 2558 1043 2580; x_wconf 85' lang='lat' dir='ltr'>versurum</span> <span class='ocrx_word' id='word_1_361' title='bbox 1057 2547 1175 2586; x_wconf 86' lang='lat' dir='ltr'>fuisse,</span> <span class='ocrx_word' id='word_1_362' title='bbox 1186 2547 1219 2577; x_wconf 88' lang='lat' dir='ltr'>ni</span> <span class='ocrx_word' id='word_1_363' title='bbox 1237 2551 1437 2585; x_wconf 84' lang='lat' dir='ltr'>occupasset</span> <span class='ocrx_word' id='word_1_364' title='bbox 1453 2544 1563 2574; x_wconf 82' lang='lat' dir='ltr'>Hora-</span> 
     </span>
     <span class='ocr_line' id='line_1_61' title="bbox 873 2593 1564 2630; baseline -0.01 0"><span class='ocrx_word' id='word_1_365' title='bbox 873 2600 949 2630; x_wconf 87' lang='lat' dir='ltr'>tius.</span> <span class='ocrx_word' id='word_1_366' title='bbox 994 2599 1083 2629; x_wconf 88' lang='lat' dir='ltr'>Sane</span> <span class='ocrx_word' id='word_1_367' title='bbox 1107 2597 1203 2628; x_wconf 85' lang='lat' dir='ltr'>nimis</span> <span class='ocrx_word' id='word_1_368' title='bbox 1229 2596 1388 2627; x_wconf 81' lang='lat' dir='ltr'>audacter</span> <span class='ocrx_word' id='word_1_369' title='bbox 1413 2593 1564 2625; x_wconf 75' lang='lat' dir='ltr'>Doctiss.</span> 
     </span>
     <span class='ocr_line' id='line_1_62' title="bbox 872 2642 1562 2686; baseline -0.012 -6"><span class='ocrx_word' id='word_1_370' title='bbox 872 2649 1029 2680; x_wconf 84' lang='lat' dir='ltr'>Merula:</span> <span class='ocrx_word' id='word_1_371' title='bbox 1052 2647 1193 2685; x_wconf 80' lang='lat' dir='ltr'>Accedit,</span> <span class='ocrx_word' id='word_1_372' title='bbox 1218 2656 1286 2677; x_wconf 86' lang='lat' dir='ltr'>sum</span> <span class='ocrx_word' id='word_1_373' title='bbox 1307 2645 1360 2686; x_wconf 80' lang='lat' dir='ltr'>qui</span> <span class='ocrx_word' id='word_1_374' title='bbox 1386 2645 1508 2674; x_wconf 77' lang='lat' dir='ltr'>dederat</span> <span class='ocrx_word' id='word_1_375' title='bbox 1530 2642 1562 2673; x_wconf 83' lang='lat' dir='ltr'>in</span> 
     </span>
     <span class='ocr_line' id='line_1_63' title="bbox 871 2697 1222 2731; baseline -0.009 0"><span class='ocrx_word' id='word_1_376' title='bbox 871 2699 994 2731; x_wconf 76' lang='lat' dir='ltr'>luminis</span> <span class='ocrx_word' id='word_1_377' title='bbox 1009 2708 1091 2730; x_wconf 81' lang='lat' dir='ltr'>oras.</span> <span class='ocrx_word' id='word_1_378' title='bbox 1115 2697 1222 2729; x_wconf 83' lang='lat' dir='ltr'>Idem.</span> 
     </span>
    </p>
   </div>
  </div>
 </body>
</html>
