1876 3025
275 133 387 182 1232

277 245 354 276 dico
370 256 377 276 :
395 244 535 276 Liberta
549 244 654 283 salve,
670 242 794 283 vapula
809 240 975 282 Papiria.’

320 297 497 327 PAG.999.
520 295 649 327 Vascum
664 304 718 334 pro
733 293 892 333 magnum]
908 293 976 324 No-

276 345 353 377 nius
371 350 406 377 et
423 347 542 376 Festus
570 345 659 375 hunc
686 345 718 374 in
746 344 881 374 modum
900 348 978 374 sunt

278 396 493 435 corrigendi:
532 396 610 431 Quae
640 395 792 426 desiderio
821 395 978 425 etiamnum

274 448 468 487 poenitudine
492 446 635 486 Squales,
657 455 838 486 scapresque
861 445 980 476 inculta

277 499 495 533 vastitudine;
527 507 602 527 nam
619 497 702 527 illud
730 495 864 536 scabres,
890 495 978 536 quod

280 548 438 579 vitiosum
462 557 535 578 esse
559 547 691 578 Nonius
716 547 788 587 ipse
815 546 930 585 docet,
945 549 981 576 et

279 608 381 630 scores
405 608 465 638 pro
490 598 622 638 scabres,
644 597 769 628 dixisse
792 596 980 628 Pacuvium

281 655 379 679 notat
407 649 604 680 Marcellus.
637 648 719 679 Lud.
739 647 853 678 Carrio
868 647 980 687 Antiq.

281 701 353 731 lect.
368 703 528 730 comment.
542 710 611 739 cap.
628 702 660 730 2.

325 749 417 780 PAG.
434 752 529 780 1000.
558 747 780 788 Vecticutarz‘a]
801 746 982 778 Perfosso-

283 809 355 830 rum
374 800 542 839 parietum
560 799 782 831 vecticularia
799 799 871 829 vita
885 807 903 829 a
919 798 984 829 Ca-

282 855 362 881 tone
392 851 598 891 appellatur,
625 850 715 891 quod
745 853 844 880 vecte
869 848 982 879 demo·

282 901 427 931 lirentur
449 906 485 932 et
512 901 685 941 aperirent
709 901 867 941 parietes.
884 900 931 930 sic
948 905 984 930 et

283 950 407 990 μοχλὸν
436 951 549 982 Graeci
592 951 747 983 tribuunt
779 948 985 990 τοιχωρύχοις

284 1003 320 1033 in
353 1002 422 1032 suis
457 1003 603 1043 scriptis.
654 1001 787 1033 Turneb.
826 1001 880 1032 lib.
910 1009 986 1031 xxr.

284 1062 355 1093 cap.
372 1055 424 1083 11.

330 1102 424 1134 PAG.
442 1105 537 1134 1004.
566 1101 756 1142 Verticulas]
775 1101 920 1133 Videtur
937 1106 985 1132 ta-

285 1163 363 1184 men
382 1154 492 1193 potius
512 1154 659 1184 Lucilius
684 1163 724 1184 eo
753 1163 864 1192 vorsu,
886 1163 987 1194 quem

279 1205 353 1245 jam
371 1204 554 1244 proferam,
569 1205 737 1235 verticulas
753 1213 875 1234 vocare
890 1212 989 1243 spon-

287 1255 372 1285 dilos
403 1255 509 1294 spinae
536 1255 661 1295 potius,
688 1263 786 1295 quani
815 1253 990 1289 articulos,

288 1315 477 1345 quanquam
497 1311 531 1335 et
553 1305 714 1335 articulos
742 1303 885 1344 intelligi
909 1304 990 1334 nibil

289 1355 468 1394 prohibet:
495 1355 607 1385 Haeret
630 1354 789 1385 verticulis
804 1354 942 1395 adfixum
957 1354 990 1384 in

287 1405 457 1445 posteriore
473 1406 583 1444 Parte,
596 1408 689 1444 atque
705 1404 848 1435 articulis
859 1407 893 1434 ut
905 1403 991 1435 nobis

289 1457 354 1486 talu
380 1465 533 1495 genusque
560 1459 617 1486 est.
662 1454 854 1485 Verticulas
877 1459 990 1485 autem

291 1507 394 1537 credo
408 1506 476 1537 dici
493 1511 528 1537 et
546 1504 717 1546 spondilos
734 1510 768 1536 et
783 1505 958 1541 articulos,
973 1515 992 1536 a

291 1557 471 1595 vertendo,
489 1556 576 1597 quod
596 1556 641 1586 ibi
659 1565 694 1585 se
712 1560 848 1586 vertant
863 1561 897 1585 et
914 1553 993 1586 flec-

292 1612 366 1638 tant
383 1607 534 1638 membra
550 1615 756 1647 corpusque,
783 1606 878 1646 quasi
903 1616 993 1646 στρο-

292 1656 391 1697 <phy-ys
407 1658 486 1689 sint.
512 1657 630 1687 Id.lit1.
650 1665 788 1688 xxviii.
805 1667 872 1697 cap.
888 1659 921 1687 9.

336 1709 428 1739 PAG.
453 1710 547 1739 1010.
575 1706 758 1746 Victimam]
794 1707 847 1737 Aa
877 1708 996 1737 hostis:

294 1759 404 1789 scribe
441 1758 476 1789 ob
500 1758 617 1788 hostis:
642 1767 733 1797 saepe
758 1757 814 1788 illa
844 1758 933 1788 inter
959 1767 996 1788 se

293 1813 427 1839 mutant
443 1809 492 1848 ob,
513 1809 566 1846 ad,
582 1812 617 1838 et
634 1808 776 1838 similia:
801 1807 849 1838 sic
867 1809 900 1838 in
918 1809 996 1839 Fes-

295 1863 345 1898 to,
360 1859 472 1890 abiisse
491 1868 552 1900 pro
568 1858 691 1889 obiisse.
731 1857 900 1896 Gifanius,
917 1860 926 1876 ‘
939 1868 995 1890 va-

297 1909 382 1949 gor!

338 1960 432 1991 PAG.
451 1962 547 1991 1012.
574 1957 743 1997 Vindiciae]
767 1959 912 1999 Elegans
934 1959 998 1989 Lu-

296 2010 378 2046 cilii,
397 2011 458 2042 sed
481 2016 679 2050 corruptum
699 2015 823 2044 tamen,
847 2019 1000 2049 carmen,

297 2062 388 2102 quod
417 2063 465 2093 ita
501 2062 680 2100 legendum
710 2061 876 2100 suspicor,
901 2060 1000 2090 Nemo

298 2111 348 2141 hic
363 2111 516 2141 vindicias
531 2120 626 2150 neque
642 2119 730 2140 sacra
740 2113 794 2139 aut
811 2109 938 2140 numina
951 2119 999 2139 re-

298 2165 362 2191 tur.
409 2160 518 2201 Cujus
536 2161 705 2191 sententia
729 2164 799 2190 est:
825 2168 924 2189 nemo
946 2159 1000 2190 hic

293 2211 351 2251 jus
379 2211 482 2241 ullum
511 2219 586 2241 esse
614 2214 724 2250 putat,
740 2209 882 2240 autulla
904 2218 1001 2240 sacra

300 2267 359 2292 aut
390 2262 553 2292 numina:
576 2270 652 2291 nam
677 2260 843 2290 vindicias
869 2263 1000 2299 partem

301 2312 468 2353 quandam
487 2312 576 2352 juris
594 2321 654 2352 pro
673 2311 753 2351 jure
771 2309 896 2351 posuit.
921 2310 1000 2341 Tur-

299 2363 367 2394 neb.
387 2363 441 2393 lib.
453 2371 513 2395 xv.
530 2372 602 2403 cap.
620 2365 669 2393 15.

349 2411 514 2451 Vindicioe]
536 2412 576 2442 In
601 2410 765 2451 Pompeio
791 2410 999 2441 scribemus:

308 2462 464 2494 Vindicioe
479 2462 672 2502 appellantur
688 2470 737 2491 res
751 2470 805 2495 ew,
833 2461 870 2491 de
893 2460 1003 2500 quibus

303 2514 512 2545 controversia
543 2517 609 2544 est.-
643 2517 696 2544 aut
729 2513 831 2553 potius
860 2512 1003 2543 dicuntur

301 2564 448 2595 vindicioe
473 2564 555 2595 inter
576 2573 624 2594 eos
648 2564 701 2603 qni
723 2563 928 2593 contendunt.-
953 2562 1002 2593 sic

301 2614 374 2645 fere
412 2624 544 2645 sensum
582 2614 614 2645 in
652 2623 693 2645 eo
725 2613 1002 2645 constituendum

303 2664 547 2703 contenderim,
573 2673 648 2695 cnm
676 2665 755 2695 mihi
784 2664 896 2695 nescio
923 2663 1001 2705 quid

304 2716 374 2747 tale
417 2715 568 2757 proloqui
599 2715 744 2747 voluisse
771 2715 938 2750 videatur,
967 2719 1003 2746 et

737 147 879 179 NOTAE
912 145 1133 177 VARIORU
1145 145 1175 175 M

1213 145 1264 176 1N

1026 240 1206 272 sententiae
1230 242 1356 270 nostrae
1374 236 1512 269 Catonis
1533 235 1724 276 exemplum

1027 291 1187 323 convenit
1202 289 1290 331 quod
1307 289 1378 330 ipse
1395 287 1545 328 profert:
1565 287 1728 318 Praetores

1026 343 1192 372 secundum
1204 341 1347 381 populum
1357 339 1511 370 vindicias
1522 337 1628 368 dicunt
1639 348 1649 367 .-
1665 336 1726 368 sed

1029 397 1065 423 et
1089 391 1233 422 vindiciae
1257 389 1461 421 dicebantur
1482 398 1556 430 quae
1581 397 1621 418 ex
1646 397 1728 427 agro

1030 441 1260 474 afferebantur
1272 442 1304 472 in
1317 441 1387 481 jus,
1399 438 1594 470 vindicandi
1611 447 1736 476 cansa3

1030 494 1132 524 etiam
1149 492 1317 524 vindiciam
1332 490 1493 532 singulari
1518 499 1657 520 numero
1681 488 1730 519 di-

1031 544 1132 575 cebat
1147 553 1215 575 rem
1231 542 1378 582 Servius,
1397 541 1439 572 de
1453 550 1518 582 qua
1533 544 1730 571 controver-

1031 594 1081 625 sia
1109 598 1197 633 erat,
1226 593 1269 624 ab
1297 602 1338 623 eo
1363 591 1451 632 quod
1482 589 1731 621 vindicabatur.

1037 645 1213 676 Vindictam
1228 643 1332 683 ferre,
1347 647 1399 673 est
1428 641 1597 672 sententia
1613 639 1730 671 decre-

1032 700 1134 736 toque
1144 695 1300 727 obtinere
1314 703 1402 725 rem:
1419 690 1733 732 dicebatfiviudicias

1027 745 1152 786 judex,
1178 744 1326 780 ferebat,
1353 743 1411 785 qui
1438 752 1509 773 rein
1533 741 1732 773 obtinebat:

1033 796 1092 827 sed
1110 797 1137 827 si
1155 795 1335 827 vindiciam
1362 795 1418 825 ille
1443 794 1569 824 tulerat
1587 793 1641 833 qni
1665 801 1733 823 non

1034 847 1213 882 debuerat,
1239 845 1349 877 tribus
1376 844 1510 875 arbitris
1547 842 1636 873 datis
1673 841 1733 873 du-

1036 897 1148 938 plione
1179 897 1336 928 damnum
1375 894 1510 926 luebat:
1551 893 1602 923 lex
1645 893 1733 923 enim

1035 954 1108 980 erat
1125 959 1132 979 z
1165 948 1204 979 Si
1236 947 1404 978 vindiciam
1424 945 1541 983 falsam
1572 943 1660 982 tulit,
1689 943 1736 974 rei

1034 999 1099 1031 sive
1113 999 1181 1030 litis
1195 998 1329 1029 arbitros
1345 1002 1409 1029 tres
1420 997 1504 1031 dato,
1527 1004 1631 1026 eorum
1654 994 1736 1025 arhi-

1036 1051 1097 1081 trio
1120 1049 1263 1090 duplione
1276 1050 1419 1080 damnum
1435 1046 1580 1078 decidito.
1609 1045 1735 1086 signifi-

1038 1106 1115 1132 cant
1131 1105 1165 1131 et
1180 1100 1324 1130 vindicice
1336 1107 1452 1129 manus
1467 1096 1731 1138 correptionem:

1038 1151 1233 1190 carpesinos
1270 1160 1288 1180 a
1326 1149 1505 1180 Clemente
1537 1153 1689 1189 vocatur,
1718 1157 1737 1178 a

1039 1200 1191 1233 Cliarisio
1205 1199 1404 1240 καρπιστεία,
1420 1198 1507 1240 qnod
1526 1207 1643 1228 manns
1662 1198 1737 1228 bra-

1039 1251 1148 1281 chiale
1165 1256 1359 1290 caperetur,
1378 1250 1433 1290 qui
1451 1258 1573 1288 carpus
1591 1247 1738 1279 dicitnr:

1040 1300 1073 1331 id
1091 1306 1125 1331 et
1143 1300 1274 1332 Gellius
1292 1301 1419 1331 indicat
1435 1298 1605 1330 scribens:
1630 1298 1639 1314 ‘
1657 1298 1740 1328 Vin-

1041 1350 1138 1381 diriae
1157 1351 1372 1390 correptione
1390 1358 1506 1379 manus
1526 1349 1559 1379 in
1584 1358 1618 1378 re
1636 1353 1738 1389 atque

1042 1401 1115 1431 loco
1126 1400 1283 1441 praesenti
1297 1399 1385 1440 apud
1398 1403 1578 1440 praetorem
1589 1396 1741 1429 fiebantz’

1042 1460 1082 1482 ex
1104 1461 1145 1482 eo
1162 1451 1264 1481 etiam
1281 1453 1428 1481 assertor
1443 1448 1613 1489 καρπιστὴς
1629 1453 1664 1479 et
1682 1448 1741 1479 ad-

1043 1502 1147 1533 sertio
1164 1499 1343 1541 καρπιστεία
1357 1504 1509 1539 vocatur,
1526 1503 1560 1529 ut
1579 1498 1611 1529 in
1629 1498 1741 1529 lexico

1043 1553 1308 1583 Latino-Graeco
1323 1551 1451 1590 reperti
1477 1556 1566 1581 sunt.
1585 1555 1620 1580 et
1639 1550 1740 1580 vindi-

1043 1604 1099 1633 cioe
1132 1603 1287 1638 libertas,
1323 1601 1475 1633 Cliarisio
1508 1606 1661 1639 auctore,
1685 1600 1741 1640 qui

1045 1652 1219 1694 ἐλευθερίαν
1242 1653 1404 1693 explicat.
1459 1652 1545 1682 Idem
1575 1650 1629 1682 lib.
1658 1659 1741 1682 ΧΗΙ.

1044 1716 1111 1747 cap.
1127 1708 1180 1737 27.

1094 1754 1262 1794 Vindiciae]
1290 1754 1484 1785 Dicelmntm·
1513 1753 1596 1783 ittoe:
1629 1753 1742 1792 legen-

1046 1806 1124 1836 dum
1152 1805 1263 1844 gtebae,
1283 1813 1349 1834 non
1366 1804 1442 1834 iltoe.
1487 1803 1549 1833 Cui
1571 1802 1684 1842 glebas
1701 1811 1743 1832 cx

1046 1855 1150 1886 fundo
1173 1855 1205 1885 in
1225 1855 1282 1894 jus
1299 1855 1417 1884 allatas
1434 1857 1491 1883 aut
1508 1853 1591 1882 alias
1609 1861 1661 1882 res
1678 1861 1745 1882 mo-

1047 1906 1131 1937 biles
1161 1905 1334 1947 pendente
1365 1904 1584 1945 proprietatis
1612 1908 1745 1934 contro-

1049 1956 1172 1992 versia,
1189 1965 1291 1987 causa
1307 1955 1456 1995 cognita,
1475 1955 1501 1984 is
1519 1953 1748 1995 qnijurisdic·

1051 2006 1133 2037 tioni
1152 2010 1311 2046 praeerat,
1328 2005 1522 2042 addicebat,
1540 2004 1647 2034 eidem
1676 2003 1745 2033 vin-

1049 2058 1147 2088 diciae
1164 2058 1274 2088 addici
1292 2056 1507 2094 dicebantur,
1523 2060 1682 2095 qnantum
1701 2063 1742 2084 ex

1051 2109 1153 2138 Festo
1169 2112 1204 2138 et
1219 2107 1337 2138 Cincio
1363 2106 1560 2145 colligimus.
1606 2103 1745 2135 Servius

1050 2165 1162 2189 autem
1177 2157 1345 2197 Sulpicius
1366 2155 1528 2187 vocabulo
1553 2155 1655 2186 etiam
1680 2155 1746 2185 sin-

1049 2208 1154 2248 gulari
1180 2213 1232 2238 ter
1256 2206 1402 2238 formato
1418 2206 1583 2237 vindiciam
1598 2214 1670 2236 esse
1686 2204 1746 2243 ait,

1050 2268 1124 2290 cum
1141 2257 1182 2289 de
1199 2258 1308 2299 aliqua
1325 2267 1361 2288 re
1376 2256 1609 2288 controversia
1625 2256 1691 2293 est,
1705 2254 1747 2285 ab

1051 2318 1091 2339 eo
1107 2308 1194 2350 quod
1212 2308 1378 2348 vindicat,
1395 2307 1544 2347 illudque
1558 2304 1748 2346 hujusmodi

1051 2359 1267 2390 decemvirali
1285 2359 1359 2395 lege
1375 2357 1569 2388 contii-inat:
1594 2356 1630 2386 Si
1645 2355 1747 2385 vindi-

1050 2410 1129 2440 ciam
1147 2410 1266 2447 salsam
1282 2409 1354 2439 tulit
1370 2408 1416 2439 rei
1438 2408 1500 2438 sire
1522 2408 1588 2438 titis
1614 2406 1747 2437 arbitros

1051 2464 1115 2491 tres
1143 2461 1228 2498 dato,
1243 2469 1344 2490 eorum
1368 2458 1510 2489 arbitriis
1534 2458 1664 2495 finctus
1690 2458 1745 2487 du-

1048 2511 1153 2551 plione
1165 2512 1310 2541 damnum
1322 2509 1483 2540 deciditor.
1498 2508 1544 2539 sic
1561 2508 1686 2548 primus
1700 2508 1748 2537 lo-

1052 2572 1125 2594 cum
1144 2562 1242 2597 hunc,
1258 2561 1314 2602 qui
1341 2561 1477 2592 mutilus
1492 2564 1567 2590 erat
1583 2564 1619 2590 et
1640 2558 1746 2588 omni-

1053 2623 1095 2644 no
1112 2613 1329 2653 depravatus,
1353 2611 1441 2651 apud
1460 2611 1595 2641 Festum
1614 2608 1745 2639 restitui

1052 2663 1084 2693 in
1097 2662 1200 2693 verbo
1217 2662 1226 2678 ‘
1239 2660 1430 2692 vindiciae?
1455 2660 1499 2691 Et
1517 2659 1589 2699 quis
1604 2657 1745 2688 obsecro

1052 2711 1274 2752 dubitaverit,
1291 2710 1370 2752 quin
1390 2711 1465 2741 haec
1481 2708 1672 2740 emendatio
1691 2716 1745 2737 ve-
