1876 3025
314 179 377 209 DE
412 177 682 209 VERBORUM
722 175 1137 208 SIGNIFICATIONE
1172 176 1265 206 [AB.
1300 176 1428 206 xv11.
1486 165 1570 207 801

176 274 394 328 populum
414 279 582 328 rogato,
604 274 719 327 iique
736 278 822 314 tres
842 273 927 314 viri
1305 271 1570 325 quicumque

695 341 800 382 facti
823 346 852 365 ¹¹
876 343 1015 390 erunt,
1030 342 1312 380 sacramenta
1332 351 1391 380 ex
1408 341 1440 359 ¹²

950 407 1288 462 judicantoque‚
1324 406 1570 460 eodemque

167 477 267 531 jure
289 481 430 527 sunto,
450 476 516 517 uti
537 490 591 518 ex
614 477 800 529 legibus,
830 475 1067 529 plebeique
1090 474 1216 515 scitis
1239 475 1432 528 exigere,
1450 473 1570 527 judi-

172 558 287 595 care,
303 558 490 599 esseque
506 550 535 574 ¹³
561 549 747 598 oportet.
794 544 1065 584 Sacramenti
1083 547 1230 584 autem
1246 543 1422 583 nomine
1439 542 1484 582 id
1506 554 1570 582 aes

170 613 258 654 dici
281 619 480 667 coeptum
503 617 582 661 est,
614 612 731 666 quod
753 616 798 652 et
830 615 1008 665 propter
1031 611 1176 651 aerarii
1198 611 1409 664 inopiam,
1438 613 1479 651 et
1500 623 1570 650 sa-

173 695 347 723 crorum
382 682 661 735 publicorum
702 680 1020 721 multitudinem
1057 679 1397 720 consumebatur
1438 678 1485 719 id
1523 677 1569 717 in

174 751 302 791 rebus
325 750 500 791 divinis.

121 819 303 859 Sacrani
320 823 335 846 ‘¹
358 816 567 872 appellati
590 821 691 857 sunt
712 815 856 856 Reate
878 815 979 865 orti,
1008 815 1083 868 qui
1112 826 1168 855 ex
1193 813 1474 868 septimontio
1495 812 1570 854 Li-

171 899 317 939 gureS‚
358 885 627 938 Siculosque
668 887 905 937 exegerunt
928 897 938 925 ε
997 896 1099 924 nam
1141 895 1245 923 vere
1304 894 1431 922 sacro
1474 881 1568 922 nati

174 957 311 994 erant.

115 1022 313 1063 Sacratae
333 1023 482 1074 legesr
504 1025 623 1071 sunt,
645 1019 806 1074 quibus
839 1021 1043 1060 sanctum
1065 1020 1145 1067 est,
1169 1018 1243 1071 qui
1274 1017 1378 1071 quid
1413 1015 1570 1058 adver-

171 1103 249 1130 sus
264 1102 338 1131 eas
358 1089 526 1138 fecerit,
547 1100 671 1128 sacer
691 1086 826 1127 alicui
842 1086 1036 1127 Deorum
1057 1086 1172 1126 sicut
1188 1085 1367 1134 familia,
1389 1085 1569 1138 pecuni-

171 1170 300 1210 aque.
362 1157 473 1198 Sunt
495 1156 569 1209 qui
591 1167 688 1196 esse
709 1154 861 1195 dicant
883 1157 1096 1203 sacratas,
1117 1165 1227 1206 quas
1250 1153 1404 1206 plebes
1419 1152 1570 1206 jurata

179 1224 223 1264 in
241 1227 386 1265 monte
408 1236 537 1265 sacro
561 1221 753 1264 sciverit.

115 1291 310 1333 Sacratae
331 1292 450 1345 leges
472 1292 746 1339 dicebantur,
767 1288 931 1342 quibus
954 1288 1170 1329 sancitum
1191 1291 1283 1330 erat
1303 1292 1350 1329 ut
1388 1288 1566 1339 [PAUL.

171 1359 210 1399 si
232 1359 330 1413 quis
360 1359 574 1401 adversus
596 1370 672 1399 eas
708 1356 903 1406 fecisset,
927 1368 1052 1397 sacer
1074 1355 1209 1397 alicui
1232 1356 1429 1397 Deorum
1454 1359 1569 1396 esset

171 1440 269 1468 cum
292 1427 512 1475 familia,¹4
529 1426 823 1481 pecuniaque.

115 1495 320 1536 Sacrem⁵
350 1509 520 1549 porcum
553 1493 633 1534 dici
663 1492 725 1533 ait
755 1490 932 1533 Verrius
960 1491 1037 1531 ubi
1065 1491 1159 1545 jam
1191 1506 1215 1530 α
1240 1497 1373 1544 partu
1401 1491 1564 1545 [FEST.

717 1610 957 1624 eeeeeeeeeeee

157 1706 195 1733 ll
223 1703 303 1733 Vet.
320 1702 396 1733 cod.
411 1703 553 1733 cti.-12
577 1701 638 1732 Vir
651 1701 740 1731 doct.
759 1701 791 1731 in
805 1708 910 1739 marg.
930 1698 981 1729 ed.
1000 1698 1091 1728 Scal.
1109 1699 1196 1738 conj.
1220 1698 1469 1737 exigunto.-13
1489 1697 1566 1729 Vet.

113 1745 171 1776 lib.
187 1745 402 1785 judiciam-eque
426 1747 587 1775 essa—14
613 1744 807 1779 Legendum
826 1746 940 1772 monet
960 1741 1046 1771 Dae.
1070 1742 1164 1771 alicui
1181 1742 1322 1772 Deorum
1337 1740 1378 1771 sit
1391 1740 1565 1777 cztmfami-

113 1788 168 1819 liu.
213 1788 275 1819 Vir
287 1787 380 1819 doct.
397 1788 430 1818 in
447 1797 553 1828 marg.
569 1787 622 1818 ed.
638 1787 728 1818 Scai.
744 1786 833 1825 conj.
856 1786 897 1815 sit
914 1783 1095 1822 utfamilz'a.

752 1904 892 1938 NOTAE

155 2000 169 2021 ‘³
194 1995 340 2035 Sacrani]
365 1995 476 2027 Aliter
492 1995 594 2035 paulo
609 1994 746 2025 Servius
765 1992 806 2023 ad

112 2047 195 2077 illud
220 2047 317 2086 Virg.
345 2054 412 2077 vn.
438 2046 570 2078 AEneid.
594 2047 661 2077 ‘Et
686 2046 807 2076 Sacra·

112 2106 164 2128 nae
180 2096 270 2128 acies
286 2100 320 2126 et
335 2096 418 2136 picti
435 2100 531 2126 scuta
548 2095 687 2126 Labici.¹
725 2095 734 2111 ‘
749 2096 807 2126 Di-

112 2151 194 2178 cunt
220 2146 386 2187 quendam
419 2146 649 2186 Corybantem
676 2146 808 2176 venisse

111 2196 154 2227 ad
170 2197 304 2227 Italiam
323 2201 355 2227 et
373 2196 519 2227 tenuisse
535 2197 610 2227 loca
623 2206 698 2236 quae
722 2205 810 2226 nnnc

111 2247 187 2278 urbi
211 2247 322 2278 vicina
349 2252 443 2278 sunt:
470 2252 506 2278 et
533 2257 575 2278 ex
601 2256 640 2277 eo
667 2247 809 2286 populos

112 2296 277 2328 ducentes
302 2298 467 2337 originem
486 2306 641 2328 sacranos
658 2297 809 2336 appella-

113 2350 177 2377 ωε.
224 2348 311 2378 Nam
338 2348 463 2378 sacrati
489 2352 565 2378 sunt
583 2347 680 2377 matri
700 2348 808 2377 Deum

115 2396 336 2436 Corybantes.
380 2398 447 2428 Alii
465 2407 621 2428 sacrarias
637 2396 727 2427 acies
746 2396 808 2426 Ar-

113 2446 253 2477 deorum
281 2448 410 2486 volunt,
444 2449 499 2489 qui
525 2447 705 2489 aliquando
732 2456 808 2478 cum

114 2496 311 2537 pestilentia
339 2497 548 2537 laborarent,
588 2507 651 2528 nec
679 2506 808 2528 sacrum

114 2549 301 2576 voverunt:
325 2546 413 2577 unde
429 2548 561 2578 sacrani
581 2546 689 2579 dicti!
712 2547 810 2577 Idem.

157 2600 168 2615 ¹
191 2596 330 2626 Sacratae
356 2597 452 2637 leges]
477 2599 529 2628 Ex
552 2599 715 2629 Veterum
745 2600 810 2629 lec-

115 2647 208 2677 tione
224 2647 306 2677 satis
322 2651 455 2677 constat
470 2652 618 2679 sacratas
641 2649 732 2688 leges
753 2658 810 2678 eas

116 2707 190 2728 esse
205 2706 270 2728 non
288 2698 395 2727 solum
411 2697 531 2738 quibus
544 2699 710 2729 sancitum
725 2704 810 2737 erat,

118 2754 155 2779 nt
181 2748 237 2788 qui
269 2747 429 2778 adversus
459 2756 515 2777 eas
547 2746 682 2789 fecerit,
711 2748 811 2778 alicui

203 2801 318 2842 Delph.
332 2804 362 2833 et
377 2801 451 2833 Var.
466 2800 552 2833 Clas.

733 2801 843 2841 Pomp.
860 2800 947 2832 Fesl.

864 1992 1013 2022 Deorum
1041 2000 1138 2022 sacer
1164 1992 1270 2027 esset,
1294 1987 1352 2018 sed
1380 1997 1436 2019 eas
1461 1988 1563 2019 etiam

862 2052 944 2083 quas
964 2040 1058 2082 plebs
1073 2041 1190 2081 jurata
1206 2040 1239 2070 in
1257 2042 1371 2069 monte
1390 2048 1486 2069 sacro
1502 2038 1565 2069 sci-

863 2093 960 2123 verit.
1007 2091 1171 2125 Quamvis
1199 2096 1312 2120 utrum
1342 2098 1406 2119 una
1434 2093 1565 2119 tantum

863 2143 931 2183 lex,
957 2152 996 2172 an
1027 2142 1140 2181 plures
1163 2141 1195 2171 in
1213 2150 1252 2171 eo
1269 2144 1383 2171 monte
1400 2140 1478 2170 latae
1494 2139 1567 2170 fue-

864 2194 945 2233 rint,
962 2194 1126 2223 incertum
1144 2192 1197 2223 sit.
1222 2192 1321 2222 Idem.

906 2249 917 2264 ⁵
940 2243 1082 2283 Βίων-ειη]
1099 2243 1214 2274 Plaut.
1232 2242 1264 2272 in
1283 2240 1452 2271 Men'aech.
1476 2239 1565 2270 Adu-

863 2296 976 2325 lescens
992 2294 1100 2333 quihus
1123 2293 1172 2324 hic
1192 2292 1305 2332 pretiis
1328 2291 1415 2331 porci
1434 2294 1567 2321 veneunt

864 2344 985 2379 Sat-res,
1001 2343 1137 2373 sinceri?
1160 2351 1317 2373 nummum
1332 2350 1424 2371 unum
1437 2350 1473 2371 en
1486 2351 1505 2371 a
1518 2350 1566 2371 me

863 2394 1087 2434 accipe;.1ube
1115 2397 1145 2423 te
1170 2393 1252 2432 piari
1278 2393 1315 2422 cle
1343 2401 1409 2422 mea
1421 2392 1564 2430 pecunia.

864 2447 907 2476 Et
934 2445 967 2475 in
993 2444 1176 2475 Rudente:
1208 2444 1290 2474 Sunt
1316 2443 1398 2472 domi
1425 2442 1512 2480 agni,
1535 2445 1564 2471 el

861 2495 948 2536 porci
970 2504 1081 2525 sacres.
1127 2492 1338 2524 Referuntur
1362 2492 1435 2522 haec
1451 2500 1470 2521 a
1486 2491 1565 2521 Fos-

864 2553 912 2587 to,
931 2553 966 2579 et
984 2549 1048 2579 alia
1064 2547 1233 2588 quaedam.
1258 2545 1336 2577 Ant.
1349 2545 1433 2582 Aug.

907 2599 1030 2630 Sacrem
1043 2597 1184 2638 porcum]
1208 2596 1317 2626 Varro
1335 2594 1376 2624 de
1394 2595 1434 2623 R.
1449 2593 1490 2623 R.
1507 2591 1564 2622 lib.

866 2657 907 2678 11.
925 2657 998 2687 cap.
1016 2650 1046 2677 l.
1070 2652 1078 2664 ‘
1094 2648 1179 2677 Fere
1207 2645 1247 2675 ad
1273 2649 1418 2684 quatuor
1434 2650 1564 2671 menses

867 2708 887 2728 a
916 2707 1060 2728 mamma
1088 2706 1154 2727 non
1189 2695 1429 2734 disjunguntur
1463 2692 1561 2730 agni:

866 2747 955 2777 hoedi
975 2751 1056 2787 tres,
1073 2746 1167 2787 porci
1191 2745 1271 2784 duo,
1290 2753 1308 2774 e
1321 2742 1394 2784 quis
1406 2742 1562 2782 quoniam

1406 2798 1425 2825 3
1451 2796 1478 2825 E
