1876 3025
280 150 365 192 876

728 163 874 194 SEXTI
915 164 1041 194 POMP
1054 165 1117 194 Ell
1154 166 1291 196 FESTI

282 257 458 299 Sodalis
471 258 487 281 ‘¹
517 257 683 313 quidam
704 257 828 299 dictos
841 265 1009 312 putant,
1028 261 1147 313 quod
1169 274 1253 302 una
1269 260 1446 302 sederent
1476 276 1532 302 es·
1563 263 1730 316 [FEs'r.

336 331 519 380 sentque:
536 326 625 375 alii,
641 326 761 379 quod
780 339 835 366 ex
853 339 935 367 suo
954 324 1127 380 dapibus
1147 328 1249 368 vesci
1262 328 1371 368 soliti
1391 329 1490 369 sint:
1505 331 1594 380 alii,
1610 333 1729 384 quod

338 392 448 432 inter
469 406 515 433 se
535 392 701 432 invicem
728 392 964 443 suaderent,
983 395 1100 447 quod
1130 396 1236 436 utile
1267 403 1405 436 esset:
1438 396 1603 447 eosdem,
1624 399 1734 452 quod

338 459 476 500 co'e‘anc
495 461 644 500 crebro
669 472 892 512 congerrae
916 461 1068 502 vocari
1084 476 1107 502 α
1125 460 1268 503 Graeco
1283 465 1518 516 vocabulo,
1533 466 1651 519 quod
1666 471 1732 507 est

338 525 466 582 γε’ῥρα.

284 594 457 644 Sodesf
479 595 516 635 si
534 594 687 644 audes,
708 596 770 636 uti
792 595 858 644 sis,
872 610 952 649 pro
973 596 1006 636 si
1024 597 1097 647 vis,
1118 604 1156 638 et
1176 597 1284 638 illico
1305 611 1382 652 pro
1410 599 1454 639 in
1473 599 1588 640 loco.

1647 600 1732 640 Te-

338 662 507 702 rentius
524 662 567 702 in.
581 661 770 703 Andria:
791 661 873 703 Dic
894 665 1041 714 sodes,
1063 667 1160 719 quis
1179 666 1270 706 heri
1294 665 1536 719 Chrysidem
1553 665 1695 707 habuit
1711 666 1732 704 (ἐ

284 729 440 779 Sodes,
473 730 511 769 si
534 729 685 780 audes,
703 731 767 771 uti
803 731 880 779 sis,
902 745 980 784 pro
1002 733 1039 772 si
1065 733 1145 782 vis,
1167 737 1208 773 et
1230 733 1348 773 illico
1369 746 1447 785 pro
1466 734 1511 773 in
1553 733 1731 786 [PAUL.

339 797 454 837 loco.
512 796 742 838 Terentius
777 798 822 838 in
845 799 1038 840 Andria:
1071 800 1173 851 Dic,
1198 801 1345 847 sodes,
1367 801 1464 854 quis
1484 801 1575 842 heri
1597 800 1732 856 Chry-

340 864 482 905 sidem
503 863 684 905 habuit?

284 931 429 972 Solari
452 932 547 972 sine
568 933 888 985 praepositione
917 934 1086 976 dixisse
1115 936 1331 989 antiquos,
1354 938 1484 977 testis
1501 942 1568 977 est
1591 936 1734 978 Pacu-

341 999 455 1048 vius,
478 1012 576 1040 cum
598 1000 683 1039 ait:
717 999 908 1049 Solatur,
931 1003 1182 1052 auxiliatur,
1204 1003 1492 1057 hortaturque
1515 1018 1601 1046 me.

285 1064 522 1116 Solatum‚f
549 1080 686 1119 genus
727 1068 867 1108 morbi
909 1070 1101 1109 maxime
1142 1083 1167 1109 a
1205 1071 1518 1112 rusticantibus
1568 1072 1734 1125 [FEST.

342 1132 512 1183 dicitur,
536 1135 661 1189 cujus
683 1136 878 1175 meminit
899 1137 1028 1176 eliam
1048 1137 1246 1178 Afranius
1267 1137 1308 1178 in

756 1210 941 1256 arquato
964 1204 1133 1245 Mederi
1153 1205 1246 1246 cui4
1275 1221 1414 1247 nomen
1444 1205 1497 1247 ab
1527 1207 1732 1260 aurigine.

286 1269 487 1311 Solatum
523 1283 656 1322 genus
673 1271 825 1310 morbi.

1555 1274 1734 1328 [PAUL.

286 1337 457 1388 Solea,g
491 1338 562 1379 vel
585 1352 635 1379 ea
658 1338 829 1388 dicitur,
853 1351 951 1391 quae
977 1340 1072 1381 solo
1092 1340 1213 1394 pedis
1235 1341 1479 1395 subjicitur,
1510 1342 1578 1383 vel
1600 1355 1734 1394 genus

899 1454 1012 1468 eeeeee

329 1502 347 1530 4
373 1499 459 1531 Ead.
477 1500 531 1532 ed.
545 1500 643 1539 cuju&

1018 1458 1131 1470 cccccc

937 1577 1081 1609 NOTAE

285 1659 404 1689 coen‘ae,
419 1649 611 1681 σύνδειπνοι.’
632 1652 716 1684 Dae.

328 1701 342 1721 <¹
366 1701 506 1741 Socratis]
531 1702 654 1734 sodalis
669 1704 791 1743 quidam
807 1704 906 1734 dictos
923 1714 985 1735 esse

282 1756 406 1792 putant,
437 1754 515 1792 quod
544 1763 606 1784 ιιηιι
634 1756 771 1785 sederent
802 1760 981 1794 essentque:

285 1803 352 1842 alii,
370 1805 449 1844 quod
469 1814 509 1834 ea:
529 1815 583 1835 suo
600 1807 678 1836 vesci
694 1807 779 1836 soliti
797 1810 890 1836 sunt:
914 1806 982 1844 alii,

285 1856 363 1894 quod
388 1855 471 1886 inter
491 1866 523 1886 se
549 1856 678 1887 invicem
703 1859 878 1892 suaderent,
905 1860 982 1897 qnod

285 1906 363 1936 utile
386 1910 476 1938 esset.
521 1906 620 1937 Iidem
646 1909 724 1947 quod
748 1907 855 1938 co'e‘unt
880 1908 984 1938 crebro

284 1966 425 1994 congerae
450 1960 598 1987 vocantur
633 1968 652 1988 α
685 1960 796 1988 Groeco
832 1958 986 1996 vocabulo,

286 2007 364 2045 quod
380 2009 424 2036 est
439 2006 545 2046 Ὑέῤῥα.
589 2008 740 2045 conger-‹z›
759 2017 820 2047 per
838 2018 937 2037 unuin
958 2009 985 2038 R

286 2056 493 2094 scribebant,
509 2063 662 2096 utsupra
681 2057 860 2096 attigimus,
886 2057 983 2087 Luci-

287 2106 361 2145 lius,
376 2107 570 2146 ‘Tapullam
582 2108 689 2147 legem
708 2108 817 2137 rident
830 2117 984 2138 concerae

289 2155 426 2196 Opimi)
467 2158 611 2188 Conceroe
628 2167 687 2197 pro
705 2159 867 2196 Congeroe.
895 2157 984 2188 Vide

289 2207 324 2237 in
341 2206 525 2246 ‘Tapnllass
560 2209 658 2241 Quod
678 2210 837 2247 Congerra
855 2220 872 2239 a
890 2209 985 2240 Grae-

289 2267 329 2288 co
344 2257 440 2298 γε’ῤῥα
456 2259 582 2289 dictum
599 2259 642 2289 sit
659 2263 773 2289 monet
785 2260 885 2289 etiarn
900 2260 984 2289 Var-

289 2317 327 2338 ro
344 2320 351 2340 z
376 2309 452 2340 vide
468 2310 553 2341 libro
566 2319 616 2341 vr.
629 2309 670 2340 de
688 2311 806 2340 Latino
820 2320 985 2341 sermone.

287 2359 357 2390 Jos.
373 2358 455 2390 Scal.

331 2413 344 2428 ‘³
367 2409 476 2449 Socios]
500 2410 586 2440 Vide
602 2409 751 2440 ‘Sultisu'
776 2410 852 2440 Ant.
873 2411 955 2449 Aug.

332 2459 439 2499 Sodes,
461 2460 490 2490 si
515 2461 606 2491 audes
632 2461 678 2491 nti
701 2460 759 2500 sis]
800 2460 919 2491 Cicero
950 2461 983 2490 in

291 2510 438 2541 Oratore
455 2509 496 2540 ad
515 2510 655 2540 Brutum
668 2513 812 2541 sect.45.
835 2511 844 2526 ‘
861 2510 984 2541 Liben-

290 2564 344 2590 ter
374 2559 478 2590 etiam
509 2559 698 2600 copulando
732 2560 835 2590 verba
860 2561 985 2600 junge-

290 2609 383 2644 bant,
401 2614 438 2640 ut
461 2608 558 2640 sodes
584 2618 644 2648 pro
668 2609 693 2639 si
719 2610 835 2647 audes,
853 2610 895 2639 sis
925 2620 984 2649 pro

291 2660 317 2689 si
335 2659 395 2691 vis.
439 2659 515 2691 Jam
533 2660 564 2690 in
582 2669 645 2689 uno
668 2660 779 2699 capsis
798 2660 862 2690 tria
883 2661 986 2690 verba

291 2714 391 2740 sunt:
425 2710 490 2748 ain,
518 2719 579 2750 pro
607 2709 721 2739 aisne:
762 2709 899 2749 nequire
926 2719 985 2749 pro

292 2768 358 2790 nou
384 2760 496 2800 quire:
534 2759 633 2790 malle
657 2768 719 2799 pro
747 2760 851 2799 magis
878 2760 983 2791 vene:

1039 1653 1128 1684 nolle
1147 1663 1207 1694 pro
1225 1664 1289 1686 non
1307 1655 1414 1685 velle:
1440 1655 1532 1685 Dein
1552 1655 1653 1686 etiam
1676 1666 1735 1687 sa·—

1040 1714 1081 1744 pe
1106 1710 1141 1736 et
1163 1706 1253 1740 exin,
1271 1715 1331 1746 pro
1348 1705 1470 1736 deinde
1487 1710 1522 1736 et
1547 1706 1667 1736 exinde
1685 1706 1735 1736 di-

1039 1755 1166 1786 cimus:
1190 1756 1270 1786 Dae.

1079 1803 1092 1823 f
1122 1804 1277 1845 Solutum]
1314 1805 1435 1836 solutos
1467 1806 1616 1846 appellat
1648 1806 1735 1838 Plin.

1037 1855 1095 1886 lib.
1115 1864 1219 1886 xxix.
1235 1866 1309 1896 cap.
1324 1859 1356 1886 6.
1371 1856 1434 1886 lioc
1454 1857 1568 1886 morbo
1583 1856 1736 1887 laboran-

1040 1912 1104 1937 tes.
1150 1906 1180 1936 A
1201 1907 1271 1936 sole
1295 1905 1439 1936 fortasse
1457 1905 1579 1936 infesto
1597 1907 1734 1938 ductum

1040 1962 1092 1987 est
1109 1966 1241 1986 nornen.
1264 1956 1343 1986 Ant.
1358 1956 1442 1995 Aug.

1082 2006 1237 2046 Solutum]
1269 2006 1428 2036 Morbum
1447 2009 1530 2045 puto
1548 2016 1645 2046 quem
1663 2007 1736 2046 (μιῆς

1039 2065 1080 2087 ex
1098 2057 1196 2086 nimia
1209 2056 1419 2096 apricatione
1432 2057 1613 2086 contraxit.
1637 2057 1736 2087 Unde

1040 2108 1096 2148 qui
1114 2108 1176 2138 hoc
1195 2108 1310 2138 morbo
1333 2107 1499 2147 laborant,
1514 2108 1606 2138 solaci
1625 2108 1735 2138 Plinio

1040 2158 1123 2189 ‹licti
1140 2163 1217 2188 sunt
1233 2158 1290 2188 lib.
1308 2166 1414 2188 xxix.
1432 2160 1508 2197 cap'.
1522 2160 1553 2188 ὃ.
1586 2159 1671 2190 Quae
1689 2159 1735 2188 iu-

1042 2207 1092 2238 fra
1109 2218 1149 2238 ex
1174 2207 1316 2238 Afranio
1341 2207 1565 2238 laudabantur
1587 2217 1652 2238 non
1678 2218 1737 2247 po-

1040 2258 1163 2288 tuimus
1179 2259 1323 2298 assequi.
1361 2258 1501 2295 Optime
1517 2257 1577 2296 ait,
1595 2264 1736 2299 arquato

1040 2308 1168 2343 inorbo,
1185 2309 1242 2348 qui
1259 2313 1294 2338 et
1316 2308 1428 2347 regins
1445 2314 1596 2343 vocatur,
1614 2318 1735 2340 nornen

1041 2368 1114 2389 esse
1142 2359 1183 2389 ab
1211 2357 1383 2398 aurigine:
1409 2358 1518 2397 auriga
1543 2358 1645 2397 enim,
1665 2359 1735 2389 sive

1041 2410 1153 2449 potius
1170 2418 1298 2447 aurugo,
1313 2407 1448 2438 morbus
1472 2408 1585 2447 regius
1606 2409 1646 2439 ab
1664 2410 1735 2439 auri

1037 2460 1163 2499 colore,
1176 2468 1274 2499 quem
1291 2457 1366 2488 bilis
1378 2462 1448 2488 toto
1462 2467 1604 2498 corpore
1616 2457 1738 2489 diffusa

1040 2513 1277 2550 repraesentat,
1297 2512 1333 2539 ut
1355 2512 1502 2548 arqualus
1519 2518 1537 2538 a
1554 2510 1664 2539 colore
1683 2519 1735 2539 ar-

1039 2570 1097 2590 cus
1111 2559 1268 2590 coelestis.
1307 2558 1392 2589 Inde
1410 2558 1558 2589 Isidorus
1575 2559 1607 2588 in
1625 2558 1736 2590 Gloss.

1041 2610 1050 2626 ‘
1065 2608 1309 2648 Auruginosus,
1330 2608 1509 2639 arcuatus.’
1554 2608 1639 2639 Vide
1666 2610 1735 2641 No-

1041 2659 1131 2689 nium
1149 2659 1180 2688 iu
1196 2660 1204 2673 ‘
1217 2657 1401 2698 arquatns.'
1427 2659 1509 2688 Duc.

1083 2714 1097 2735 Β
1123 2708 1227 2748 Solea]
1262 2708 1291 2738 A
1314 2708 1396 2746 solo,
1414 2707 1446 2737 id
1465 2712 1528 2744 est,
1546 2708 1661 2748 planta
1677 2718 1734 2749 pe-

1042 2759 1105 2790 dis.
1139 2759 1257 2800 Neque
1271 2758 1457 2790 audiendus
1472 2758 1663 2799 Salmasius,
1677 2760 1733 2799 qui
