1876 3025
628 162 791 193 FRAGM
804 161 931 192 ENru
943 161 990 191 M.
1417 150 1529 191 1055

87 264 214 314 gatus
232 271 328 302 sum
342 260 384 300 in
398 258 624 307 AEtoliam,
642 262 874 311 propterea
889 255 1007 310 quod
1026 267 1081 294 ex
1091 252 1259 294 AEtolia
1276 253 1526 305 complures

87 334 295 371 venerant
322 327 495 369 AEtolos
516 338 670 379 pacem
701 324 837 365 velle:
870 323 925 364 de
955 336 1006 364 ea
1037 334 1081 362 re
1112 323 1305 361 oratores
1338 320 1528 360 Romam

87 396 333 449 profectos:
364 398 409 434 et
432 394 475 434 in
506 393 717 445 originum
741 391 791 432 L.
816 402 845 430 1.
898 390 1067 443 Propte
1084 393 1117 412 ¹²
1138 388 1183 429 id
1205 387 1367 428 bellum
1390 387 1530 439 coepit

87 463 255 504 Coelius
277 461 374 502 PR.
399 461 612 510 Albanus,
636 464 832 500 oratores
849 458 971 498 misit
992 457 1180 498 Romam
1200 468 1298 495 cum

85 530 196 570 alias
218 542 299 583 pro
321 528 671 576 decretoribus‚¹³
707 535 758 566 ut
778 525 1038 565 Terentius:
1071 527 1217 564 orator
1236 521 1378 571 venio,
1399 520 1530 561 facite

87 601 293 638 exorator
314 597 411 637 sim.
472 595 583 636 Item
605 598 652 635 et
674 592 915 634 Afranius‘
905 606 949 632 ln
972 590 1264 643 Emancipato
1338 618 1346 627 .
1423 618 1432 627 .
1492 589 1532 628 si

303 694 312 703 .
373 667 463 704 tum
486 662 525 703 si
547 661 665 716 quod
687 661 823 701 oritur
884 690 891 698 .
954 691 963 700 .
1025 689 1033 697 .
1098 691 1106 699 .
1166 658 1274 698 alias
1296 670 1374 710 pro
1396 656 1532 696 diser-

88 733 146 772 tis
168 735 212 772 et
234 730 496 784 eloquentib.
535 730 590 770 ab
623 742 677 770 eo
707 728 827 782 quod
860 728 1028 780 antiqui
1062 739 1199 776 orare,
1230 725 1435 766 dicebant
1453 738 1532 778 pro

88 812 239 850 agere:
269 800 325 840 ob
344 811 476 851 quam
493 811 688 846 causam,
706 797 924 836 orationes
942 807 1120 848 quoque
1141 806 1286 834 eorum
1308 797 1532 835 vocantur.

87 866 226 907 Orata
255 879 389 917 genus
419 865 556 918 piscis
591 863 834 917 appellatur
856 876 882 902 a
901 862 1050 903 colore
1081 862 1189 910 auri,
1223 861 1341 914 quod
1373 861 1531 902 rustici

87 947 205 974 orum
227 934 448 978 dicebant,
470 938 515 973 ut
536 932 768 977 auriculas,
790 931 1002 971 oriculas:
1035 931 1144 983 itaq.
1175 929 1376 982 Sergium
1399 943 1532 983 quoq.

87 1000 299 1054 quendam
323 1000 612 1053 praedivitem,
636 997 753 1052 quod
774 1002 815 1038 et
837 998 969 1038 duob.
992 997 1133 1038 anulis
1155 998 1314 1046 aureis,
1335 1002 1378 1038 et
1408 1011 1533 1050 gran-

87 1069 175 1108 dib.
195 1073 399 1117 uteretur,
422 1067 601 1108 Oratam
622 1066 776 1106 dicunt
805 1079 901 1106 esse
933 1065 1223 1118 appellatum.
1286 1065 1386 1107 Orae
1406 1072 1419 1088 Ε
1456 1081 1533 1107 ex-

87 1140 233 1176 tremae
257 1140 406 1189 partes
438 1142 660 1182 terrarum,
683 1133 727 1173 id
753 1137 834 1183 est,
857 1134 1082 1174 maritimae
1106 1133 1326 1182 dicuntur,
1350 1134 1464 1174 unde
1489 1140 1533 1176 et

89 1203 438 1245 vestimentorum
461 1207 672 1242 extremae
702 1206 865 1254 parteS‚
888 1214 988 1254 quae
1008 1201 1183 1254 quidem
1206 1204 1250 1241 et
1271 1201 1422 1254 primae
1445 1202 1533 1243 dici

87 1276 288 1324 possunt.
322 1270 530 1311 Caecilius
551 1270 594 1309 in
617 1268 842 1310 AEthrione
863 1281 969 1308 usus
997 1273 1067 1308 est
1088 1280 1166 1320 pro
1186 1267 1312 1308 initio
1334 1269 1411 1317 rei,
1435 1282 1533 1309 cum

90 1339 177 1380 ait:
203 1338 337 1378 Oram
360 1338 547 1390 reperire
567 1337 729 1377 nullam
751 1340 927 1389 quam¹4
947 1334 1199 1388 expediam,
1223 1348 1350 1387 queo.
1389 1334 1534 1384 Oreae,

86 1406 195 1446 freni
219 1405 338 1459 quod
362 1406 424 1446 ori
445 1404 701 1444 inferuntur.
730 1403 917 1444 Titinius
932 1404 975 1443 in
993 1403 1147 1443 Setina
1171 1415 1181 1441 ε
1221 1402 1277 1442 Et
1297 1403 1335 1443 si
1356 1404 1535 1453 tacebit,

89 1476 229 1513 tamen
253 1472 458 1524 gaudebit
486 1472 567 1512 sibi
590 1471 761 1524 promiti
782 1484 898 1511 oreae
918 1474 949 1499 ¹⁵
982 1475 1027 1510 et
1047 1469 1237 1510 Naevius
1257 1470 1301 1509 in
1320 1469 1506 1511 Hariolo
1525 1485 1535 1512 z

92 1540 314 1593 Deprandi
329 1544 472 1581 autem
490 1538 654 1579 Leonis
671 1538 704 1561 ¹⁶
718 1538 859 1578 obdas
874 1551 1014 1578 oreas.
1037 1536 1150 1577 Cato
1166 1537 1382 1588 originum
1397 1537 1447 1578 L.
1461 1549 1535 1579 ιιι.

91 1607 243 1660 Equos
254 1607 499 1660 respondit:
518 1619 642 1646 oreas
653 1605 758 1646 mihi
771 1605 886 1653 inde,
896 1606 973 1645 tibi
987 1617 1098 1657 cape
1112 1604 1344 1656 flagellum.
1363 1604 1536 1646 Coelius

90 1688 170 1728 pro
194 1688 243 1715 se
265 1674 383 1727 apud
406 1674 615 1727 populum
636 1686 645 1713 :
678 1672 917 1725 Equusq.¹⁷
946 1672 1048 1713 mihi
1066 1672 1149 1711 sub
1169 1671 1400 1712 feminibus
1421 1675 1537 1714 occi-

92 1755 168 1782 sus
189 1746 293 1789 erat,
316 1754 444 1782 oreas
462 1741 639 1781 detraho
661 1741 932 1793 inspectante
954 1739 1096 1780 Lucio
1119 1738 1342 1779 Stertinio.
1394 1739 1538 1781 Oreos

93 1809 223 1849 Liber
241 1814 380 1862 pater,
396 1813 438 1849 et
459 1808 640 1849 oreades
655 1807 879 1860 Nymphae
903 1807 1197 1860 appellantur,
1214 1806 1328 1859 quod
1352 1807 1395 1846 in
1415 1820 1538 1847 mon-

93 1878 210 1917 tibus
232 1877 483 1930 frequenter
505 1880 731 1929 apparent.
793 1874 1071 1915 Ordinarium
1086 1872 1099 1896 f
1125 1874 1343 1915 hominem
1363 1873 1540 1927 Oppius

94 1946 156 1986 ait
178 1944 266 1985 dici
288 1944 466 1984 solitum
488 1955 682 1983 scurram
699 1941 730 1965 ¹3
754 1942 843 1996 [33]
865 1946 943 1990 est,
965 1954 1063 1982 cum
1088 1942 1165 1990 ait,
1188 1954 1289 1981 cum
1310 1942 1541 1994 magistra-

96 2017 167 2052 tus
196 2012 301 2052 nihil
322 2011 482 2052 audent
508 2011 735 2063 imperare,
756 2023 808 2049 ne
830 2009 936 2062 quid
959 2010 1114 2050 consul
1137 2009 1309 2062 auspici
1330 2013 1540 2062 peremat.

96 2079 343 2120 Perihodos
367 2078 526 2119 dicitur
561 2081 603 2129 et
643 2079 687 2117 in
714 2078 904 2117 carmine
937 2077 1076 2130 lyrico
1113 2088 1214 2128 pars
1244 2076 1461 2128 quaedam,
1494 2081 1541 2116 et

95 2148 138 2187 in
178 2147 324 2187 soluta
363 2146 559 2186 oratione
600 2144 745 2185 verbis
782 2143 1120 2196 circumscripta
1151 2143 1386 2193 sententia,
1419 2146 1461 2183 et
1497 2143 1541 2183 in

699 2252 935 2264 ouoooaeaeme

139 2324 179 2352 12
202 2321 224 2352 f.
240 2324 411 2360 propterea.
415 2322 497 2350 —13
523 2318 546 2350 f.
563 2320 822 2359 deprecatoribus·
827 2321 908 2349 —14
924 2318 947 2349 f.
964 2328 1022 2358 qua
1039 2328 1096 2349 me.
1100 2320 1182 2347 —15
1207 2317 1230 2348 f.
1247 2317 1389 2357 permitti
1402 2328 1497 2348 oreaS.
1501 2335 1542 2341 -—

98 2368 138 2395 16
160 2364 183 2395 t.
202 2365 297 2394 Leom
311 2364 349 2394 si.
353 2365 433 2393 —17
459 2362 479 2392 f.
497 2372 570 2402 equo
586 2363 648 2402 qui.
641 2365 735 2393 .—18
759 2361 857 2395 Quod
876 2362 928 2392 hic
946 2361 1159 2391 desideratur
1174 2359 1300 2390 habes'
1294 2370 1324 2390 ιιι
1341 2360 1491 2392 Schedis.

748 2456 894 2488 NOTAE

141 2520 154 2534 θ
180 2514 269 2554 Oroe]
295 2514 364 2544 Pro
380 2522 470 2553 quam
485 2512 654 2552 expediam,
682 2512 715 2542 in
735 2520 794 2541 ora
848 2520 921 2551 quae
939 2513 1137 2550 sequuntur,
1153 2508 1186 2539 in
1210 2508 1344 2539 schedis
1364 2507 1545 2544 habentur,

99 2565 230 2604 paginae
255 2563 520 2599 emendavimus,
552 2572 610 2603 qua
631 2573 678 2593 me
702 2572 793 2601 expe·
849 2560 930 2590 item
954 2559 1157 2599 principium
1183 2557 1356 2599 sequentis
1377 2556 1544 2594 fragmen-

99 2615 194 2651 diam,
225 2619 260 2644 et
288 2623 401 2643 veram
429 2622 501 2643 eam
527 2612 794 2643 emendationem
850 2609 956 2648 ti‚est,
972 2618 1039 2640 cum
1054 2608 1112 2643 ait,
1132 2609 1220 2650 quod
1237 2612 1289 2639 est
1305 2608 1395 2638 verbi
1414 2609 1421 2623 ‘
1440 2606 1541 2636 Pere-

102 2664 344 2694 existimamus.
850 2659 967 2691 me1·e.’

147 2713 155 2733 ¹'
167 2712 383 2751 Ordinarium]
401 2711 483 2742 Post
499 2710 635 2741 verbum
648 2720 797 2750 scurram,
