1876 3025
289 111 402 154 1098
737 122 884 153 sexri
919 121 1120 152 POMPEH
1156 123 1292 154 FEsri

287 215 379 268 [76]
398 218 476 258 ubi
495 218 705 259 incubare
724 220 879 270 posset
903 217 1092 270 auspicii
1122 218 1349 271 repetendi
1380 231 1529 259 causa.
1592 218 1738 273 Roga-

287 285 351 325 tio
382 290 466 336 est,
502 299 599 327 cum
631 286 824 339 populus
849 285 1089 326 consulitur
1122 286 1176 325 de
1202 299 1291 327 uno
1311 286 1533 340 plurib.ve
1554 286 1739 328 homini-

286 352 386 402 bus,
407 352 526 406 quod
549 366 637 394 non
659 352 714 393 ad
732 353 875 393 omnis
893 352 1126 405 pertineat,
1145 358 1190 393 et
1208 353 1261 394 de
1279 367 1378 402 una,
1400 354 1624 407 plurib.ve
1646 356 1735 396 reb.

294 421 350 461 de
374 421 495 474 quib.
516 433 600 461 non
633 421 796 461 omnib.
818 423 1064 462 sanciatur:
1092 434 1191 462 nam
1213 421 1331 475 quod
1358 422 1403 462 in
1430 434 1582 461 omnes
1603 422 1740 463 homi-

288 502 379 538 nes,
418 501 543 529 resve
581 489 770 541 populus
812 489 958 538 scivit,
994 490 1066 530 lex
1105 489 1370 542 appellatur.
1401 490 1516 544 Itaq.
1579 489 1740 533 Gallus

289 557 437 597 AElius
460 556 534 605 ait,
557 556 666 596 inter
687 556 825 609 legem
858 560 899 596 et
928 557 1195 609 rogationem
1229 556 1313 598 hoc
1340 558 1544 598 interest:
1568 558 1739 610 rogatio

289 628 357 665 est
377 636 509 677 genus
531 623 658 676 legis,
682 637 783 677 quae
808 623 886 664 lex
914 637 998 665 non
1022 624 1228 665 continuo
1263 637 1316 665 ea
1347 624 1516 677 rogatio
1537 629 1628 666 est:
1662 636 1689 664 Λ
1706 630 1739 649 ¹²

289 705 376 732 non
399 695 542 745 potest
563 704 650 731 non
671 705 771 733 esse
793 692 880 741 lex,
902 692 940 732 si
963 692 1092 733 modo
1109 692 1246 746 justis
1266 692 1458 733 comitiis
1477 696 1629 745 rogata
1656 696 1740 734 est.

290 759 526 800 Romulum
561 759 739 812 quidam
771 773 798 800 a
832 759 919 800 ficu
960 758 1180 809 ruminali,
1213 759 1290 799 alii
1318 760 1437 812 quod
1468 759 1586 813 lupa-1
1618 772 1742 800 ruma

291 828 484 867 nutritus
507 830 587 877 est,
614 826 886 880 appellatum
920 841 1019 868 esse
1050 827 1323 882 ineptissime
1356 827 1584 868 dixerunt:
1613 840 1741 880 quem

291 894 500 935 credibile
521 900 590 935 est
605 907 631 936 a
648 895 803 935 virium
820 895 1131 949 magnitudine,
1146 896 1251 936 item
1273 895 1443 936 fratrem
1464 895 1573 949 ejus,
1588 895 1742 948 appel-

289 962 417 1002 latos.
480 961 671 1002 Romam
700 963 971 1016 appellatam
992 976 1088 1003 esse
1117 962 1344 1016 Cephalon
1369 962 1622 1015 Gergithius
1642 962 1742 1016 (qui

292 1029 346 1069 de
370 1028 563 1069 adventu
580 1029 737 1070 sEneae
754 1031 797 1070 in
814 1030 989 1071 Italiam
1011 1029 1180 1071 videtur
1198 1029 1540 1083 conscribsisse)
1558 1036 1585 1060 ¹³
1610 1032 1671 1071 ait
1686 1030 1741 1070 ab

290 1097 466 1137 homine
488 1098 681 1151 quodam
705 1099 865 1139 comite
887 1099 1071 1140 AEneae:
1108 1111 1209 1139 eum
1231 1098 1344 1139 enim
1363 1104 1555 1152 ocupato
1580 1103 1742 1148 monte,

292 1166 368 1219 qui
404 1178 519 1206 nunc
556 1166 759 1206 Palatius
779 1171 812 1196 ¹4
843 1166 1019 1216 dicitur,
1042 1167 1196 1207 urbem
1230 1166 1498 1215 condidisse,
1525 1171 1616 1219 atq.
1643 1178 1743 1207 eam

295 1232 501 1273 Rhomen
538 1234 808 1275 nominasse.
870 1234 1167 1287 Apollodorus
1188 1234 1232 1274 in
1255 1233 1482 1274 Euxenide
1502 1233 1575 1282 ait,
1597 1233 1744 1275 AEnea

294 1305 336 1340 et
357 1300 546 1341 Lavinia
562 1306 689 1342 natos
713 1301 941 1355 Mayllem,
958 1302 1145 1350 Mqum,
1168 1301 1505 1355 Rhomumque3
1531 1305 1664 1354 atque
1687 1302 1743 1343 ab

292 1367 469 1409 Rhomo
492 1369 591 1409 urbi
612 1373 797 1410 tractum
820 1383 990 1411 nomen.
1033 1369 1237 1411 Alcimus
1252 1370 1314 1410 ait
1331 1368 1571 1420 Tyrrhenia
1586 1369 1742 1411 AEneae

291 1439 440 1476 natum
460 1435 601 1477 filium
624 1436 866 1478 Romulum
888 1437 1043 1487 fuisse,
1065 1441 1154 1490 atq.
1176 1451 1228 1478 eo
1245 1443 1385 1478 ortam
1406 1436 1567 1478 Albam
1589 1437 1743 1478 AEneae

292 1508 482 1556 neptem,
517 1504 643 1558 cujus
677 1504 791 1545 filius
824 1504 997 1545 nomine
1031 1504 1281 1545 Rhodius¹⁵
1317 1505 1562 1546 condiderit
1594 1505 1744 1545 urbem

293 1570 501 1612 Romam.
564 1571 807 1624 Antigonus
851 1572 1025 1613 Italicae
1057 1572 1252 1613 historice
1295 1573 1480 1613 scribtor
1516 1573 1591 1622 ait,
1624 1572 1745 1614 Rho-

293 1652 408 1679 mum
427 1639 649 1693 quendam
672 1640 859 1688 nomine,
879 1639 995 1681 Jove
1025 1648 1302 1694 conceptum,
1324 1641 1473 1681 urbem
1497 1640 1744 1681 condidisse

292 1706 334 1747 in
357 1706 534 1748 Palatio
558 1706 734 1757 Romae,
761 1708 890 1761 eique
911 1707 1088 1748 dedisse
1111 1720 1279 1748 nomen.
1342 1707 1554 1749 Historiae
1583 1706 1744 1748 Cuma-

293 1787 363 1815 nae
384 1776 656 1828 compositor
676 1774 858 1816 Athenis
875 1775 1093 1829 quosdam
1108 1774 1335 1829 profectos
1355 1775 1589 1829 Sicyonem
1605 1775 1744 1816 Thes-

293 1843 533 1898 piadasq.¹⁶
565 1857 624 1884 ex
656 1845 774 1898 quib.
800 1857 929 1898 porro
950 1844 1167 1886 civitatib.
1191 1846 1249 1885 ob
1271 1846 1469 1899 inopiam
1497 1844 1746 1885 domicilio-

294 1925 403 1961 rum,
435 1912 671 1965 compluris
708 1911 932 1966 profectos
965 1912 1010 1952 in
1042 1918 1220 1953 exteras
1253 1913 1462 1965 regiones,
1495 1912 1667 1952 delatos
1699 1911 1745 1952 in

295 1979 489 2029 Italiam,
513 1993 635 2034 eosq.
656 1980 794 2021 multo
815 1993 959 2021 errore
982 1982 1233 2021 nominatos
1257 1980 1538 2033 Aborigines,
1558 1992 1745 2032 quorum

296 2046 487 2100 subjecti
505 2047 583 2100 qui
605 2047 764 2088 fuerint
787 2047 1117 2102 Caeximparum
1140 2050 1235 2098 viri,
1254 2048 1567 2100 unicarumque
1587 2047 1743 2087 virium

294 2114 480 2167 imperio
518 2119 710 2154 montem
740 2115 981 2164 Palatium,
1016 2116 1060 2156 in
1089 2129 1176 2169 quo
1210 2115 1552 2169 frequentissimi
1588 2127 1744 2155 conse—

297 2182 452 2231 derint,
489 2182 782 2235 appellavisse
823 2196 850 2224 a
883 2183 1049 2224 viribus
1089 2184 1274 2235 regentis
1316 2182 1589 2223 Valentiam:
1626 2182 1745 2236 quod

296 2249 392 2302 [77]
436 2262 593 2290 nomen
627 2249 821 2291 adventu
854 2250 1049 2292 Evandri
1083 2251 1329 2304 AEneaeque
1361 2252 1404 2291 in
1435 2250 1612 2291 Italiam
1644 2263 1744 2291 cum

297 2331 455 2370 magna
488 2316 644 2358 Graece
677 2317 946 2371 loquentium
979 2319 1111 2371 copia
1139 2319 1480 2372 interpretatum,
1509 2317 1598 2358 dici
1621 2331 1745 2371 coep-

300 2391 387 2428 tum
414 2385 630 2425 Rhomen.
693 2384 959 2439 Agathocles
992 2385 1305 2439 Cyzicenarum
1338 2399 1481 2426 rerum
1521 2386 1745 2426 conscrib-

299 2458 366 2494 tor
404 2453 483 2503 ait,
505 2453 716 2494 vaticinio
753 2454 913 2496 Heleni
940 2455 1166 2508 inpulsum
1204 2454 1401 2503 AEneam,
1435 2453 1607 2494 Italiam
1633 2454 1744 2507 peti-

901 2563 1022 2576 ’ΝΜ
1024 2563 1146 2576 θθθθθ

342 2629 381 2657 12
418 2625 440 2657 f.
459 2636 477 2656 Α
493 2626 713 2664 rogalia—13
735 2629 748 2669 (
764 2628 873 2669 ).—11
899 2629 922 2660 f.
942 2630 1117 2670 Palatinus,
1136 2629 1188 2660 vel
1214 2628 1467 2659 palantum-15
1509 2626 1534 2658 f.
1553 2626 1742 2659 liliorum.—

303 2672 342 2700 16
365 2668 389 2700 f.
408 2669 620 2710 Thespiasque.
