<?xml version="1.0" encoding="UTF-8"?>
<!DOCTYPE html PUBLIC "-//W3C//DTD XHTML 1.0 Transitional//EN"
    "http://www.w3.org/TR/xhtml1/DTD/xhtml1-transitional.dtd">
<html xmlns="http://www.w3.org/1999/xhtml" xml:lang="en" lang="en">
 <head>
  <title>
</title>
<meta http-equiv="Content-Type" content="text/html;charset=utf-8" />
  <meta name='ocr-system' content='tesseract 3.04.00' />
  <meta name='ocr-capabilities' content='ocr_page ocr_carea ocr_par ocr_line ocrx_word'/>
</head>
<body>
  <div class='ocr_page' id='page_1' title='image "./mverriiflacciqua02verruoft/mverriiflacciqua02verruoft_0633.png"; bbox 0 0 1876 3025; ppageno 0'>
   <div class='ocr_carea' id='block_1_1' title="bbox 595 160 1628 201">
    <p class='ocr_par' dir='ltr' id='par_1_1' title="bbox 595 160 1628 201">
     <span class='ocr_line' id='line_1_1' title="bbox 595 160 1628 201; baseline 0.001 -1"><span class='ocrx_word' id='word_1_1' title='bbox 595 170 643 200; x_wconf 77' lang='grc' dir='ltr'>ιΝ</span> <span class='ocrx_word' id='word_1_2' title='bbox 682 170 935 200; x_wconf 72' lang='grc' dir='ltr'>ΡοΜνΕιυΜ</span> <span class='ocrx_word' id='word_1_3' title='bbox 974 169 1187 201; x_wconf 73' lang='lat' dir='ltr'>FES‘rUM.</span> <span class='ocrx_word' id='word_1_4' title='bbox 1545 160 1628 201; x_wconf 76' lang='lat' dir='ltr'>xxi</span> 
     </span>
    </p>
   </div>
   <div class='ocr_carea' id='block_1_2' title="bbox 175 269 1424 397">
    <p class='ocr_par' dir='ltr' id='par_1_2' title="bbox 175 269 1424 397">
     <span class='ocr_line' id='line_1_2' title="bbox 176 269 1424 312; baseline -0.002 -11"><span class='ocrx_word' id='word_1_5' title='bbox 176 271 273 312; x_wconf 78' lang='lat' dir='ltr'>Virgo</span> <span class='ocrx_word' id='word_1_6' title='bbox 287 270 467 301; x_wconf 81' lang='lat' dir='ltr'>sacrificans</span> <span class='ocrx_word' id='word_1_7' title='bbox 481 273 534 301; x_wconf 87' lang='grc'>91.</span> <span class='ocrx_word' id='word_1_8' title='bbox 552 273 569 300; x_wconf 78' lang='lat'><strong>3</strong></span> <span class='ocrx_word' id='word_1_9' title='bbox 927 270 1123 301; x_wconf 78' lang='lat' dir='ltr'>Volturnalis</span> <span class='ocrx_word' id='word_1_10' title='bbox 1137 269 1280 301; x_wconf 77' lang='lat' dir='ltr'>sacerdos</span> <span class='ocrx_word' id='word_1_11' title='bbox 1298 271 1392 300; x_wconf 81' lang='lat'>1017.</span> <span class='ocrx_word' id='word_1_12' title='bbox 1407 272 1424 299; x_wconf 84' lang='lat'>5</span> 
     </span>
     <span class='ocr_line' id='line_1_3' title="bbox 175 313 1354 345; baseline -0.002 0"><span class='ocrx_word' id='word_1_13' title='bbox 175 314 245 345; x_wconf 81' lang='lat' dir='ltr'>Viri</span> <span class='ocrx_word' id='word_1_14' title='bbox 267 314 300 344; x_wconf 84' lang='lat' dir='ltr'>in</span> <span class='ocrx_word' id='word_1_15' title='bbox 315 313 427 344; x_wconf 86' lang='lat' dir='ltr'>essedo</span> <span class='ocrx_word' id='word_1_16' title='bbox 444 313 592 344; x_wconf 82' lang='lat' dir='ltr'>sedentes</span> <span class='ocrx_word' id='word_1_17' title='bbox 607 324 677 343; x_wconf 83' lang='lat' dir='ltr'>cum</span> <span class='ocrx_word' id='word_1_18' title='bbox 693 314 843 344; x_wconf 84' lang='lat' dir='ltr'>uxoribus</span> <span class='ocrx_word' id='word_1_19' title='bbox 858 324 876 345; x_wconf 82' lang='lat' dir='ltr'>a</span> <span class='ocrx_word' id='word_1_20' title='bbox 928 314 1101 344; x_wconf 80' lang='lat' dir='ltr'>Volturnus</span> <span class='ocrx_word' id='word_1_21' title='bbox 1116 313 1206 344; x_wconf 87' lang='lat' dir='ltr'>Deus</span> <span class='ocrx_word' id='word_1_22' title='bbox 1224 316 1320 344; x_wconf 86' lang='grc'><strong>1017.</strong></span> <span class='ocrx_word' id='word_1_23' title='bbox 1335 316 1354 343; x_wconf 79' lang='grc'>4</span> 
     </span>
     <span class='ocr_line' id='line_1_4' title="bbox 216 356 1352 397; baseline 0 -11"><span class='ocrx_word' id='word_1_24' title='bbox 216 356 451 397; x_wconf 71' lang='lat' dir='ltr'>magistratibus</span> <span class='ocrx_word' id='word_1_25' title='bbox 471 356 664 388; x_wconf 76' lang='lat' dir='ltr'>descendere</span> <span class='ocrx_word' id='word_1_26' title='bbox 692 366 754 388; x_wconf 88' lang='lat' dir='ltr'>non</span> <span class='ocrx_word' id='word_1_27' title='bbox 782 367 876 397; x_wconf 82' lang='lat' dir='ltr'>coge·</span> <span class='ocrx_word' id='word_1_28' title='bbox 928 357 1013 387; x_wconf 83' lang='lat' dir='ltr'>Vota</span> <span class='ocrx_word' id='word_1_29' title='bbox 1026 361 1208 397; x_wconf 83' lang='lat' dir='ltr'>nuncupata</span> <span class='ocrx_word' id='word_1_30' title='bbox 1221 359 1296 387; x_wconf 86' lang='lat'><strong>500.</strong></span> <span class='ocrx_word' id='word_1_31' title='bbox 1315 358 1352 386; x_wconf 89' lang='grc'>17</span> 
     </span>
    </p>
   </div>
   <div class='ocr_carea' id='block_1_3' title="bbox 180 400 1318 474">
    <p class='ocr_par' dir='ltr' id='par_1_3' title="bbox 180 400 1318 474">
     <span class='ocr_line' id='line_1_5' title="bbox 218 400 1313 443; baseline -0.001 -13"><span class='ocrx_word' id='word_1_32' title='bbox 218 401 332 431; x_wconf 77' lang='lat' dir='ltr'>bantur</span> <span class='ocrx_word' id='word_1_33' title='bbox 347 402 420 431; x_wconf 80' lang='lat'>401.</span> <span class='ocrx_word' id='word_1_34' title='bbox 435 403 455 431; x_wconf 88' lang='grc'>6</span> <span class='ocrx_word' id='word_1_35' title='bbox 624 438 633 443; x_wconf 26' lang='lat' dir='ltr'>x</span> <span class='ocrx_word' id='word_1_36' title='bbox 929 400 1065 440; x_wconf 84' lang='lat' dir='ltr'>Uragus‚</span> <span class='ocrx_word' id='word_1_37' title='bbox 1081 410 1171 430; x_wconf 83' lang='lat' dir='ltr'>orcus</span> <span class='ocrx_word' id='word_1_38' title='bbox 1186 402 1258 430; x_wconf 82' lang='lat'>537.</span> <span class='ocrx_word' id='word_1_39' title='bbox 1277 402 1313 429; x_wconf 88' lang='lat' dir='ltr'>ll</span> 
     </span>
     <span class='ocr_line' id='line_1_6' title="bbox 180 443 1318 474; baseline -0.002 0"><span class='ocrx_word' id='word_1_40' title='bbox 180 443 253 474; x_wconf 81' lang='lat' dir='ltr'>Vita</span> <span class='ocrx_word' id='word_1_41' title='bbox 268 443 471 474; x_wconf 79' lang='lat' dir='ltr'>venticularia</span> <span class='ocrx_word' id='word_1_42' title='bbox 486 446 581 474; x_wconf 88' lang='grc'><strong>1000.</strong></span> <span class='ocrx_word' id='word_1_43' title='bbox 597 445 617 473; x_wconf 86' lang='grc'>7</span> <span class='ocrx_word' id='word_1_44' title='bbox 930 443 1048 473; x_wconf 85' lang='lat' dir='ltr'>Urvum</span> <span class='ocrx_word' id='word_1_45' title='bbox 1062 444 1155 473; x_wconf 82' lang='lat' dir='ltr'>aratri</span> <span class='ocrx_word' id='word_1_46' title='bbox 1171 445 1265 474; x_wconf 83' lang='grc'><strong>1017.</strong></span> <span class='ocrx_word' id='word_1_47' title='bbox 1281 445 1318 473; x_wconf 92' lang='grc'>11</span> 
     </span>
    </p>
   </div>
   <div class='ocr_carea' id='block_1_4' title="bbox 177 486 1580 786">
    <p class='ocr_par' dir='ltr' id='par_1_4' title="bbox 177 486 1180 517">
     <span class='ocr_line' id='line_1_7' title="bbox 177 486 1180 517; baseline 0 0"><span class='ocrx_word' id='word_1_48' title='bbox 177 486 344 517; x_wconf 78' lang='lat' dir='ltr'>Viviradix</span> <span class='ocrx_word' id='word_1_49' title='bbox 359 486 449 516; x_wconf 85' lang='lat' dir='ltr'>arbor</span> <span class='ocrx_word' id='word_1_50' title='bbox 463 488 537 517; x_wconf 86' lang='grc'><strong>881.</strong></span> <span class='ocrx_word' id='word_1_51' title='bbox 554 489 573 516; x_wconf 83' lang='grc'>8</span> <span class='ocrx_word' id='word_1_52' title='bbox 931 487 1058 517; x_wconf 80' lang='lat' dir='ltr'>Ustrina</span> <span class='ocrx_word' id='word_1_53' title='bbox 1074 490 1147 517; x_wconf 74' lang='lat'>123.</span> <span class='ocrx_word' id='word_1_54' title='bbox 1162 489 1180 517; x_wconf 87' lang='grc'>7</span> 
     </span>
    </p>

    <p class='ocr_par' dir='ltr' id='par_1_5' title="bbox 179 529 1203 571">
     <span class='ocr_line' id='line_1_8' title="bbox 179 529 1203 571; baseline -0.001 -11"><span class='ocrx_word' id='word_1_55' title='bbox 179 530 306 561; x_wconf 85' lang='lat' dir='ltr'>Umbrae</span> <span class='ocrx_word' id='word_1_56' title='bbox 323 540 379 571; x_wconf 83' lang='lat' dir='ltr'>pro</span> <span class='ocrx_word' id='word_1_57' title='bbox 394 530 607 560; x_wconf 83' lang='lat' dir='ltr'>tabernaculis</span> <span class='ocrx_word' id='word_1_58' title='bbox 622 531 717 560; x_wconf 82' lang='lat'>1015.</span> <span class='ocrx_word' id='word_1_59' title='bbox 736 532 753 560; x_wconf 91' lang='grc'>5</span> <span class='ocrx_word' id='word_1_60' title='bbox 931 529 1097 560; x_wconf 80' lang='lat' dir='ltr'>vulturius</span> <span class='ocrx_word' id='word_1_61' title='bbox 1112 533 1166 560; x_wconf 86' lang='lat'>61.</span> <span class='ocrx_word' id='word_1_62' title='bbox 1183 532 1203 560; x_wconf 92' lang='grc'>9</span> 
     </span>
    </p>

    <p class='ocr_par' dir='ltr' id='par_1_6' title="bbox 178 570 1580 700">
     <span class='ocr_line' id='line_1_9' title="bbox 178 570 1580 613; baseline -0.001 -10"><span class='ocrx_word' id='word_1_63' title='bbox 178 573 344 604; x_wconf 79' lang='lat' dir='ltr'>Vocabula</span> <span class='ocrx_word' id='word_1_64' title='bbox 365 573 471 603; x_wconf 79' lang='lat' dir='ltr'>omnia</span> <span class='ocrx_word' id='word_1_65' title='bbox 494 583 512 602; x_wconf 84' lang='lat' dir='ltr'>x</span> <span class='ocrx_word' id='word_1_66' title='bbox 534 572 628 602; x_wconf 82' lang='lat' dir='ltr'>litera</span> <span class='ocrx_word' id='word_1_67' title='bbox 653 572 741 601; x_wconf 83' lang='lat' dir='ltr'>finita</span> <span class='ocrx_word' id='word_1_68' title='bbox 756 581 812 612; x_wconf 89' lang='lat' dir='ltr'>per</span> <span class='ocrx_word' id='word_1_69' title='bbox 825 570 880 602; x_wconf 82' lang='lat' dir='ltr'>de·</span> <span class='ocrx_word' id='word_1_70' title='bbox 932 574 1135 609; x_wconf 82' lang='lat' dir='ltr'>Vulturnum,</span> <span class='ocrx_word' id='word_1_71' title='bbox 1152 572 1254 613; x_wconf 80' lang='lat' dir='ltr'>qualis</span> <span class='ocrx_word' id='word_1_72' title='bbox 1270 571 1457 612; x_wconf 58' lang='lat' dir='ltr'>praefectura</span> <span class='ocrx_word' id='word_1_73' title='bbox 1472 573 1546 602; x_wconf 62' lang='lat'>624.</span> <span class='ocrx_word' id='word_1_74' title='bbox 1560 574 1580 601; x_wconf 80' lang='lat'>9</span> 
     </span>
     <span class='ocr_line' id='line_1_10' title="bbox 222 615 881 657; baseline -0.002 -10"><span class='ocrx_word' id='word_1_75' title='bbox 222 616 409 647; x_wconf 80' lang='lat' dir='ltr'>clinationes</span> <span class='ocrx_word' id='word_1_76' title='bbox 431 615 629 657; x_wconf 75' lang='lat' dir='ltr'>obliquorum</span> <span class='ocrx_word' id='word_1_77' title='bbox 656 615 806 656; x_wconf 82' lang='lat' dir='ltr'>syllabam</span> <span class='ocrx_word' id='word_1_78' title='bbox 829 625 881 646; x_wconf 84' lang='lat' dir='ltr'>ac-</span> 
     </span>
     <span class='ocr_line' id='line_1_11' title="bbox 221 659 465 700; baseline 0 -10"><span class='ocrx_word' id='word_1_79' title='bbox 221 659 343 700; x_wconf 81' lang='lat' dir='ltr'>cipiunt</span> <span class='ocrx_word' id='word_1_80' title='bbox 356 662 431 690; x_wconf 79' lang='lat'>933.</span> <span class='ocrx_word' id='word_1_81' title='bbox 447 662 465 690; x_wconf 81' lang='lat' dir='ltr'>S</span> 
     </span>
    </p>

    <p class='ocr_par' dir='ltr' id='par_1_7' title="bbox 180 700 1302 734">
     <span class='ocr_line' id='line_1_12' title="bbox 180 700 1302 734; baseline -0.001 -1"><span class='ocrx_word' id='word_1_82' title='bbox 180 703 342 734; x_wconf 76' lang='lat' dir='ltr'>Volatices</span> <span class='ocrx_word' id='word_1_83' title='bbox 355 703 501 733; x_wconf 83' lang='lat' dir='ltr'>mulieres</span> <span class='ocrx_word' id='word_1_84' title='bbox 516 703 591 733; x_wconf 83' lang='lat'><strong>906.</strong></span> <span class='ocrx_word' id='word_1_85' title='bbox 606 705 622 732; x_wconf 91' lang='grc'>1</span> <span class='ocrx_word' id='word_1_86' title='bbox 1270 700 1302 732; x_wconf 93' lang='grc' dir='ltr'>Ζ.</span> 
     </span>
    </p>

    <p class='ocr_par' dir='ltr' id='par_1_8' title="bbox 181 745 744 786">
     <span class='ocr_line' id='line_1_13' title="bbox 181 745 744 786; baseline -0.002 -9"><span class='ocrx_word' id='word_1_87' title='bbox 181 747 335 778; x_wconf 82' lang='lat' dir='ltr'>Volcanal</span> <span class='ocrx_word' id='word_1_88' title='bbox 352 757 444 786; x_wconf 80' lang='lat' dir='ltr'>supra</span> <span class='ocrx_word' id='word_1_89' title='bbox 459 745 621 776; x_wconf 87' lang='lat' dir='ltr'>comitium</span> <span class='ocrx_word' id='word_1_90' title='bbox 638 747 711 776; x_wconf 78' lang='lat'><strong>897.</strong></span> <span class='ocrx_word' id='word_1_91' title='bbox 726 747 744 776; x_wconf 85' lang='lat'><strong>3</strong></span> 
     </span>
    </p>
   </div>
   <div class='ocr_carea' id='block_1_5' title="bbox 182 788 1506 875">
    <p class='ocr_par' dir='ltr' id='par_1_9' title="bbox 182 788 1506 875">
     <span class='ocr_line' id='line_1_14' title="bbox 182 788 1506 831; baseline -0.003 -10"><span class='ocrx_word' id='word_1_92' title='bbox 182 790 307 821; x_wconf 81' lang='lat' dir='ltr'>Volites</span> <span class='ocrx_word' id='word_1_93' title='bbox 321 793 374 821; x_wconf 76' lang='lat'>48.</span> <span class='ocrx_word' id='word_1_94' title='bbox 391 793 411 821; x_wconf 81' lang='lat'>2</span> <span class='ocrx_word' id='word_1_95' title='bbox 934 789 1041 820; x_wconf 79' lang='lat' dir='ltr'>Zeusis</span> <span class='ocrx_word' id='word_1_96' title='bbox 1057 789 1155 831; x_wconf 75' lang='lat' dir='ltr'>pictor</span> <span class='ocrx_word' id='word_1_97' title='bbox 1169 788 1231 820; x_wconf 72' lang='lat' dir='ltr'>risu</span> <span class='ocrx_word' id='word_1_98' title='bbox 1250 793 1382 819; x_wconf 75' lang='lat' dir='ltr'>mortuus</span> <span class='ocrx_word' id='word_1_99' title='bbox 1397 790 1471 820; x_wconf 80' lang='lat'><strong>593.</strong></span> <span class='ocrx_word' id='word_1_100' title='bbox 1487 789 1506 817; x_wconf 90' lang='grc'>7</span> 
     </span>
     <span class='ocr_line' id='line_1_15' title="bbox 183 830 885 875; baseline -0.004 -11"><span class='ocrx_word' id='word_1_101' title='bbox 183 833 335 864; x_wconf 83' lang='lat' dir='ltr'>Volsiuus</span> <span class='ocrx_word' id='word_1_102' title='bbox 349 844 403 864; x_wconf 82' lang='lat' dir='ltr'>rex</span> <span class='ocrx_word' id='word_1_103' title='bbox 419 832 567 875; x_wconf 76' lang='lat' dir='ltr'>Illyricos</span> <span class='ocrx_word' id='word_1_104' title='bbox 593 832 625 862; x_wconf 81' lang='lat' dir='ltr'>in</span> <span class='ocrx_word' id='word_1_105' title='bbox 650 830 776 862; x_wconf 72' lang='lat' dir='ltr'>Italiam</span> <span class='ocrx_word' id='word_1_106' title='bbox 793 830 885 861; x_wconf 77' lang='lat' dir='ltr'>duxit</span> 
     </span>
    </p>
   </div>
   <div class='ocr_carea' id='block_1_6' title="bbox 225 880 353 909">
    <p class='ocr_par' dir='ltr' id='par_1_10' title="bbox 225 880 353 909">
     <span class='ocr_line' id='line_1_16' title="bbox 225 880 353 909; baseline 0 -1"><span class='ocrx_word' id='word_1_107' title='bbox 225 880 353 909; x_wconf 77' lang='lat'><strong>571.17</strong></span> 
     </span>
    </p>
   </div>
  </div>
 </body>
</html>
