1876 3025
1485 139 1511 155 Ρ(

297 156 359 185 DE
394 151 663 184 VERBORUM
698 149 1110 182 SIGNIF'ICATIONE
1146 149 1241 178 [ΑΒ.
1272 149 1377 179 XVI.
1490 138 1570 179 179

184 250 281 293 bani
298 249 424 306 Regis
436 248 579 305 filiam
598 247 787 303 gemellos
808 247 944 298 edisse,
965 260 1076 302 quos,
1108 245 1150 285 z'n.
1171 246 1261 286 ima
1287 243 1444 285 Tiberis
1477 244 1570 298 ripa

181 335 207 361 α
231 317 441 369 Faustulo,
462 317 571 373 regio
604 317 800 366 ministro,
831 315 1079 370 expositos¹7
1097 314 1228 368 juxta
1234 312 1367 367 ficum
1389 310 1571 365 appella-

182 395 265 428 tam
276 394 418 442 postea
448 402 473 427 a
496 384 682 427 Romulo
705 383 981 433 Ruminalem,
1002 382 1056 423 sic
1077 383 1262 437 jacentes
1284 379 1449 434 Lupum
1481 380 1571 420 lac-

181 463 297 505 tasse,
328 462 366 495 et
399 454 539 509 picum
579 451 789 493 Martium
824 450 998 491 nutrisse
1012 448 1035 489 :i
1063 457 1156 504 post
1189 455 1377 504 repertos
1419 447 1571 487 Accam

181 522 467 572 Laurentium,
492 520 682 562 Faustuli
719 534 895 570 uxorem,
931 519 1139 560 educasse:
1195 517 1383 572 plerique
1421 522 1571 564 tamen,

182 591 332 632 conscio
354 598 390 632 et
410 590 603 632 alimenta
628 589 834 644 prabente
857 586 1098 637 Numitore,
1122 586 1296 627 nutritos
1327 584 1444 624 aiunt
1464 582 1574 638 quod

182 659 265 700 Ilia
295 674 342 700 ex
364 658 507 699 Marte
537 673 574 699 se
595 658 805 712 peperisse
826 672 887 698 eos
909 654 1180 706 asseverabat,
1201 670 1248 695 ac
1267 660 1413 694 secreto
1431 651 1571 701 literis,

180 728 287 768 omni
315 728 495 782 denique
523 726 686 767 liberali
713 725 928 780 disciplina
952 723 1100 765 Gabiis
1128 721 1361 765 institutosk
1393 725 1481 774 atq.
1504 734 1572 760 ex-

180 795 307 837 cultos
315 794 465 851 fuisse,
487 801 608 850 atque
625 794 685 834 ita
713 794 755 834 in
779 793 935 834 musicis
947 792 1138 847 primam
1150 791 1377 846 pueritiam
1399 787 1571 830 tradux—

179 865 267 915 isse,
301 878 388 904 cum
424 863 530 903 inter
560 861 732 918 aequales
755 874 908 902 omnes
922 866 1169 914 prastarent
1190 857 1366 913 corporis
1390 855 1572 912 proceri-

181 939 278 983 tate,
297 939 335 973 et
342 931 505 987 forma,
526 933 781 981 nominatos,
804 929 979 969 alterum
1001 926 1238 978 Romulum,
1262 925 1437 967 Remum
1470 923 1572 964 alte-

180 1015 300 1041 rum:
341 1015 404 1041 eos
439 1000 510 1041 ubi
538 1014 585 1040 ex
614 1012 872 1053 compressu
896 996 985 1038 llice
1020 1004 1134 1038 natos
1171 1011 1209 1037 se
1242 993 1512 1051 cognoverint,
1533 999 1572 1033 et

180 1070 287 1124 quod
306 1069 527 1123 expositos
555 1068 598 1108 in
620 1068 712 1121 ripa
740 1065 894 1106 Tiberis
924 1064 1022 1120 lupa
1057 1064 1283 1110 lactaverit,
1301 1062 1481 1117 praebens
1503 1075 1572 1101 ru-

179 1150 311 1188 mam,
328 1144 458 1178 monte
474 1136 602 1178 vicino
619 1134 868 1184 descendens,
882 1142 920 1175 et
934 1134 1043 1189 quod
1054 1133 1204 1188 reperti
1216 1147 1240 1173 a
1259 1130 1456 1172 Faustulo
1471 1135 1574 1171 sunt

180 1205 371 1255 educati,
410 1196 644 1261 Romusque
683 1211 720 1244 et
763 1202 916 1244 Remus
947 1217 972 1242 a
997 1200 1137 1243 Ruma
1169 1201 1375 1242 nominati
1404 1197 1573 1253 potissi-

180 1288 301 1322 mum,
334 1279 532 1327 praeterea
565 1287 644 1328 quo
672 1277 797 1326 patre
828 1276 975 1313 essent
1012 1270 1249 1325 procreati,
1286 1266 1572 1315 intellexerint,

183 1339 394 1382 Numitori
425 1355 499 1382 avo
525 1341 706 1395 primum
745 1340 990 1381 restituisse
1014 1352 1198 1393 regnum,
1219 1336 1360 1379 deinde
1394 1335 1441 1377 de
1473 1333 1572 1375 urbe

726 1472 967 1486 ““““““““““

168 1565 204 1594 17
230 1563 312 1595 Ead.
328 1562 382 1594 ed.
398 1564 568 1604 expeditos.

781 1690 812 1721 N
819 1688 919 1720 OTAE

123 1783 314 1816 compressu
346 1775 431 1816 Iliae,
470 1775 642 1816 expositos
673 1773 820 1806 infantes

125 1828 267 1858 Remum
295 1832 329 1858 et
344 1827 522 1859 Romulum
539 1839 547 1866 ;
576 1827 665 1868 quod
684 1838 701 1858 a
717 1828 820 1858 Faus-

122 1879 192 1910 tulo
210 1883 288 1909 suut
310 1878 443 1909 educati
460 1889 468 1916 ;
500 1878 588 1919 quod
606 1888 625 1908 a
643 1888 738 1908 ruma
754 1878 821 1909 sint

123 1929 304 1968 nominati3
330 1928 419 1970 quod
446 1938 488 1959 ex
514 1929 675 1960 Faustulo
695 1939 818 1969 coguo-

120 1985 255 2019 verunt,
281 1990 347 2021 quo
375 1985 472 2021 patre
496 1986 609 2011 essent
629 1980 819 2020 p1·oci·eati;

121 2031 312 2063 restituisse
345 2040 485 2071 regnum
516 2040 579 2061 avo
617 2032 817 2070 Numitori;

122 2091 182 2122 per
212 2081 352 2122 auguria
375 2081 569 2112 decrevisse
596 2085 672 2112 uter
697 2091 818 2112 nomen

122 2132 198 2163 urbi
224 2133 437 2173 imponeret:
468 2139 622 2163 extrema
647 2132 749 2163 verba
776 2142 818 2163 ex

122 2185 281 2225 Epitoma
297 2185 395 2225 plane
411 2184 536 2214 sarcire
552 2190 659 2224 potes.
706 2183 746 2214 Iu
760 2193 818 2214 no-

121 2244 164 2265 na
192 2235 283 2266 linea
307 2234 498 2265 Numitoris
525 2244 646 2265 nomen
669 2235 820 2275 agnosci-

121 2295 206 2317 mus,
239 2285 392 2326 Reliqua,
409 2285 473 2315 nisi
494 2284 550 2325 qui
567 2285 703 2324 egregie
721 2293 755 2314 se
771 2285 817 2315 iu-

123 2336 230 2367 sanire
246 2337 408 2377 postulet,
423 2336 506 2366 alius
531 2336 695 2367 resarciet
711 2344 819 2369 nemo,

123 2392 218 2417 certo
235 2387 316 2417 scio.
341 2387 409 2417 Jos.
427 2386 510 2417 Scul.

167 2437 286 2468 Romae.
296 2436 437 2477 Diocles]
452 2437 591 2468 Certum
605 2436 730 2467 estista
741 2446 820 2467 con-

124 2487 249 2518 tinuari
265 2496 338 2517 cum
356 2487 605 2526 superioribus:
632 2488 821 2527 appellanda>

120 2538 313 2579 potissimum
331 2537 448 2569 Romae.
494 2538 619 2568 Diocles
638 2538 820 2578 Peparetlzi-

124 2599 169 2620 us.
195 2589 279 2619 Dae.

167 2644 182 2666 ε
205 2638 328 2670 Diocles
356 2637 573 2678 Peparethius]
600 2638 656 2669 Sic
673 2637 784 2669 dictus
803 2648 821 2668 a

123 2687 319 2729 Peparetho
343 2687 448 2718 insula
470 2688 570 2718 maris
587 2689 691 2728 AEgei.
738 2689 820 2729 Ejus

125 2739 276 2771 meminit
302 2737 473 2770 Plutarch.
496 2737 528 2769 in
553 2738 705 2773 Romulo,
723 2748 821 2780 quem

876 1775 966 1815 vide,
984 1784 1059 1806 nam
1083 1777 1189 1805 totam
1207 1773 1291 1804 lianc
1308 1771 1480 1803 historiam
1498 1769 1573 1802 fuse

876 1832 1004 1857 narrat.
1031 1826 1129 1857 Idem.

918 1876 931 1896 ¹¹
948 1876 1093 1916 Italiam]
1113 1875 1246 1907 Italiam
1260 1884 1345 1906 nove
1363 1873 1458 1913 dicit,
1473 1882 1572 1914 quam

876 1926 930 1957 alii
960 1927 1085 1957 Rheam
1113 1926 1276 1966 Sylviam.
1332 1924 1401 1955 Sed
1429 1922 1573 1955 Schedae

875 1982 994 2018 aperte
1012 1977 1116 2017 Iliam,
1134 1986 1224 2008 vere.
1248 1976 1347 2007 Idem.

917 2027 924 2047 ί
948 2029 992 2058 Et
1004 2028 1109 2068 picum
1125 2027 1282 2058 Martium
1297 2026 1449 2066 nutrisse]
1483 2024 1574 2056 Auc-

875 2083 928 2110 tor
941 2078 986 2109 de
1003 2079 1134 2118 origine
1153 2077 1245 2108 urbis
1269 2078 1447 2108 Romanae:
1478 2080 1486 2093 ‘
1503 2075 1573 2106 Ad-

875 2131 960 2161 dunt
977 2129 1127 2170 quidam,
1153 2129 1314 2159 Faustulo
1345 2128 1574 2168 inspectante,

875 2181 989 2221 picum
1005 2189 1138 2221 quoque
1153 2179 1341 2218 advolasse,
1353 2184 1388 2209 et
1401 2187 1457 2208 ore
1474 2178 1574 2218 pleno

875 2231 985 2263 cibum
1004 2232 1116 2272 pueris
1135 2231 1336 2271 ingessisse:
1360 2229 1438 2260 inde
1456 2228 1574 2259 videli-

875 2287 930 2313 cet
957 2282 1071 2322 lupum
1094 2281 1277 2321 picumque
1302 2279 1426 2310 Martis
1456 2278 1574 2309 tutelae

876 2332 972 2364 esse.'
995 2333 1094 2363 Idem.

917 2382 932 2403 ¹<
957 2384 1051 2414 Omni
1087 2382 1216 2422 denique
1254 2381 1374 2412 liberali
1411 2380 1575 2420 disciplina

879 2434 991 2465 Gabiis
1004 2434 1181 2474 institutos]
1197 2431 1291 2463 Idem
1304 2437 1421 2462 auctor
1434 2430 1476 2461 de
1487 2431 1572 2470 orig.

875 2485 949 2516 urb.
976 2485 1074 2516 Rom.
1099 2486 1107 2500 ‘
1119 2485 1203 2515 Cum
1220 2493 1299 2514 vero
1317 2482 1412 2522 pueri
1428 2481 1574 2512 liberalis

876 2535 1066 2575 disciplinae
1089 2543 1233 2574 capaces
1259 2532 1342 2563 facti
1365 2536 1489 2569 essent,
1506 2532 1574 2562 Ga-

876 2587 938 2617 biis
958 2587 1158 2618 Graecarum
1173 2585 1434 2624 Latinarumque
1458 2582 1573 2612 litera-

875 2648 949 2668 rum
974 2637 1231 2668 ediscendarum
1256 2635 1363 2675 gratia
1388 2641 1572 2664 commora-

877 2692 938 2722 tos,
964 2687 1145 2718 Numitore
1169 2695 1230 2716 avo
1256 2686 1342 2716 clam
1366 2683 1477 2715 omnia
1493 2682 1571 2714 sub-

877 2736 1116 2769 ministrante!
1143 2736 1239 2766 Idem.
