1876 3025
278 135 365 178 754

278 241 519 296 Repulsior
541 241 654 283 Cato
677 241 790 283 dixit
810 241 1106 295 comparative
1129 255 1157 283 a
1182 242 1378 296 repulso.

279 309 437 364 Reque
458 323 610 364 eapse,
624 324 669 351 re
692 311 807 364 ipsa.

745 145 896 177 SEXTI
931 145 1135 176 POMPEII
1167 146 1304 178 FESTI

1549 244 1734 297 [PAUL.

278 377 436 432 Reque
459 384 622 432 eapsep
644 378 798 432 Scipio
822 376 1060 418 Africanus
1083 376 1230 418 Paulli
1263 377 1399 430 filius,
1422 391 1523 420 cum
1560 379 1727 432 [FEST.

334 459 415 499 pro
436 446 531 495 aede
553 446 755 487 Castoris
779 445 910 494 dixit,
928 443 1012 484 hac
1034 445 1360 498 compositione
1381 459 1488 487 usus
1508 451 1602 488 est:
1634 448 1730 501 qui-

334 515 418 554 bus
442 513 496 554 de
516 514 768 554 hominibus
798 525 878 565 ego
901 524 1038 565 saepe,
1059 516 1192 566 atque
1212 514 1254 553 in
1276 514 1428 566 multis
1447 515 1560 555 locis
1582 527 1731 568 opera,

333 581 478 631 factis,
501 581 719 631 consiliis,
741 593 876 634 reque
895 593 1032 633 eapse
1053 580 1217 635 (saepe)
1238 583 1348 623 bene
1369 583 1550 624 meritus
1571 587 1731 637 spem‚4

337 648 381 688 id
399 653 479 696 est,
503 654 549 689 et
569 661 613 688 re
633 649 746 701 ipsa.

278 713 370 755 Res
392 715 812 768 comperendinataq
834 713 1056 768 significat
1079 713 1297 769 judicium
1324 715 1368 756 in
1398 715 1515 757 diem
1546 715 1729 770 [PAUL.

340 783 516 822 tertium
540 783 842 823 constitutum.

278 848 555 900 Resecrare:
574 848 785 891 resolvere
806 848 1014 905 religione.
1058 847 1206 906 Utique
1227 864 1315 891 cum
1335 863 1433 892 reus
1455 864 1536 905 po·
1565 850 1730 905 [FEST.

885 992 1004 1004 oooooo

1008 991 1122 1005 eeeee

320 1093 340 1121 4
363 1090 513 1127 Scaliger
526 1091 629 1122 verba
648 1092 785 1123 Catonis
808 1091 855 1123 sic
874 1092 958 1132 legit
973 1104 981 1124 ι
1009 1092 1128 1128 Quibus
1142 1094 1179 1123 de
1195 1092 1367 1123 hominibus
1382 1102 1449 1123 cum
1465 1102 1520 1131 ego
1535 1101 1628 1131 δεῖρε,
1644 1095 1734 1132 atquc

276 1133 309 1163 in
326 1134 431 1164 multis
446 1134 519 1164 locis
533 1144 633 1174 opera,
646 1135 760 1174 sactis,
783 1135 931 1170 consiliis,
955 1145 1046 1176 reque
1069 1145 1155 1176 eapse
1178 1135 1250 1167 benc
1272 1135 1400 1166 meritus
1424 1135 1510 1166 siem.

279 1181 347 1207 vet.
366 1177 423 1207 lib.
440 1186 516 1207 snm.

1556 1134 1626 1166 Pro
1652 1144 1736 1175 spem

922 1276 950 1306 N
959 1274 1063 1306 OTAE

279 1354 349 1380 tum
375 1352 426 1380 31.
473 1349 567 1380 ‘Per
593 1351 779 1381 calatorem
802 1351 904 1382 misso
927 1360 977 1382 re-

276 1400 404 1441 pudio!
439 1400 546 1431 Tacit.
562 1400 683 1432 Annal.
701 1411 758 1433 ιιι.
781 1403 789 1419 ‘
803 1402 890 1433 Post
910 1401 979 1433 dic-

279 1456 350 1481 tum
404 1452 597 1490 repudiunr
631 1452 741 1484 adhuc
802 1451 980 1484 infensus.'

281 1502 403 1541 Pomp.
429 1502 527 1532 Idem.

321 1555 337 1576 Ρ
364 1552 469 1591 Reque
496 1552 599 1592 eapse]
630 1553 783 1585 Verbum
819 1564 899 1594 soepe
930 1554 980 1585 bis

278 1606 331 1632 est
349 1602 511 1641 scriptum
529 1613 538 1641 3
566 1604 763 1635 mendosum
777 1610 889 1636 autem
907 1614 980 1636 esse

279 1651 428 1681 arbitror
439 1661 535 1690 spem.
562 1652 641 1684 Ant.
662 1653 746 1694 Aug.

321 1706 335 1727 ‘1
361 1702 425 1732 Res
440 1704 724 1744 comperendinata]
748 1704 895 1735 Vidend.
918 1705 981 1736 Pe-

278 1751 367 1783 diun.
386 1753 418 1783 in
437 1754 599 1785 Praetura
615 1755 765 1786 Urbana.
781 1756 902 1787 Cicero
921 1765 980 1796 pro

278 1802 446 1833 Murena:
480 1804 569 1834 ‘Tot
595 1805 759 1841 homines,
790 1811 859 1837 tam
885 1806 980 1847 inge-

278 1852 390 1882 niosos
409 1863 471 1892 per
487 1859 537 1884 tot
554 1864 658 1885 anuos
675 1856 776 1886 etiam
794 1866 884 1888 nunc
913 1861 980 1887 sta-

279 1908 374 1933 tuere
391 1913 455 1934 uou
480 1905 642 1943 potuisse,
671 1910 782 1936 utrum
799 1905 887 1937 diem
915 1912 980 1937 ter-

280 1954 374 1988 tium,
392 1963 431 1984 an
447 1955 857 1996 pe1·endiuum,judicem‚
874 1966 916 1986 an
930 1966 981 1987 ar-

278 2004 417 2043 bitrum,
445 2014 529 2044 rem,
553 2015 595 2036 an
619 2007 729 2045 litem,
751 2006 820 2038 dici
844 2012 981 2047 oporte-

280 2053 358 2084 ret.'
382 2054 462 2086 Ant.
479 2056 564 2094 Aug.

323 2109 387 2138 Res
427 2109 714 2150 comperendinata]
750 2110 981 2150 ‘Comperen-

280 2156 500 2189 diuatiouem’
531 2160 668 2200 quidam
692 2164 870 2200 exponunt
900 2169 979 2190 cou-

279 2207 473 2243 dictionem,
490 2209 523 2238 id
541 2214 606 2249 est,
624 2210 666 2239 ab
689 2210 843 2250 utrisque
868 2209 981 2250 litiga-

280 2259 408 2290 toribus
438 2265 588 2290 mutuam
623 2261 915 2291 denuntiationem
946 2261 979 2291 in

279 2309 504 2350 perendinum
520 2309 620 2341 diem.
657 2311 723 2342 Sed
743 2311 853 2351 potius
870 2312 878 2327 ‘
891 2320 980 2341 com-

281 2359 529 2399 perendinatio'
549 2370 566 2390 a
579 2360 697 2400 judice
713 2360 827 2391 fiebat.
863 2365 872 2377 ‘
886 2360 982 2391 Com-

281 2407 650 2449 pei·e1ulinare''autein
679 2415 730 2441 est
755 2409 979 2450 reijudicium

280 2459 314 2488 in
332 2459 513 2489 secundam
542 2460 711 2491 actionem
738 2461 900 2500 perendie
924 2460 980 2490 lia-

281 2508 424 2539 beudam
466 2507 671 2547 diffundere,
708 2509 844 2540 tametsi
875 2509 981 2550 prima

282 2559 592 2599 aetionejudicium
622 2559 694 2590 fieri
721 2559 884 2598 potuerit,
915 2558 978 2588 nisi

282 2609 315 2639 id
344 2610 398 2639 lex
420 2609 562 2649 juberet
587 2608 744 2649 proferri.
791 2610 835 2640 Et
866 2607 981 2639 differt

280 2659 289 2675 ‘
300 2658 612 2700 comperendinare’
625 2659 683 2689 ab‘
694 2657 877 2699 ampliare:
889 2657 979 2699 quod

274 2709 381 2749 judex
400 2709 542 2750 jubetur
558 2709 875 2750 comperendinare,
899 2709 980 2739 licet

1035 1351 1066 1381 ei
1084 1354 1218 1382 constet
1232 1350 1273 1381 de
1290 1359 1390 1381 causa
1408 1350 1470 1389 rei,
1488 1348 1572 1380 adeo
1594 1353 1631 1381 ut
1658 1358 1734 1390 pos-

1035 1402 1079 1433 sit
1095 1403 1201 1443 prima
1220 1402 1521 1443 actionejudicare
1538 1412 1546 1433 :
1570 1402 1732 1442 ampliare

1035 1463 1116 1484 vero
1132 1463 1198 1484 non
1217 1453 1360 1493 cogitur,
1378 1452 1437 1483 sed
1451 1452 1590 1492 ampliat
1605 1461 1667 1492 pro
1684 1461 1736 1482 ar-

1036 1503 1150 1534 bitrio.
1198 1504 1286 1534 Item
1312 1503 1593 1543 comperendinat
1618 1502 1737 1533 .semel

1036 1558 1189 1584 tantum:
1228 1560 1264 1585 at
1295 1554 1542 1594 quotieslubet
1573 1553 1736 1594 ampliare

1036 1610 1162 1645 potest.
1218 1604 1307 1636 Item
1345 1604 1625 1645 comperendiuat
1671 1614 1736 1635 uno

1036 1659 1167 1685 tantum
1193 1654 1375 1695 interjecto
1392 1654 1458 1694 die,
1484 1654 1573 1685 inter
1594 1654 1736 1694 primam

1035 1709 1071 1735 et
1085 1704 1264 1735 secundam
1282 1704 1475 1735 actionem:
1499 1704 1641 1744 ampliat
1655 1713 1736 1734 vero

1036 1753 1235 1785 intermissis
1252 1760 1334 1794 quot
1351 1754 1444 1785 lubet
1462 1753 1591 1785 diebus.
1626 1754 1737 1785 Cicer.

1036 1813 1092 1835 111.
1110 1805 1208 1836 Verr.
1223 1807 1276 1835 26.
1321 1804 1489 1836 ‘Glaucia
1514 1805 1641 1846 primus
1658 1804 1738 1834 tulit

1036 1860 1073 1885 ut
1087 1854 1446 1895 comperendinaretur
1460 1864 1555 1885 reus:
1573 1860 1672 1886 antea
1684 1855 1736 1884 vel

1030 1905 1179 1946 judicari
1206 1906 1313 1945 primo
1340 1910 1489 1946 poterat,
1514 1906 1566 1936 vel
1593 1905 1736 1945 amplius

1037 1954 1277 1995 pronuntiari.'
1321 1956 1436 1987 Quare
1462 1956 1592 1995 optime
1624 1960 1738 1986 ‘com-

1036 2004 1353 2044 perendinationem
1367 2004 1374 2017 ’
1390 1998 1512 2035 'tridui
1538 2005 1736 2036 dilationem

1036 2055 1168 2086 Glossae
1186 2056 1454 2095 interpretantur
1472 2066 1479 2085 ε
1504 2054 1514 2071 ‘
1528 2056 1735 2095 comperen-

1037 2106 1179 2147 dinatio,
1219 2105 1382 2146 τριήμερος
1412 2104 1594 2146 ὑπέρθεσις.’
1638 2106 1735 2137 Dici-

1036 2162 1092 2188 tur
1120 2162 1156 2187 et
1179 2157 1475 2197 comperendinatus,
1492 2165 1547 2187 111.
1563 2156 1663 2187 Verr.
1681 2159 1734 2188 26.

1036 2207 1045 2223 ‘
1059 2207 1184 2239 Adimo
1206 2206 1557 2247 comperendinatum,
1570 2206 1659 2247 quod
1677 2206 1735 2236 ha-

1035 2258 1094 2289 bet
1119 2259 1172 2288 lex
1200 2258 1485 2297 molestissimum,
1501 2257 1552 2288 bis
1572 2261 1609 2288 ut
1632 2266 1734 2288 causa

1036 2307 1192 2339 dicatur-‚⁵
1215 2308 1297 2339 Dae.

1078 2363 1091 2379 ¹·
1114 2358 1296 2398 Resecrare]
1313 2357 1470 2388 Relatum
1485 2365 1620 2388 carmen
1632 2356 1735 2387 Plau-

1036 2408 1062 2438 ti
1079 2408 1230 2448 reperies
1246 2409 1277 2438 in
1297 2407 1485 2438 Aulularia.
1507 2408 1588 2439 Ant.
1605 2408 1692 2446 Aug.

1078 2457 1256 2496 Resecrare,
1280 2457 1444 2497 resolvere]
1480 2457 1566 2488 Haec
1594 2457 1735 2497 praecla-

1036 2517 1107 2539 ram
1124 2508 1352 2548 cognitionem
1367 2507 1408 2537 (le
1422 2506 1669 2537 obsecrationis
1685 2515 1736 2536 re-

1034 2558 1159 2598 ligione
1187 2559 1372 2596 continent,
1410 2557 1468 2588 sed
1497 2557 1616 2587 melior
1656 2565 1735 2596 pars

1034 2608 1177 2639 adhaesit
1210 2614 1287 2648 post
1323 2607 1487 2647 ‘Respici
1508 2606 1601 2646 avis,’
1635 2611 1672 2636 ut
1699 2611 1735 2636 et

1035 2659 1113 2689 olim
1129 2659 1258 2690 monuit
1274 2659 1361 2690 Scal.
1408 2659 1451 2689 Et
1473 2658 1505 2688 in
1529 2659 1599 2697 ejus
1622 2657 1733 2687 locum

1035 2709 1101 2740 alia
1118 2709 1274 2750 quaedam
1292 2709 1421 2739 intrusa
1446 2717 1520 2749 quae
1547 2716 1621 2738 mox
1641 2705 1734 2736 vide·
