1876 3025
316 152 401 194 906

763 161 909 193 SEXTI
949 161 1151 192 POMPEII
1187 163 1323 194 FESTI

373 256 473 298 ficis
516 256 772 297 mulieribus
821 270 976 298 nomen
1010 257 1193 297 inditum
1252 262 1330 307 est,
1382 269 1493 310 quas
1534 257 1753 300 volaticas

373 324 505 365 etiam
529 329 707 364 vocant.

371 395 464 431 tere
485 390 631 431 Graeci
653 389 828 445 σῦῤῥιντοι
859 388 1010 442 πόμπειν

372 456 553 509 ἀνωνύμον
575 456 784 511 ω’κυπόρους
806 457 860 497 ἐπὶ
880 460 980 505 νῆας.

765 323 925 377 Itaque
946 323 1089 364 solent
1107 323 1174 364 his
1193 325 1338 365 verbis
1369 337 1444 364 eas
1465 325 1603 365 veluti
1635 338 1755 365 aver-

1065 390 1289 443 νυκτικᾶμαν
1309 390 1483 446 στρίγγα
1513 389 1647 431 τόλαον
1668 389 1756 446 ὄρνιν

317 525 532 577 Strigores
549 530 575 546 ¹¹¹
597 525 639 564 in
660 523 785 565 Nelei
817 526 993 565 carmine
1008 538 1086 578 pro
1107 525 1300 577 strigosis
1321 525 1510 579 positum
1537 523 1756 578 invenitur,

371 590 416 630 id
435 598 506 642 est,
523 591 738 632 densarum
760 593 916 633 virium
934 590 1181 640 hominibus,
1201 590 1304 631 alias
1324 591 1503 645 strigore
1526 591 1718 632 exerciti.

965 711 1110 743 NOTAE

316 796 508 836 ἆπόπομπον,
534 796 708 837 νυκτιβόαν,
727 798 784 828 τὰν
809 796 934 838 σφίγγ’
950 797 1010 827 ἀπὸ

316 849 394 878 λαοῦ
418 848 547 887 ἐμΟρνιν
576 848 731 886 ἀνώνυμον
759 847 931 888 ὠκυπόρους
962 846 1012 877 ἐπὶ

316 899 400 934 νῆας.
423 898 513 929 ΡΙίη.
531 899 588 929 lios
607 908 721 929 versus
736 899 917 936 intellexit,
935 907 1010 927 cum

315 948 443 983 scribit,
469 947 478 963 ‘
494 948 623 988 Strigas
647 949 679 978 in
706 948 902 978 Graecorum
919 947 1013 985 diris,

316 1003 351 1029 et
367 999 666 1038 imprecationibus
691 997 830 1030 haberi.⁷
875 998 940 1030 Qui
959 997 1012 1027 hic

315 1049 484 1079 somniant
501 1049 625 1088 syrnia,
640 1059 691 1079 nae
705 1049 768 1088 ipsi
786 1049 926 1079 multum
943 1047 1014 1077 hal-

315 1098 524 1128 lucinantur.
568 1099 658 1128 Puto
674 1098 858 1128 secundum
880 1106 1009 1126 versum

315 1148 364 1178 ita
381 1147 573 1186 legendum,
590 1157 628 1178 ac
642 1147 887 1187 supplendum:
906 1146 1013 1186 ’‘Opvw

315 1196 469 1235 ἀνώνυμον
481 1196 651 1237 ὠκυπόρους
665 1196 714 1228 ἐπὶ
723 1198 796 1234 νῆας
809 1197 927 1227 ἔλαυνε.
940 1197 1010 1227 -Jos-

316 1246 402 1277 Scal.

359 1296 503 1336 Strigas]
538 1296 666 1327 Harum
712 1298 822 1327 avium
861 1296 1010 1336 descrip-

315 1347 442 1377 tionem
459 1352 537 1387 pete
551 1356 592 1377 ex
617 1346 719 1377 Ovid.
737 1347 794 1378 lib.
814 1355 864 1377 Vl.
881 1347 1013 1377 Pastor.

316 1403 393 1438 post
410 1407 539 1428 versum
568 1400 640 1428 130.
684 1398 730 1428 Et
755 1402 848 1428 recte
871 1397 1011 1427 Verrius

315 1448 412 1486 strix,
429 1458 447 1477 a
460 1447 584 1478 Graeco
599 1447 721 1488 στρὶγξ,
736 1457 794 1478 seu
810 1445 908 1487 στρὶξ,
923 1447 1011 1487 quod

317 1496 472 1538 δστρῖζω,
501 1497 638 1536 strideo,
658 1498 745 1528 unde
773 1497 877 1528 Ovid.
921 1498 931 1514 ‘
949 1498 1012 1527 Est

315 1549 380 1579 illis
396 1548 556 1588 strigibus
571 1557 705 1586 nomen,
722 1547 780 1578 sed
797 1547 938 1578 nominis
955 1548 1013 1577 liu-

310 1598 370 1638 jus
402 1598 522 1634 Causa,
553 1596 642 1637 quod
673 1596 839 1626 horrenda
868 1595 1013 1627 stridere

317 1651 418 1677 nocte
436 1645 570 1676 solent.'
606 1645 768 1676 Mulieres
785 1651 897 1676 autem
915 1655 1014 1676 vene-

316 1696 390 1727 ficae
417 1697 534 1735 striges
556 1695 671 1733 dictae,
697 1695 775 1736 quia
798 1697 830 1725 in
858 1705 913 1726 eas
936 1705 1014 1725 aves

316 1746 518 1787 figurantur.
563 1745 662 1776 Unde
688 1752 723 1776 et
746 1746 885 1776 volatica>
911 1745 1014 1776 dictae

317 1803 407 1827 suut.
453 1795 576 1826 Isidor.
592 1800 600 1813 ‘
617 1795 760 1835 striges,
783 1796 941 1826 mulieres
960 1805 1016 1825 vo-

318 1845 453 1876 laticae.’
498 1847 542 1876 Et
572 1845 681 1875 Gioss.
704 1845 845 1885 ‘striga,
871 1844 1016 1885 λαιστρύ-

318 1907 394 1935 Ὑων,
413 1896 463 1926 καὶ
488 1898 566 1934 ’γυνὴ
591 1895 766 1935 φαρμακίς.’
800 1896 902 1927 Italia
915 1897 1017 1927 etiam

318 1947 416 1978 hodie
429 1947 562 1985 strigam
579 1946 762 1978 veneficam
780 1951 913 1977 vocant.
936 1947 1019 1977 Duc.

360 1999 502 2039 Strigas]
532 2000 606 2029 Duo
622 2008 740 2029 versus
759 1998 872 2029 Graeci
889 2004 966 2029 sunt
983 1999 1017 2029 iu

319 2049 426 2079 veteri
454 2049 560 2086 libr0;
586 2058 727 2088 quorum
755 2049 898 2078 alterum
926 2057 1018 2078 inen-

319 2097 436 2128 dosum
451 2097 573 2135 Aldus,
587 2103 621 2127 et
637 2097 791 2128 Alciatus
809 2097 840 2127 iu
856 2098 1015 2137 Parergis

318 2147 366 2178 ita
382 2147 622 2177 emendarunt:
647 2146 757 2186 Σύρνια
767 2145 935 2185 πομπεύειν
947 2158 1015 2177 νυκ·

318 2197 432 2236 τίκομα
448 2196 584 2236 στρίγγα
599 2197 623 2227 δ’
639 2196 743 2228 ὀλοόν.
768 2197 924 2228 Alterum
942 2207 1015 2228 ver—

319 2258 404 2283 sum,
421 2249 476 2289 qui
495 2253 588 2278 recte
611 2247 664 2277 hic
689 2248 835 2286 scriptus
851 2251 914 2286 est,
930 2247 1017 2277 male

319 2298 496 2330 referunt:
524 2299 555 2328 in
583 2299 692 2338 priore
716 2304 826 2328 autem
855 2297 1017 2337 στρίγγατ’

320 2348 416 2380 ὀλαὸν
446 2349 607 2387 scriptum
639 2353 688 2378 est
712 2348 743 2378 in
776 2349 881 2378 veteri
908 2349 1016 2386 libr03

320 2399 378 2432 sed
397 2403 551 2428 neutrum
568 2406 642 2427 esse
660 2398 730 2428 sine
758 2397 880 2428 mendo
897 2399 1017 2429 Fulvio

321 2448 446 2479 Ursino
462 2453 575 2478 nostro
591 2447 737 2478 videtur.
782 2448 833 2477 De
857 2448 1017 2488 strigibus

321 2504 433 2529 autem
467 2498 589 2528 Latina
618 2507 750 2538 quoque
789 2499 881 2529 Festi
915 2499 1017 2529 verba

321 2556 393 2577 esse
417 2545 635 2584 intelligenda
659 2556 756 2576 nemo
779 2548 935 2587 ignorare
959 2557 1015 2588 po-

323 2603 401 2628 test.
425 2597 504 2628 Ant.
520 2597 605 2635 Aug.

366 2647 373 2667 ¹
395 2647 543 2687 Σύῤῥιντα
558 2645 703 2686 πόμπειν]
731 2646 816 2677 Haec
834 2647 1018 2686 corruptis-

324 2698 406 2730 sima
417 2703 514 2729 sunt:
531 2698 625 2729 varie
637 2696 922 2728 variiemendaut.
938 2698 1019 2729 Tur·

1064 797 1171 828 nebus
1184 796 1327 829 lib.XIv.
1339 796 1473 827 advers.
1486 806 1562 836 cap.
1577 798 1606 826 1.
1630 794 1757 835 Σφίγγ’

1062 845 1253 886 ἀποπέμπειν
1280 845 1459 883 νυκτιβόαν,
1483 845 1606 886 στρίὙὙ’
1635 845 1759 876 aftrix&-

1062 897 1141 927 λαὸν
1156 897 1262 936 ’Όρνιν
1285 897 1438 935 ἀνώνυμον
1459 895 1570 926 ἐνθένδ’
1589 894 1760 935 ὠκυπόρους

1064 946 1112 976 ἐπὶ
1127 947 1211 982 νῆας.
1235 947 1387 986 Scaliger
1402 946 1434 976 in
1447 946 1605 976 catalect.
1631 944 1759 984 Στρίγγ’

1063 995 1246 1035 ἆπόπομπον
1261 994 1436 1031 νυκτιβόαν,
1457 995 1515 1025 τὰν
1536 994 1660 1034 στρίγγ’
1686 995 1760 1033 ἀγε-

1062 1046 1156 1077 λαίαν
1165 1046 1272 1087 Ὄρνιν
1287 1046 1441 1084 ἄνωνυμον
1466 1044 1574 1075 ἐνθένδ’
1591 1043 1760 1085 ὠκυπόρους

1064 1096 1114 1127 ἐπὶ
1140 1097 1224 1133 νῆας.
1270 1097 1314 1127 Et
1336 1096 1367 1126 in
1395 1096 1482 1126 notis
1509 1095 1575 1124 suis
1600 1095 1641 1124 ad
1669 1095 1763 1124 Fest.

1065 1147 1195 1188 Στρῖγγ’
1239 1147 1435 1185 ἆπόπομπον,
1483 1145 1660 1185 νυκτιβόαν,

1064 1197 1187 1237 σφίγγ’
1211 1197 1271 1227 ἀπὸ
1300 1197 1377 1227 λαοῦ
1397 1196 1503 1236 Ὄρνιν
1518 1195 1672 1233 ἀνώνυμον
1687 1194 1763 1225 ὠκυ-

1065 1247 1175 1288 πόρους
1191 1246 1240 1277 ἐπὶ
1263 1248 1336 1283 νῆας
1359 1245 1479 1276 ἔλαυνε.
1523 1245 1672 1276 Tandem
1691 1245 1761 1275 Ha-

1066 1297 1200 1328 drianus
1225 1297 1344 1329 Junius
1373 1296 1404 1326 in
1431 1296 1681 1326 nomenclatore
1703 1305 1762 1326 suo

1067 1356 1148 1378 voce
1165 1347 1174 1362 ‘
1193 1347 1291 1377 lamia
1304 1345 1325 1377 :'
1356 1345 1468 1385 Σύρνια
1492 1344 1648 1384 πομπεύου
1663 1356 1763 1376 νυκτι-

1065 1396 1162 1435 νόμαν
1185 1396 1322 1436 στρίγγα
1346 1395 1465 1426 ταλαὸν
1482 1395 1588 1436 ’Ὀρνιν
1610 1395 1764 1434 ἀνώνυμον

1066 1446 1162 1486 ἐξελά’
1184 1445 1356 1486 ὠκυπόρους
1374 1446 1421 1476 ἐπὶ
1449 1447 1534 1482 νῆας.
1578 1446 1644 1477 Sed
1660 1446 1764 1478 Junio

1066 1498 1227 1538 imposuit
1245 1503 1427 1537 corruptus
1443 1497 1534 1527 Festi
1547 1496 1668 1527 codex.
1692 1497 1763 1527 Ne-

1067 1558 1132 1589 que
1149 1548 1235 1578 enim
1250 1546 1357 1586 σύρνια
1368 1547 1527 1577 Graecuiu
1545 1551 1610 1577 est.
1635 1546 1708 1585 Ego
1720 1545 1763 1576 ad

1067 1608 1159 1629 oram
1176 1598 1300 1629 codicis
1319 1598 1365 1628 ita
1382 1602 1588 1627 tentaveram
1605 1607 1612 1626 :
1638 1595 1762 1636 27’Ps'r‘r’

1067 1647 1260 1686 ἀποπέμπειν
1274 1646 1456 1685 νυκτινόμαν
1471 1646 1607 1686 στρίγγα
1623 1645 1651 1676 τ’
1667 1646 1765 1677 ἀλαὸν

1704 1145 1762 1175 τὰν

1061 1697 1169 1738 ’Όρνιν
1180 1698 1334 1736 ἀνώνυμον
1345 1696 1515 1735 ὠκυπόρους
1529 1695 1577 1726 ἐπὶ
1589 1696 1661 1732 νῆας
1673 1695 1764 1726 ἐλαύ-

1069 1759 1143 1778 νειν.
1176 1748 1252 1778 Hoc
1270 1753 1342 1777 est:
1368 1750 1376 1764 ‘
1395 1747 1541 1786 Strigem
1557 1751 1672 1776 averte
1685 1755 1764 1776 noc-

1070 1803 1107 1829 tu
1150 1802 1358 1838 pascentem,
1398 1795 1590 1836 foedamque
1625 1795 1765 1835 strigem

1071 1858 1166 1880 avem
1185 1848 1326 1878 feralem
1346 1847 1478 1877 veloces
1496 1847 1527 1876 iu
1545 1855 1646 1876 naves
1662 1845 1765 1886 fuga.’

1073 1899 1135 1929 Vel
1153 1896 1318 1933 νυκτιβόαν
1333 1907 1394 1937 pro
1417 1895 1611 1935 νυκτινόμαν,
1637 1905 1713 1926 nam
1730 1901 1766 1926 et

1072 1949 1162 1988 strix⁸
1183 1947 1331 1983 νυκτιβόα
1355 1947 1542 1977 dicebatur.
1564 1946 1715 1986 Hesycli.
1733 1946 1765 1975 in

1071 1998 1230 2038 στρίγλος.
1277 1998 1349 2028 Hos
1372 2006 1487 2026 versus
1511 1996 1678 2026 intellexit
1694 1995 1764 2026 Pli-

1071 2048 1144 2078 nius
1173 2048 1251 2077 dum
1279 2047 1414 2085 scripsit
1443 2045 1500 2076 lib.
1529 2054 1581 2076 xx.
1609 2055 1683 2083 cap.
1711 2048 1763 2076 39.

1069 2098 1079 2114 ‘
1096 2098 1178 2127 Esse
1192 2098 1224 2127 in
1242 2095 1433 2133 maledictis
1445 2094 1515 2134 jam
1531 2095 1675 2135 antiquis
1688 2095 1764 2125 stri-

1071 2156 1144 2187 gem
1162 2144 1343 2177 convenit.’
1368 2145 1450 2175 Duc.

1113 2202 1134 2217 ¹¹¹
1158 2195 1333 2234 Strigores]
1365 2194 1525 2232 Slrigores
1539 2194 1572 2224 in
1590 2194 1682 2224 Nelei
1699 2204 1765 2224 car-

1070 2247 1151 2276 mine
1168 2246 1289 2276 ridetur
1302 2255 1357 2284 pro
1372 2244 1517 2282 strigosis
1536 2244 1688 2283 positum:
1711 2244 1767 2274 alii

1069 2307 1125 2337 pro
1162 2297 1323 2326 densarum
1359 2294 1471 2324 virium
1505 2294 1688 2325 hominibus.
1705 2316 1713 2324 .
1731 2316 1738 2325 .
1755 2316 1762 2324 .

1071 2346 1233 2385 ‚strigores
1248 2344 1388 2375 exerciti.
1432 2344 1571 2374 Memini
1591 2343 1670 2374 Λὼτ
1683 2344 1765 2373 Tur-

1072 2396 1150 2427 neb.
1175 2396 1338 2434 Strigones
1364 2395 1491 2433 legere.
1537 2394 1602 2423 Sed
1626 2403 1689 2423 non
1708 2392 1765 2422 ad-

1072 2446 1230 2476 vertebat
1244 2454 1369 2474 morem
1382 2444 1556 2478 Veterum,
1568 2443 1622 2483 qni
1640 2449 1677 2472 ut
1692 2444 1701 2458 ⁸
1714 2452 1765 2472 ar·

1070 2496 1273 2526 chitectores
1288 2495 1295 2507 '
1311 2503 1371 2534 pro
1397 2495 1405 2510 ‘
1422 2491 1695 2527 arcliitectones,'
1719 2493 1766 2522 ita

1070 2544 1227 2584 Strigores
1250 2554 1311 2585 pro
1337 2544 1491 2582 strigoues
1516 2541 1766 2572 dicebant.Jos.

1071 2596 1152 2626 Scal.

1114 2644 1288 2684 Strigores]
1313 2644 1381 2674 Pro
1409 2643 1560 2681 strigores
1590 2642 1765 2682 Turnebus

1072 2696 1210 2736 legebat
1224 2695 1390 2734 strigones,
1408 2694 1478 2733 sed,
1494 2698 1530 2723 ut
1547 2692 1671 2733 optime
1684 2693 1764 2723 Sca-
