1876 3025
625 160 673 191 IN
711 155 970 188 POMPElUM
1007 152 1217 184 FESTUM.

263 264 340 293 904.
355 263 405 292 11.
430 263 503 292 921.
518 261 549 290 4.
572 261 646 291 931.
661 262 680 290 4

223 305 258 336 in
274 305 410 335 Hortulo
424 307 499 335 913.
517 306 554 334 ll

221 348 257 378 in
274 347 480 379 Menaechmis
496 349 570 378 697.
588 348 640 377 12.
664 347 739 376 769.
755 347 794 375 17

224 391 257 421 in
271 395 442 421 mercatore
460 393 534 421 854.
551 392 570 420 7

221 435 257 465 in
272 435 378 464 Milite
394 434 528 473 glorioso
543 435 618 463 934.
634 435 664 462 8.
686 433 760 462 997.
779 433 794 461 1

222 477 256 507 in
273 476 473 507 Mostellaria
487 479 562 508 460.
578 478 618 506 13

222 520 256 550 in
271 520 460 550 Nervolaria
470 522 545 550 424.
555 520 588 549 3.
604 520 679 548 457.
690 519 722 548 3.
745 518 819 547 518.
832 517 883 546 11.

267 565 342 593 545.
360 566 411 594 18.
434 564 509 593 649.
525 565 555 592 1.
582 563 656 592 916.
676 562 712 591 11

223 605 258 637 in
273 605 413 636 Parasito
429 605 518 646 pigro
531 607 605 637 460.
622 607 661 635 12

223 648 257 679 in
272 648 372 679 Persa
386 651 458 680 884.
474 653 494 680 9

223 692 258 722 in
271 691 442 722 Phasmate
457 694 532 723 469.
545 693 598 722 16.
621 691 697 721 934.
711 691 750 720 10

224 735 258 765 in
273 734 432 766 Pseudolo
445 737 521 765 451.
536 736 567 765 4.
590 735 665 764 484.
679 736 711 763 6.
744 733 817 762 521.
834 732 886 760 10.

268 780 343 809 653.
360 781 389 809 1.
410 780 485 809 697.
501 779 552 808 13.
573 778 648 808 940.
665 778 696 806 7.
711 776 786 805 991.
802 776 818 803 l

224 821 258 851 in
274 819 425 851 Rudente
441 823 517 852 385.
531 822 562 851 6.
584 822 660 851 802.
676 823 707 850 5.
731 820 806 849 931.
824 819 842 847 5

224 863 258 894 in
273 863 437 905 Satyrione
452 866 524 895 144.
540 866 571 894 6.
594 864 671 894 478.
685 863 734 893 13.
757 861 831 891 767.
848 860 887 890 19

224 906 259 938 in
275 906 341 937 Site
355 906 468 946 litergo
482 908 558 938 997.
574 909 593 936 3

223 949 259 981 in
273 949 447 990 Syro-926.
461 952 492 981 4.
513 951 588 981 975.
604 951 623 978 8

225 993 261 1023 in
274 991 407 1023 Trinum
421 994 497 1024 747.
513 995 531 1022 5

225 1035 260 1066 in
273 1035 467 1066 Truculento
484 1037 558 1066 460.
577 1036 617 1065 14

183 1078 341 1110 Polemon
355 1081 432 1110 809.
449 1081 489 1109 10

182 1121 353 1162 Pompeius
367 1121 482 1152 Sextus
496 1122 572 1151 499.
589 1122 607 1149 5

184 1164 379 1205 Pomponius
394 1167 468 1195 796.
482 1166 524 1194 12

228 1208 262 1238 iu
280 1207 433 1247 Adelphis
447 1209 522 1238 899.
539 1209 557 1236 5

229 1252 264 1281 in
278 1249 403 1281 decima
417 1253 491 1281 964.
510 1252 526 1280 1

230 1295 263 1324 in
279 1293 424 1323 Fullonia
438 1295 513 1324 936.
530 1295 546 1322 1

187 1336 380 1367 Pontificum
394 1336 465 1366 libri
481 1338 556 1367 445.
571 1336 602 1364 5.
624 1334 700 1363 527.
715 1333 766 1362 17.
781 1332 856 1360 969.
872 1331 889 1359 3

188 1379 333 1410 Precatio
347 1378 504 1419 auguralis
519 1380 594 1408 894.
609 1378 649 1407 10

520 1513 560 1548 Q.

189 1608 341 1646 Quintius
356 1607 434 1637 Atta
448 1609 502 1638 97.
519 1609 539 1636 6

522 1741 566 1772 R.

190 1840 338 1871 Rituales
356 1839 558 1869 Etruscorum
571 1833 643 1866 libri
658 1835 731 1865 769.
748 1835 765 1861 5

528 1964 560 1993 S.

191 2060 361 2092 Sallustius
375 2060 408 2089 in
423 2057 561 2090 Catilina
573 2058 647 2088 947.
663 2058 683 2086 6

190 2103 356 2135 Sallustius
370 2103 426 2133 lib.
441 2103 464 2133 i.
481 2100 682 2131 historiarum
696 2098 771 2127 511.
788 2096 828 2124 15

234 2147 291 2178 lib.
307 2146 351 2177 iv.
365 2147 440 2177 918.
457 2147 508 2176 11.
531 2146 606 2175 947.
620 2145 640 2172 8

190 2189 303 2220 Santra
317 2191 392 2220 210.
404 2193 436 2220 6.
460 2190 534 2219 503.
550 2189 581 2217 3.
611 2187 685 2216 541.
698 2185 751 2214 12.
776 2182 850 2212 702.
869 2181 899 2210 8.

280 2235 357 2263 711.
371 2235 403 2263 4.
426 2233 500 2261 893.
514 2232 533 2260 3

236 2275 317 2305 libro
341 2272 480 2305 secundo
507 2271 548 2301 de
574 2268 761 2308 antiquitate
788 2265 898 2296 verbo-

284 2327 354 2348 rum
369 2318 443 2348 501.
457 2318 489 2347 3.
511 2317 586 2345 725.
602 2315 643 2344 12

197 2361 338 2392 Scaevola
353 2362 428 2390 587.
442 2362 462 2389 6

194 2403 337 2434 Scaevola
351 2401 428 2443 (Q.)
444 2400 572 2431 Mucius
587 2399 660 2429 473.
677 2399 695 2426 5

198 2446 306 2488 Scipio
323 2444 514 2476 AEmilianun
528 2442 568 2472 ad
583 2440 735 2483 populum
749 2439 823 2469 417.
838 2439 857 2467 7

240 2489 320 2520 alibi
333 2491 408 2520 729.
421 2490 442 2519 6

238 2533 273 2563 in
285 2542 323 2563 ea
337 2531 489 2564 oratione,
505 2538 576 2569 quae
591 2530 639 2558 est
653 2526 692 2556 de
708 2522 841 2564 imperio
856 2521 902 2553 D.

285 2573 378 2605 Bruti
391 2576 466 2605 618.
483 2575 524 2603 16

241 2618 275 2648 in
303 2617 445 2647 oratione
472 2624 564 2655 quam
591 2610 714 2652 scripsit
738 2612 903 2650 postquam

287 2670 324 2690 ex
339 2659 449 2690 Africa
462 2657 557 2688 rediit
569 2658 645 2687 701.
661 2657 680 2684 3

249 2713 320 2733 cum
335 2712 392 2743 pro
407 2701 473 2732 aede
489 2698 627 2730 Castoris
643 2696 723 2727 dixit
738 2697 811 2725 754.
825 2696 844 2724 4

1505 138 1634 180 xxvii

931 253 1080 285 Servilius
1096 251 1170 294 (P.)
1187 258 1283 290 augur
1299 250 1372 280 898.
1388 252 1407 280 2

931 297 1057 329 Servius
1073 296 1154 327 filius
1168 296 1242 327 436.
1258 296 1279 323 6

932 341 1059 372 Servius
1079 338 1201 370 Tullius
1227 336 1261 367 in
1288 332 1499 375 descriptione
1524 339 1631 365 centu-

1018 384 1132 414 riarum
1148 384 1224 412 643.
1241 382 1281 409 10

976 426 1186 467 descriptione
1201 422 1349 455 classium
1362 423 1437 451 648.
1451 424 1472 451 6

933 470 1062 501 Sinnius
1087 469 1200 509 Capito
1225 468 1300 498 426.
1321 467 1369 495 11.
1402 466 1477 494 458.
1495 467 1526 493 5.
1561 466 1635 495 469.

1022 516 1073 544 13.
1094 515 1169 543 477.
1185 514 1217 542 4.
1237 511 1312 541 499.
1329 510 1360 538 9.
1380 509 1454 537 504.
1468 508 1499 536 6.
1516 509 1589 536 550.
1607 509 1638 538 3.

1021 558 1145 588 714.1.
1161 556 1212 587 14.
1234 554 1310 584 767.
1327 552 1358 582 8.
1382 552 1458 580 796-
1479 552 1508 580 1.
1522 551 1594 580 813.
1607 552 1638 580 7.

1023 602 1096 631 821.
1109 602 1139 630 8.
1157 599 1231 628 862.
1246 598 1277 627 1.
1293 597 1367 626 864.
1379 596 1410 624 5.
1424 593 1500 624 938.
1515 594 1546 623 8.
1562 594 1637 624 964.

1022 645 1073 674 16.
1095 645 1170 674 998.
1187 644 1206 672 3

978 687 1011 717 in
1027 696 1064 716 eo
1080 695 1177 726 quem
1192 683 1231 713 de
1246 690 1301 712 reo
1316 678 1460 710 inscribit
1471 680 1547 711 763.
1564 679 1604 708 16

936 729 1068 760 Sisenna
1082 731 1156 761 406.
1171 731 1189 758 5

937 773 1068 803 Sisenna
1090 767 1297 812 (Cornelius)
1324 764 1535 797 Historiarum
1557 763 1638 794 libro

1025 819 1135 856 quarto
1150 816 1224 845 840.
1239 815 1259 843 4

935 858 1096 900 Sulpicius
1110 856 1238 887 Servius
1254 857 1327 886 535.
1342 856 1373 884 5.
1395 854 1470 883 569.
1487 853 1540 883 12.
1562 852 1636 881 615.

1025 903 1076 932 13.
1101 902 1196 931 1013.
1213 901 1232 929 8

980 945 1015 974 in
1030 944 1170 974 oratione
1186 952 1243 982 pro
1259 939 1388 972 Aufidia
1401 940 1476 970 447.
1492 941 1511 968 3

938 986 1094 1027 Sulpicius
1109 986 1213 1016 Galba
1228 986 1301 1015 767.
1318 986 1339 1013 9

939 1029 1096 1071 Sulpicius
1111 1028 1216 1060 Rufus
1231 1029 1303 1057 817.
1323 1028 1337 1055 l

1275 1162 1312 1193 T.

939 1249 1128 1292 Tarquinius
1142 1249 1177 1279 in
1202 1247 1282 1279 lihto
1305 1252 1396 1285 quem
1421 1240 1581 1282 inscripsit
1604 1240 1643 1271 de

940 1336 1106 1368 Terentius
1122 1337 1174 1365 38.
1192 1336 1222 1364 8.
1236 1335 1289 1363 78.
1303 1332 1334 1361 9.
1351 1331 1422 1360 173.
1439 1330 1470 1358 1.
1494 1329 1571 1358 284.
1595 1328 1648 1357 15.

1028 1381 1103 1410 669.
1117 1381 1148 1408 3.
1171 1379 1244 1407 845.
1261 1377 1301 1405 10

987 1424 1021 1454 in
1037 1419 1198 1459 Adelphis
1212 1421 1287 1449 655.
1304 1418 1339 1446 11

986 1467 1021 1497 in
1036 1463 1160 1494 Andria
1173 1464 1247 1492 876.
1262 1462 1283 1490 9

987 1509 1019 1538 in
1035 1504 1415 1536 Heautontimorumenon
1431 1500 1505 1530 837.
1518 1500 1539 1528 9

988 1550 1020 1580 in
1035 1548 1226 1579 Phormione
1242 1548 1316 1577 791.
1330 1547 1360 1574 l.
1385 1544 1460 1573 837.
1474 1543 1504 1572 8.
1526 1541 1600 1571 957.
1615 1541 1646 1569 7.

1030 1596 1106 1624 998.
1123 1594 1163 1623 10

945 1635 1083 1666 Titinius
1099 1637 1174 1665 135.
1191 1635 1221 1663 1.
1237 1632 1312 1661 427.
1328 1631 1358 1660 7.
1381 1630 1455 1660 513.
1469 1630 1500 1657 9,
1524 1626 1598 1656 565.
1616 1627 1647 1654 3.

1031 1681 1106 1709 569.
1123 1680 1173 1708 19.
1195 1676 1269 1705 581.
1284 1676 1315 1704 8.
1342 1675 1417 1703 760.
1435 1674 1466 1701 2.
1495 1671 1570 1699 924.
1597 1669 1647 1697 17.

1032 1724 1108 1752 925.
1121 1722 1172 1751 16.
1195 1719 1270 1749 954.
1285 1718 1336 1746 17.
1359 1717 1433 1746 965.
1445 1716 1476 1744 2.
1502 1713 1596 1743 1008.
1608 1713 1647 1740 13

990 1764 1024 1794 in
1039 1763 1189 1794 Barathro
1204 1763 1278 1791 882.
1294 1761 1334 1789 12

988 1808 1021 1839 in
1035 1806 1142 1837 fabula
1156 1805 1275 1841 Quinta
1289 1804 1364 1833 544.
1379 1802 1400 1830 4

989 1850 1022 1879 in
1037 1849 1137 1880 Prilla
1151 1850 1226 1879 838.
1244 1848 1285 1876 12

989 1893 1023 1923 in
1036 1892 1146 1923 Setina
1158 1892 1233 1921 431.
1249 1891 1280 1919 4.
1311 1889 1382 1918 539.
1399 1888 1451 1916 12.
1475 1886 1549 1915 732.
1568 1885 1606 1914 13

948 1935 1112 1976 Turpilius
1126 1935 1158 1967 in
1174 1930 1338 1963 Demetrio
1357 1931 1430 1960 469.
1448 1930 1497 1959 17.
1519 1929 1594 1957 957.
1608 1925 1648 1955 13

1279 2075 1321 2105 V.

951 2171 1093 2203 Valerius
1108 2170 1241 2200 Flaccus
1255 2169 1330 2198 786.
1347 2168 1386 2196 12

950 2215 1096 2247 Valerius
1119 2211 1310 2243 Valentinus
1329 2209 1361 2239 in
1381 2208 1489 2249 jocoso
1519 2203 1652 2236 carmine

951 2300 1082 2340 Valgius
1098 2301 1172 2330 844.
1187 2300 1207 2328 4

952 2344 1052 2376 Varro
1068 2345 1141 2373 200.
1157 2344 1188 2372 3.
1212 2341 1286 2370 239.
1301 2340 1333 2369 6.
1362 2338 1436 2367 431.
1452 2336 1484 2364 7.
1507 2334 1582 2363 527.
1601 2333 1653 2361 14.

1037 2388 1111 2416 611.
1130 2387 1181 2415 14.
1214 2384 1288 2413 782.
1313 2384 1344 2412 2.
1365 2381 1441 2410 795.
1462 2379 1493 2406 4.
1528 2378 1601 2405 819.
1623 2377 1654 2403 8.

1037 2431 1112 2459 943.
1127 2431 1158 2459 2.
1179 2428 1254 2456 961.
1271 2428 1301 2455 5.
1324 2424 1398 2453 992.
1416 2422 1467 2451 10.
1489 2421 1564 2449 998.
1581 2420 1620 2447 10

994 2472 1026 2502 in
1049 2471 1129 2501 libro
1152 2467 1374 2508 antiquitatum
1398 2463 1496 2504 primo
1511 2463 1586 2492 441.
1602 2461 1655 2489 12.

996 2515 1184 2588 iniizziijde
1200 2553 1265 2583 vita
1286 2550 1395 2593 populi
1419 2544 1554 2579 Romani
1580 2544 1654 2574 740.

998 2602 1114 2674 libi2i.
1158 2638 1397 2680 Epistolicarum
1444 2629 1652 2671 quaestionum

1040 2687 1113 2715 1132.
1131 2686 1145 2712 1
