1876 3025
642 145 1000 176 FRAGMENTUM.
1434 131 1542 172 1051

103 244 290 299 quodam
314 241 606 296 provenientis
630 244 710 289 est,
734 240 952 290 Occasus,
976 237 1173 278 interitus
1190 237 1261 277 vcl
1287 236 1423 285 Solis,
1445 249 1545 277 cum

103 311 268 352 decidit
289 324 313 351 a
336 309 507 362 superis
528 308 636 348 infra
655 312 804 354 terras,
825 320 914 361 quo
937 304 1160 346 vocabulo
1183 304 1347 344 Ennius
1369 316 1447 357 pro
1472 316 1547 343 oc-

104 380 281 420 casione
302 382 370 418 est
390 389 495 418 usus
517 377 559 415 in
582 375 657 416 lib.
683 386 731 415 ιι.
768 374 859 415 Hic
881 386 1070 415 occasus
1092 372 1222 412 datus
1253 377 1338 420 est,
1371 377 1416 412 at
1439 370 1548 411 Ora-

105 448 192 486 tius
229 446 421 486 inclutus
457 445 597 485 saltu:
640 444 746 484 item
779 444 823 483 in
844 443 895 483 L.
920 453 964 482 v.
1012 440 1146 482 Inicit
1172 439 1382 487 irritatus,
1417 441 1549 488 tenet,

105 526 295 555 occasus
317 512 443 566 juvat
463 525 546 553 res.
593 511 708 552 Item
727 511 771 551 in
793 511 844 551 L.
868 520 974 550 vm.
1009 507 1103 549 Aut
1122 520 1307 549 occasus
1323 506 1417 556 ubi,
1441 511 1552 547 tem-

104 594 246 635 pusve
272 581 433 621 audere
464 580 683 633 repressit.
744 577 958 619 Occisum
981 590 1005 618 a
1028 580 1182 618 necato
1215 575 1423 627 distingui
1455 574 1551 627 qui-

105 649 223 698 dam,
246 649 363 702 quod
388 648 572 688 alterum
598 660 624 688 a
644 646 874 696 caedendo,
906 650 995 698 atq.
1015 645 1103 685 ictu
1133 644 1224 684 fieri
1256 643 1420 692 dicunt,
1443 642 1552 682 alte-

106 729 199 757 rum
215 716 308 756 sine
324 717 410 756 ictu
427 728 435 755 ε
451 715 559 768 itaq.
576 714 618 754 in
636 714 797 754 Numae
813 713 1005 766 Pompili
1019 713 1133 764 regis
1146 712 1320 763 legibus
1335 710 1550 762 scriptum

107 788 197 825 est:
221 784 270 824 Si
290 783 507 824 hominem
530 781 781 822 fulminib.¹8
804 781 975 828 occisit,
997 794 1050 820 ne
1073 793 1210 832 supra
1232 791 1372 831 genua
1394 777 1554 817 tollito.

110 853 166 893 Et
187 852 319 893 alibi:
353 851 505 892 Homo
529 851 568 891 si
588 850 766 890 fulmine
787 849 964 890 occisus
995 853 1077 897 est,
1110 848 1150 888 ei
1175 848 1297 900 justa
1316 845 1440 886 nulla
1462 845 1554 885 fieri

108 923 290 973 oportet.
350 918 546 959 October
565 931 707 972 equus
729 917 997 970 appellatur,
1029 916 1105 970 qui
1137 916 1180 955 in
1203 927 1366 967 campo
1389 913 1553 953 Martio

108 1001 255 1029 mense
276 986 375 1029 Oct.
397 986 649 1027 immolatur
672 985 788 1039 quod
812 985 938 1025 anuis
961 987 992 1016 ¹9
1015 983 1165 1032 Marti,
1187 983 1389 1034 bigarum
1409 981 1559 1021 victri-

109 1068 209 1095 cum
232 1055 474 1095 dexterior:
510 1054 564 1094 de
587 1054 716 1108 cujus
739 1053 889 1106 capite
910 1066 996 1092 non
1018 1052 1128 1092 levis
1150 1052 1368 1092 contentio
1390 1050 1557 1090 solebat

111 1136 211 1164 esse
241 1123 347 1164 inter
380 1122 728 1171 Suburanenses,
761 1127 806 1162 et
837 1121 1165 1169 sacravienses,
1200 1123 1246 1159 ut
1268 1119 1308 1158 hi
1333 1120 1376 1158 in
1399 1117 1559 1169 regiae2

110 1191 289 1245 pariete,
322 1190 385 1230 illi
419 1190 474 1232 ad
513 1190 663 1231 turrim
702 1189 947 1230 Mamiliam
980 1188 1025 1228 id
1063 1187 1268 1240 figerent3
1312 1185 1556 1239 ejusdemq.

113 1258 224 1299 coda
244 1264 367 1299 tanta
387 1259 609 1299 celeritate
631 1257 847 1311 perfertur
870 1258 912 1297 in
934 1257 1110 1309 regiam,
1134 1260 1182 1295 ut
1214 1269 1269 1295 ex
1301 1268 1354 1295 ea
1382 1253 1560 1305 sanguis

114 1326 310 1367 destillet
330 1327 373 1366 in
394 1325 555 1375 focum,
578 1324 901 1378 participandae
934 1324 998 1364 rei
1026 1323 1186 1364 divinae
1220 1322 1362 1375 gratia
1386 1335 1394 1361 z
1428 1333 1561 1374 quern

114 1395 272 1436 hostiae
292 1395 391 1435 loco
423 1394 602 1448 quidam
633 1393 767 1434 Marti
798 1393 958 1433 bellico
982 1392 1080 1433 Deo
1104 1391 1267 1432 sacrari
1290 1390 1455 1438 dicunt,
1477 1401 1561 1428 non

115 1468 162 1503 ut
183 1463 342 1515 vulgus
373 1468 517 1516 putat,
540 1463 645 1515 quia
661 1462 786 1502 velut
803 1461 1073 1515 supplicium
1092 1459 1145 1500 de
1166 1459 1255 1512 [29]
1276 1471 1328 1499 eo
1351 1460 1561 1504 sumatur,

116 1531 229 1584 quod
250 1531 442 1572 Romani
466 1531 552 1571 Ilio
572 1534 672 1571 sunt
689 1530 875 1579 oriundi,
891 1534 935 1570 et
951 1528 1133 1581 Trojani
1155 1529 1218 1568 ita
1240 1525 1379 1578 effigie
1399 1526 1442 1565 in
1464 1524 1564 1576 equi

118 1600 206 1640 sint
226 1600 358 1651 capti.
420 1599 580 1639 Multis
608 1603 754 1639 autem
781 1598 980 1650 gentibus
1017 1609 1177 1650 equum
1214 1594 1454 1634 hostiarum
1487 1605 1564 1631 nu-

118 1680 239 1707 mero
262 1667 414 1708 haberi
445 1666 698 1707 testimonio
730 1668 828 1705 sunt
857 1662 1203 1711 Lacedaemonii,
1235 1661 1310 1714 qui
1341 1660 1384 1700 in
1415 1663 1562 1700 monte

118 1735 317 1788 Taygeto
339 1748 495 1787 equum
528 1734 667 1775 ventis
698 1733 944 1781 immolant,
977 1731 1186 1783 ibidemq.
1214 1729 1403 1774 adolent,
1423 1732 1473 1767 ut
1495 1740 1566 1767 eo-

120 1817 214 1843 rum
235 1803 340 1843 flatu
363 1803 474 1843 cinis
496 1802 592 1856 ejus
612 1814 688 1855 per
711 1801 813 1841 finis
845 1814 976 1855 quam
1008 1798 1225 1839 latissime
1247 1795 1491 1836 differatur:
1523 1798 1567 1834 et

123 1871 367 1918 Sallentini,
390 1869 509 1923 apud
527 1883 639 1922 quos
663 1868 895 1908 Menzanae
918 1867 1021 1908 Jovi
1054 1866 1228 1906 dicatus
1260 1865 1386 1904 vivos
1403 1868 1413 1885 ¹
1447 1863 1567 1903 coni-

124 1940 237 1978 citur
269 1939 312 1978 in
333 1939 503 1990 ignem:
535 1941 577 1977 et
598 1936 760 1985 Rhodi,
783 1935 857 1988 qui
880 1934 998 1988 quod
1030 1933 1155 1974 annis
1174 1937 1188 1954 ²
1222 1931 1462 1986 quadrigas
1484 1930 1567 1970 soli

124 2012 408 2046 consecratas
430 2007 471 2045 in
495 2017 611 2044 mare
641 2004 825 2057 jaciunt,
857 2002 976 2055 quod
1008 2002 1045 2041 is
1077 2001 1153 2041 tali
1185 1999 1405 2041 curriculo
1434 1998 1569 2038 fertur

124 2072 388 2114 circumvehi
410 2072 631 2112 mundum.
666 2070 937 2123 Occidamus
961 2069 1153 2109 Plautus
1176 2068 1303 2121 ponit
1319 2079 1398 2120 pro
1423 2070 1570 2106 contra

126 2141 360 2182 cedamus:
409 2154 508 2181 cum
539 2140 735 2193 plurimae
768 2139 866 2179 aliae
897 2137 1239 2191 praepositiones
1264 2134 1569 2175 familiariores

126 2209 224 2249 huic
249 2210 378 2250 verbo
401 2210 498 2249 sint.
561 2206 876 2249 occentassint
898 2204 1063 2258 antiqui
1081 2204 1300 2253 dicebant,
1317 2202 1433 2256 quod
1454 2213 1567 2243 nunc

732 2337 964 2350 eeeeeeeeeeee

176 2444 213 2472 18
237 2440 259 2472 f.
274 2440 521 2479 fulminis.-l9
544 2439 567 2471 f.
584 2440 819 2480 quotannis.—-1
843 2439 867 2469 f.
881 2439 1044 2468 ricus—2
1068 2434 1091 2467 f.
1108 2432 1281 2474 quotannis.

780 2582 919 2614 NOTAE

178 2677 190 2690 ⁷,
215 2670 342 2710 Regioe]
388 2667 562 2699 videndus
591 2668 762 2698 Plutarch.
793 2667 826 2697 in
879 2664 1006 2705 Sacra‚'
1023 2662 1142 2704 inquit,
1159 2663 1167 2679 ‘
1188 2661 1240 2692 via
1257 2658 1436 2700 est1·‹2gia,‘
1453 2660 1514 2690 &cf

138 2720 245 2760 probi.
274 2724 308 2750 et
326 2718 488 2749 Asconius
513 2727 573 2757 pro
598 2717 736 2748 Milone.
766 2716 827 2747 ‘In
