1876 3025
259 171 343 211 954
701 179 852 210 SEXTI
886 178 1090 208 PoMPnn
1126 177 1264 208 Fsssri

261 276 559 331 Talipedarey
581 276 749 329 antiqui
784 275 991 316 dicebant
1010 286 1090 328 pro
1123 273 1333 314 vacillare
1352 262 1549 327 *pedibus
1582 274 1711 317 lassi-

319 345 483 396 tudine,
520 345 649 398 quasi
676 344 821 385 trahat
853 343 1007 396 pedes,
1041 346 1089 383 ut
1120 342 1221 383 talis
1255 341 1456 383 videatur
1490 342 1712 393 insistere,

318 417 392 454 aut
410 412 649 454 identidem
670 411 822 452 tollere
840 410 995 464 pedes.

262 480 531 535 Talipedare
551 483 619 521 est
649 479 859 520 vacillare
886 479 1091 533 pedibus,
1113 482 1156 520 ct
1176 478 1304 533 quasi
1326 479 1425 521 talis
1457 479 1519 520 in·
1535 478 1661 529 [PAU
1671 490 1712 520 1..

321 549 491 590 sistere.

262 616 402 658 Talus
423 628 675 670 praenomen
691 619 786 656 erat
799 614 1083 656 Sabinorum.

263 684 403 726 Talus
425 685 469 724 in
500 683 765 724 Sabinorum
786 682 1036 724 nominibus
1053 687 1067 703 ²
1107 683 1391 736 praenominis
1413 683 1513 724 loco
1547 682 1713 736 [FEST.

320 752 492 793 videtur
512 750 708 792 fuisse.¹⁵

263 820 406 861 Tama
421 819 783 872 significationem
803 819 946 868 habet,
968 830 1067 859 cum
1089 818 1292 871 ponimus
1327 817 1666 871 praepositivam
1682 815 1714 841 ¹⁶

320 887 555 942 quandam,
577 888 649 928 cui
674 887 985 941 subjungimus
1019 899 1173 940 quam:
1205 891 1257 927 ut
1285 900 1386 928 cum
1408 886 1596 927 dicimus
1618 891 1711 927 tam

320 956 539 1009 egregium
560 968 675 1009 opus
695 960 786 996 tam
807 968 944 1009 parvo
967 955 1109 1010 pretio
1131 956 1304 996 venisse
1323 969 1332 997 :
1363 954 1410 996 id
1428 959 1511 1004 est,
1534 953 1623 995 sic:
1652 954 1716 995 ita

320 1029 371 1065 ut
389 1023 508 1077 apud
526 1022 711 1064 Graecos
726 1022 741 1045 b
759 1036 939 1077 quoque
963 1020 1073 1071 οὕτως
1095 1023 1247 1078 ἀγαθόν.
1278 1023 1383 1065 item
1415 1035 1474 1063 ex
1496 1021 1714 1063 contrario

320 1092 361 1131 ei
397 1090 601 1140 dicimus,
639 1103 770 1144 quam
806 1091 950 1132 bonus
984 1091 1224 1141 Homerus,
1256 1094 1344 1132 tam
1374 1090 1518 1131 malus
1555 1088 1718 1142 Chery-

321 1159 461 1199 lus¹⁷⁰
497 1156 636 1212 poeta
668 1161 750 1199 est.
822 1156 883 1199 At
917 1158 1088 1213 antiqui
1129 1162 1217 1199 tam
1253 1159 1388 1199 etiam
1429 1170 1509 1211 pro
1541 1157 1717 1198 tamend

321 1226 390 1266 usi
426 1230 549 1266 sunt:
581 1230 631 1266 ut
672 1225 955 1267 Noniuszffle
1002 1226 1109 1277 Qui,
1139 1227 1176 1267 si
1212 1231 1375 1277 taccat,
1411 1227 1515 1267 dum
1549 1224 1716 1273 videat,

322 1300 411 1336 tam
442 1294 575 1335 etiam
614 1294 742 1343 sciat,
783 1294 893 1347 quid
929 1294 1144 1348 scriptum
1196 1294 1302 1336 sit.¹9
1377 1295 1577 1335 Ennius:
1628 1293 1717 1333 illae

323 1376 431 1404 meae
453 1367 541 1404 tam
563 1362 681 1416 potis
704 1363 830 1415 pacis
862 1363 1005 1416 potiri.
1066 1362 1283 1404 Titinius:
1315 1363 1437 1404 Bene
1473 1375 1574 1403 cum
1609 1360 1718 1402 faci-

876 1486 1112 1500 eeeeeeeeeeee

312 1587 349 1614 15
377 1582 462 1614 Haec
486 1582 621 1624 quidem
638 1592 711 1615 esse
727 1582 819 1614 Festi
847 1588 944 1614 notat
967 1582 1058 1614 Scal.
1077 1582 1136 1613 sed
1158 1591 1222 1613 non
1248 1591 1291 1613 ex
1308 1585 1375 1612 vet.
1392 1580 1450 1611 lib.
1468 1580 1719 1611 desumta.-—10

268 1627 349 1658 Vet.
376 1626 435 1657 lib.
458 1627 689 1667 proposita-am.
736 1627 798 1657 Vir
823 1627 914 1658 doct.
944 1626 977 1657 in
1005 1635 1112 1666 marg.
1138 1625 1192 1656 ed.
1220 1625 1311 1656 Scal.
1337 1623 1476 1663 conjicit
1499 1623 1719 1662 positivam.—

268 1672 307 1700 17
334 1670 527 1709 Legendum
553 1675 668 1701 mouet
694 1670 778 1702 Dae.
797 1670 1051 1702 Choerilum—18
1076 1668 1223 1702 Quidam
1250 1669 1369 1710 legunt
1388 1666 1617 1698 Noevz’us.—-19
1640 1665 1719 1696 Vet.

268 1713 324 1744 lib.
340 1714 420 1754 quod
433 1713 583 1753 scriptum
599 1716 659 1745 est.

920 1853 1063 1886 NOTAE

267 1953 352 1984 imus
381 1956 522 1992 agnatus
548 1950 747 1983 ulciscitur)
791 1951 847 1982 Sic
876 1951 962 1991 rupit
1019 1950 1099 1987 λης-3
1125 1950 1223 1983 Idem.

269 2012 330 2043 pro
360 2003 479 2043 ruperit
509 2002 596 2033 dixit
625 2002 777 2033 Lucilius
810 2001 869 2032 lib.
893 2003 964 2032 Sat.

268 2055 322 2084 26.
367 2053 427 2083 ‘Si
451 2062 486 2083 se
515 2053 617 2092 rupit,
644 2053 691 2082 sic
716 2061 850 2092 quoque
868 2060 963 2085 ame,

269 2102 360 2144 quod
399 2107 507 2143 roget,
538 2112 603 2133 non
637 2101 821 2142 impetret!
877 2102 965 2133 Vide

271 2153 470 2194 ‘Rupitias.’
494 2154 576 2185 Duc.

311 2211 324 2231 Υ
349 2204 545 2244 Talipedare]
583 2204 670 2236 Vide
700 2203 860 2236 ‘Taurii.'
889 2203 966 2235 Ant.

271 2256 356 2295 Aug.

315 2305 511 2346 Talipedare]
542 2305 654 2336 Gloss.
671 2306 680 2321 ‘
695 2305 858 2346 talipedo,
871 2316 966 2344 παρα-

271 2356 420 2397 σιἰρομαι.’
445 2357 511 2388 Qui
529 2355 758 2396 talipedarent
775 2360 855 2387 attae
874 2356 968 2386 dicii.

271 2409 359 2439 vide
376 2413 383 2424 ‘
400 2406 508 2438 Atta!
534 2407 614 2437 Duc.

314 2465 326 2479 2
360 2458 452 2488 Talus
487 2458 520 2488 ‘in
558 2456 741 2487 Sabinorum
777 2455 968 2495 nominibus]

272 2509 363 2540 Huic
380 2507 426 2538 rei
451 2506 625 2538 firmandae
643 2507 769 2537 nullum
788 2507 894 2538 adhuc
911 2517 968 2538 ex-

272 2559 420 2599 emplum
436 2557 561 2588 inveni.
586 2557 683 2588 Idem.

316 2614 330 2629 ἃ
355 2608 445 2649 Tam]
484 2609 559 2639 Tam
576 2612 610 2638 et
626 2618 717 2648 qnam
733 2613 911 2640 contracta
928 2619 969 2640 ex

274 2665 396 2691 tantum
411 2665 445 2690 et
461 2662 619 2700 quantum.
645 2658 752 2689 Idem.

316 2710 329 2729 b
357 2711 399 2741 Ut
427 2711 507 2749 apud
533 2708 676 2748 Groecos]
711 2709 823 2740 Gloss.
852 2711 969 2745 ‘Tani,

276 2761 389 2793 ob'ws)
433 2762 441 2777 ‘
458 2761 543 2792 Tam
567 2759 733 2802 perditus,
754 2760 848 2792 οὕτως
872 2760 968 2792 πανώ-

1062 2006 1075 2021 0
1101 1999 1268 2041 Cherylus]
1291 1997 1408 2030 Scribe
1425 1997 1591 2029 Choerilus.
1623 1996 1657 2027 Is
1669 2001 1721 2028 est

1022 2050 1078 2092 qui
1095 2052 1155 2081 sul)
1174 2049 1370 2080 Alexandro
1394 2058 1475 2088 rege
1499 2049 1584 2079 vixit
1605 2048 1722 2088 Olym-

1022 2099 1115 2140 piad.
1147 2102 1220 2130 113.
1267 2099 1321 2128 De
1355 2107 1419 2138 quo
1445 2097 1569 2128 Horat.
1596 2097 1653 2128 lib.
1679 2105 1721 2127 ιι.

1021 2150 1128 2191 Epist.
1155 2149 1164 2166 ‘
1181 2150 1310 2180 Gratus
1328 2147 1521 2179 Alexandro
1537 2148 1609 2189 regi
1627 2148 1725 2187 Mag—

1022 2211 1065 2232 no
1093 2200 1157 2232 fuit
1186 2200 1241 2231 ille
1276 2199 1456 2238 Choerilus,
1496 2199 1633 2230 incultis
1666 2199 1723 2240 qui

1023 2251 1176 2282 versibus
1202 2255 1237 2281 et
1271 2251 1357 2281 male
1392 2250 1480 2281 uatis
1513 2250 1642 2281 Retulit
1669 2259 1725 2280 ac-

1023 2306 1153 2343 ceptos,
1177 2302 1291 2342 regale
1316 2301 1490 2340 numisma,
1521 2300 1722 2341 Philippos?

1024 2355 1123 2385 Idem.

1063 2406 1077 2426 ²¹
1102 2405 1145 2436 At
1169 2404 1291 2445 antiqui
1315 2408 1378 2435 tam.
1404 2405 1498 2435 etiam
1525 2413 1580 2444 pro
1606 2404 1721 2444 tamen]

1024 2458 1114 2489 Nam
1154 2463 1189 2487 et
1225 2460 1325 2486 tamen
1356 2456 1545 2486 derivatum
1579 2465 1619 2485 ex
1651 2458 1725 2485 tam.

1023 2509 1140 2540 Plaut.
1169 2507 1339 2538 Menaech.
1365 2516 1405 2537 u.
1432 2509 1463 2537 3.
1488 2506 1577 2536 ‘Em
1600 2506 1723 2535 Eamus

1023 2559 1113 2590 intro
1131 2562 1166 2588 ut
1180 2557 1415 2597 prandeamus.
1462 2556 1535 2587 ΜΕ.
1560 2556 1654 2586 Beue
1671 2565 1725 2585 vo-

1025 2620 1102 2641 cas:
1145 2615 1209 2639 tam
1242 2608 1348 2648 gratia
1377 2606 1453 2638 est)
1507 2606 1595 2637 Item
1628 2606 1721 2636 alibi.

1025 2660 1122 2690 Idem.
1300 2650 1316 2656 '⁴

1067 2715 1079 2727 ⁹
1108 2710 1149 2740 Ut
1171 2708 1309 2749 Nonius]
1335 2707 1479 2741 Quidam
1500 2708 1650 2737 Navius:
1675 2716 1722 2737 in-

1026 2766 1157 2793 certum
1175 2766 1238 2792 est.
1264 2760 1361 2791 Idem.
