<?xml version="1.0" encoding="UTF-8"?>
<!DOCTYPE html PUBLIC "-//W3C//DTD XHTML 1.0 Transitional//EN"
    "http://www.w3.org/TR/xhtml1/DTD/xhtml1-transitional.dtd">
<html xmlns="http://www.w3.org/1999/xhtml" xml:lang="en" lang="en">
 <head>
  <title>
</title>
<meta http-equiv="Content-Type" content="text/html;charset=utf-8" />
  <meta name='ocr-system' content='tesseract 3.04.00' />
  <meta name='ocr-capabilities' content='ocr_page ocr_carea ocr_par ocr_line ocrx_word'/>
</head>
<body>
  <div class='ocr_page' id='page_1' title='image "./mverriiflacciqua02verruoft/mverriiflacciqua02verruoft_0200.png"; bbox 0 0 1876 3025; ppageno 0'>
   <div class='ocr_carea' id='block_1_1' title="bbox 277 191 360 233">
    <p class='ocr_par' dir='ltr' id='par_1_1' title="bbox 277 191 360 233">
     <span class='ocr_line' id='line_1_1' title="bbox 277 191 360 233; baseline 0.012 -1"><span class='ocrx_word' id='word_1_1' title='bbox 277 191 360 233; x_wconf 78' lang='lat'><strong>830</strong></span> 
     </span>
    </p>
   </div>
   <div class='ocr_carea' id='block_1_2' title="bbox 723 192 1291 228">
    <p class='ocr_par' dir='ltr' id='par_1_2' title="bbox 723 192 1291 228">
     <span class='ocr_line' id='line_1_2' title="bbox 723 192 1291 228; baseline -0.011 0"><span class='ocrx_word' id='word_1_2' title='bbox 723 196 875 228; x_wconf 83' lang='lat' dir='ltr'>SEXTI</span> <span class='ocrx_word' id='word_1_3' title='bbox 912 193 1114 225; x_wconf 85' lang='grc' dir='ltr'><strong>ΡΟΜΡΕΙΙ</strong></span> <span class='ocrx_word' id='word_1_4' title='bbox 1150 192 1291 224; x_wconf 77' lang='lat' dir='ltr'><strong>FES&#39;rl</strong></span> 
     </span>
    </p>
   </div>
   <div class='ocr_carea' id='block_1_3' title="bbox 278 284 1733 353">
    <p class='ocr_par' dir='ltr' id='par_1_3' title="bbox 278 284 1733 353">
     <span class='ocr_line' id='line_1_3' title="bbox 278 284 1733 353; baseline -0.012 -12"><span class='ocrx_word' id='word_1_5' title='bbox 278 297 627 353; x_wconf 73' lang='lat' dir='ltr'><strong>Scaptensula40</strong></span> <span class='ocrx_word' id='word_1_6' title='bbox 648 297 780 337; x_wconf 91' lang='lat' dir='ltr'><strong>locus</strong></span> <span class='ocrx_word' id='word_1_7' title='bbox 802 294 876 335; x_wconf 88' lang='lat' dir='ltr'><strong>ubi</strong></span> <span class='ocrx_word' id='word_1_8' title='bbox 901 297 1125 345; x_wconf 80' lang='lat' dir='ltr'><strong>argentum</strong></span> <span class='ocrx_word' id='word_1_9' title='bbox 1145 290 1351 332; x_wconf 86' lang='lat' dir='ltr'><strong>effoditur</strong></span> <span class='ocrx_word' id='word_1_10' title='bbox 1372 287 1416 329; x_wconf 91' lang='lat' dir='ltr'><strong>in</strong></span> <span class='ocrx_word' id='word_1_11' title='bbox 1438 285 1535 327; x_wconf 83' lang='lat' dir='ltr'><strong>Ma·</strong></span> <span class='ocrx_word' id='word_1_12' title='bbox 1553 284 1733 339; x_wconf 70' lang='lat' dir='ltr'><strong>[PAUL.</strong></span> 
     </span>
    </p>
   </div>
   <div class='ocr_carea' id='block_1_4' title="bbox 335 361 1734 478">
    <p class='ocr_par' dir='ltr' id='par_1_4' title="bbox 335 361 1734 478">
     <span class='ocr_line' id='line_1_4' title="bbox 335 361 1001 408; baseline -0.012 0"><span class='ocrx_word' id='word_1_13' title='bbox 335 367 523 408; x_wconf 87' lang='lat' dir='ltr'><strong>cedonia</strong></span> <span class='ocrx_word' id='word_1_14' title='bbox 554 365 696 406; x_wconf 89' lang='lat' dir='ltr'><strong>dictus</strong></span> <span class='ocrx_word' id='word_1_15' title='bbox 717 377 744 404; x_wconf 85' lang='lat' dir='ltr'><strong>a</strong></span> <span class='ocrx_word' id='word_1_16' title='bbox 764 361 973 403; x_wconf 84' lang='lat' dir='ltr'><strong>fodiendo</strong></span> <span class='ocrx_word' id='word_1_17' title='bbox 992 374 1001 402; x_wconf 77' lang='grc' dir='ltr'><strong><em>ε</em></strong></span> 
     </span>
     <span class='ocr_line' id='line_1_5' title="bbox 710 420 1734 478; baseline -0.011 -7"><span class='ocrx_word' id='word_1_18' title='bbox 710 429 971 472; x_wconf 87' lang='lat' dir='ltr'><strong>Lucretius:</strong></span> <span class='ocrx_word' id='word_1_19' title='bbox 1002 426 1176 477; x_wconf 82' lang='lat' dir='ltr'>Quales</span> <span class='ocrx_word' id='word_1_20' title='bbox 1215 425 1411 478; x_wconf 81' lang='lat' dir='ltr'><strong>exspiret</strong></span> <span class='ocrx_word' id='word_1_21' title='bbox 1452 420 1734 476; x_wconf 81' lang='lat' dir='ltr'><strong>scaptensula</strong></span> 
     </span>
    </p>
   </div>
   <div class='ocr_carea' id='block_1_5' title="bbox 335 433 675 544">
    <p class='ocr_par' dir='ltr' id='par_1_5' title="bbox 335 433 675 544">
     <span class='ocr_line' id='line_1_6' title="bbox 335 433 649 476; baseline -0.013 0"><span class='ocrx_word' id='word_1_22' title='bbox 335 435 435 476; x_wconf 87' lang='lat' dir='ltr'><strong>dere</strong></span> <span class='ocrx_word' id='word_1_23' title='bbox 477 433 649 474; x_wconf 86' lang='lat' dir='ltr'><strong>dicitur.</strong></span> 
     </span>
     <span class='ocr_line' id='line_1_7' title="bbox 336 500 675 544; baseline -0.015 0"><span class='ocrx_word' id='word_1_24' title='bbox 336 504 483 544; x_wconf 83' lang='lat' dir='ltr'><strong>subter</strong></span> <span class='ocrx_word' id='word_1_25' title='bbox 505 500 675 541; x_wconf 88' lang='lat' dir='ltr'><strong>odores.</strong></span> 
     </span>
    </p>
   </div>
   <div class='ocr_carea' id='block_1_6' title="bbox 1032 351 1733 412">
    <p class='ocr_par' dir='ltr' id='par_1_6' title="bbox 1032 351 1733 412">
     <span class='ocr_line' id='line_1_8' title="bbox 1032 351 1733 412; baseline -0.014 -12"><span class='ocrx_word' id='word_1_26' title='bbox 1032 371 1224 412; x_wconf 83' lang='lat' dir='ltr'><strong>namque</strong></span> <span class='ocrx_word' id='word_1_27' title='bbox 1248 357 1408 399; x_wconf 79' lang='lat' dir='ltr'><strong>Graece</strong></span> <span class='ocrx_word' id='word_1_28' title='bbox 1430 351 1610 394; x_wconf 79' lang='grc' dir='ltr'><em>σκάπτειν</em></span> <span class='ocrx_word' id='word_1_29' title='bbox 1630 352 1733 393; x_wconf 87' lang='lat' dir='ltr'><strong>effo-</strong></span> 
     </span>
    </p>
   </div>
   <div class='ocr_carea' id='block_1_7' title="bbox 280 557 1735 828">
    <p class='ocr_par' dir='ltr' id='par_1_7' title="bbox 280 557 1735 758">
     <span class='ocr_line' id='line_1_9' title="bbox 280 557 1732 624; baseline -0.011 -11"><span class='ocrx_word' id='word_1_30' title='bbox 280 567 581 624; x_wconf 78' lang='lat' dir='ltr'><strong>Scaptensula,</strong></span> <span class='ocrx_word' id='word_1_31' title='bbox 605 566 711 607; x_wconf 74' lang='lat' dir='ltr'><em>locus</em></span> <span class='ocrx_word' id='word_1_32' title='bbox 745 564 816 604; x_wconf 68' lang='lat' dir='ltr'><strong>ubi</strong></span> <span class='ocrx_word' id='word_1_33' title='bbox 846 569 1062 619; x_wconf 80' lang='lat' dir='ltr'><strong>argentum</strong></span> <span class='ocrx_word' id='word_1_34' title='bbox 1097 560 1293 616; x_wconf 79' lang='lat' dir='ltr'><strong>effoditur</strong></span> <span class='ocrx_word' id='word_1_35' title='bbox 1313 561 1357 601; x_wconf 93' lang='lat' dir='ltr'><strong>in</strong></span> <span class='ocrx_word' id='word_1_36' title='bbox 1386 559 1535 600; x_wconf 83' lang='lat' dir='ltr'><strong>Mace·</strong></span> <span class='ocrx_word' id='word_1_37' title='bbox 1566 557 1732 612; x_wconf 70' lang='lat' dir='ltr'>[FEST-</span> 
     </span>
     <span class='ocr_line' id='line_1_10' title="bbox 337 622 1735 689; baseline -0.011 -9"><span class='ocrx_word' id='word_1_38' title='bbox 337 639 484 689; x_wconf 89' lang='lat' dir='ltr'><strong>donia,</strong></span> <span class='ocrx_word' id='word_1_39' title='bbox 503 637 562 677; x_wconf 72' lang='lat' dir='ltr'><strong>ita</strong></span> <span class='ocrx_word' id='word_1_40' title='bbox 586 634 715 675; x_wconf 77' lang='lat' dir='ltr'><strong>dictus</strong></span> <span class='ocrx_word' id='word_1_41' title='bbox 736 631 986 689; x_wconf 78' lang='lat' dir='ltr'><strong>afodiendo,</strong></span> <span class='ocrx_word' id='word_1_42' title='bbox 1005 630 1124 685; x_wconf 91' lang='lat' dir='ltr'><strong>quod</strong></span> <span class='ocrx_word' id='word_1_43' title='bbox 1144 634 1213 671; x_wconf 91' lang='lat' dir='ltr'><strong>est</strong></span> <span class='ocrx_word' id='word_1_44' title='bbox 1233 629 1389 671; x_wconf 61' lang='lat' dir='ltr'><strong>Graece</strong></span> <span class='ocrx_word' id='word_1_45' title='bbox 1410 626 1604 667; x_wconf 71' lang='grc' dir='ltr'><strong>σκάπτειν.</strong></span> <span class='ocrx_word' id='word_1_46' title='bbox 1647 622 1735 665; x_wconf 80' lang='lat' dir='ltr'><strong>Lu·</strong></span> 
     </span>
     <span class='ocr_line' id='line_1_11' title="bbox 337 694 1525 758; baseline -0.01 -12"><span class='ocrx_word' id='word_1_47' title='bbox 337 706 508 747; x_wconf 79' lang='lat' dir='ltr'><strong>cretius:</strong></span> <span class='ocrx_word' id='word_1_48' title='bbox 541 704 676 758; x_wconf 81' lang='lat' dir='ltr'><strong>qualis</strong></span> <span class='ocrx_word' id='word_1_49' title='bbox 693 701 891 754; x_wconf 84' lang='lat' dir='ltr'><strong>exspiret</strong></span> <span class='ocrx_word' id='word_1_50' title='bbox 912 698 1192 754; x_wconf 78' lang='lat' dir='ltr'><strong>Scaptensula</strong></span> <span class='ocrx_word' id='word_1_51' title='bbox 1213 696 1352 738; x_wconf 78' lang='lat' dir='ltr'><strong>subter</strong></span> <span class='ocrx_word' id='word_1_52' title='bbox 1373 694 1525 736; x_wconf 76' lang='lat' dir='ltr'><strong>odores.</strong></span> 
     </span>
    </p>

    <p class='ocr_par' dir='ltr' id='par_1_8' title="bbox 280 762 1733 828">
     <span class='ocr_line' id='line_1_12' title="bbox 280 762 1733 828; baseline -0.009 -13"><span class='ocrx_word' id='word_1_53' title='bbox 280 774 464 828; x_wconf 82' lang='lat' dir='ltr'><strong>Scaptia</strong></span> <span class='ocrx_word' id='word_1_54' title='bbox 495 769 665 813; x_wconf 76' lang='lat' dir='ltr'><strong>tribusd</strong></span> <span class='ocrx_word' id='word_1_55' title='bbox 703 784 730 812; x_wconf 84' lang='lat' dir='ltr'><strong>a</strong></span> <span class='ocrx_word' id='word_1_56' title='bbox 762 769 938 811; x_wconf 85' lang='lat' dir='ltr'><strong>nomine</strong></span> <span class='ocrx_word' id='word_1_57' title='bbox 968 769 1090 810; x_wconf 90' lang='lat' dir='ltr'><strong>urbis</strong></span> <span class='ocrx_word' id='word_1_58' title='bbox 1117 766 1316 821; x_wconf 82' lang='lat' dir='ltr'><strong>Scaptiae</strong></span> <span class='ocrx_word' id='word_1_59' title='bbox 1348 763 1501 819; x_wconf 86' lang='lat' dir='ltr'><strong>appel·</strong></span> <span class='ocrx_word' id='word_1_60' title='bbox 1550 762 1733 817; x_wconf 63' lang='lat' dir='ltr'><strong>[PAUL.</strong></span> 
     </span>
    </p>
   </div>
   <div class='ocr_carea' id='block_1_8' title="bbox 338 843 468 883">
    <p class='ocr_par' dir='ltr' id='par_1_9' title="bbox 338 843 468 883">
     <span class='ocr_line' id='line_1_13' title="bbox 338 843 468 883; baseline 0 0"><span class='ocrx_word' id='word_1_61' title='bbox 338 843 468 883; x_wconf 85' lang='lat' dir='ltr'><strong>latur.</strong></span> 
     </span>
    </p>
   </div>
   <div class='ocr_carea' id='block_1_9' title="bbox 284 898 1735 963">
    <p class='ocr_par' dir='ltr' id='par_1_10' title="bbox 284 898 1735 963">
     <span class='ocr_line' id='line_1_14' title="bbox 284 898 1735 963; baseline -0.008 -14"><span class='ocrx_word' id='word_1_62' title='bbox 284 909 453 963; x_wconf 73' lang='lat' dir='ltr'><strong>Scaptia</strong></span> <span class='ocrx_word' id='word_1_63' title='bbox 471 907 598 948; x_wconf 74' lang='lat' dir='ltr'><strong>tribus</strong></span> <span class='ocrx_word' id='word_1_64' title='bbox 613 921 637 946; x_wconf 87' lang='grc' dir='ltr'><em>α</em></span> <span class='ocrx_word' id='word_1_65' title='bbox 655 907 823 947; x_wconf 78' lang='lat' dir='ltr'><strong>nomine</strong></span> <span class='ocrx_word' id='word_1_66' title='bbox 839 904 961 946; x_wconf 87' lang='lat' dir='ltr'><strong>urbis</strong></span> <span class='ocrx_word' id='word_1_67' title='bbox 977 903 1177 957; x_wconf 81' lang='lat' dir='ltr'><strong>Scaptiae</strong></span> <span class='ocrx_word' id='word_1_68' title='bbox 1192 899 1414 956; x_wconf 68' lang='lat' dir='ltr'><strong>appellata,</strong></span> <span class='ocrx_word' id='word_1_69' title='bbox 1432 914 1552 955; x_wconf 78' lang='lat' dir='ltr'><strong>quom</strong></span> <span class='ocrx_word' id='word_1_70' title='bbox 1570 898 1735 951; x_wconf 62' lang='lat' dir='ltr'><strong>[Fns‘r.</strong></span> 
     </span>
    </p>
   </div>
   <div class='ocr_carea' id='block_1_10' title="bbox 341 976 798 1018">
    <p class='ocr_par' dir='ltr' id='par_1_11' title="bbox 341 976 798 1018">
     <span class='ocr_line' id='line_1_15' title="bbox 341 976 798 1018; baseline -0.009 -2"><span class='ocrx_word' id='word_1_71' title='bbox 341 976 506 1018; x_wconf 76' lang='lat' dir='ltr'><strong>Pedani</strong></span> <span class='ocrx_word' id='word_1_72' title='bbox 527 976 798 1017; x_wconf 85' lang='lat' dir='ltr'><strong>incolebant.</strong></span> 
     </span>
    </p>
   </div>
   <div class='ocr_carea' id='block_1_11' title="bbox 282 1035 1736 1433">
    <p class='ocr_par' dir='ltr' id='par_1_12' title="bbox 282 1035 1734 1289">
     <span class='ocr_line' id='line_1_16' title="bbox 282 1035 1733 1098; baseline -0.009 -11"><span class='ocrx_word' id='word_1_73' title='bbox 282 1046 538 1087; x_wconf 77' lang='lat' dir='ltr'><strong>Sceleratae</strong></span> <span class='ocrx_word' id='word_1_74' title='bbox 559 1049 706 1098; x_wconf 84' lang='lat' dir='ltr'><strong>porta,</strong></span> <span class='ocrx_word' id='word_1_75' title='bbox 737 1056 837 1097; x_wconf 87' lang='lat' dir='ltr'><strong>quae</strong></span> <span class='ocrx_word' id='word_1_76' title='bbox 868 1045 910 1083; x_wconf 91' lang='lat' dir='ltr'><strong>et</strong></span> <span class='ocrx_word' id='word_1_77' title='bbox 935 1038 1221 1082; x_wconf 82' lang='lat' dir='ltr'><strong>Carmentalis</strong></span> <span class='ocrx_word' id='word_1_78' title='bbox 1252 1037 1424 1086; x_wconf 90' lang='lat' dir='ltr'><strong>dicitur,</strong></span> <span class='ocrx_word' id='word_1_79' title='bbox 1445 1049 1522 1077; x_wconf 87' lang='lat' dir='ltr'><strong>vo·</strong></span> <span class='ocrx_word' id='word_1_80' title='bbox 1554 1035 1733 1089; x_wconf 76' lang='lat' dir='ltr'><strong>[PAUL.</strong></span> 
     </span>
     <span class='ocr_line' id='line_1_17' title="bbox 340 1103 1734 1165; baseline -0.009 -11"><span class='ocrx_word' id='word_1_81' title='bbox 340 1119 454 1162; x_wconf 84' lang='lat' dir='ltr'><strong>cata,</strong></span> <span class='ocrx_word' id='word_1_82' title='bbox 477 1111 597 1165; x_wconf 86' lang='lat' dir='ltr'><strong>quod</strong></span> <span class='ocrx_word' id='word_1_83' title='bbox 631 1124 709 1165; x_wconf 88' lang='lat' dir='ltr'><strong>per</strong></span> <span class='ocrx_word' id='word_1_84' title='bbox 729 1123 825 1151; x_wconf 83' lang='lat' dir='ltr'><strong>eam</strong></span> <span class='ocrx_word' id='word_1_85' title='bbox 849 1122 929 1149; x_wconf 87' lang='lat' dir='ltr'><strong>sex</strong></span> <span class='ocrx_word' id='word_1_86' title='bbox 952 1112 994 1148; x_wconf 90' lang='lat' dir='ltr'><strong>et</strong></span> <span class='ocrx_word' id='word_1_87' title='bbox 1024 1107 1208 1148; x_wconf 88' lang='lat' dir='ltr'><strong>trecenti</strong></span> <span class='ocrx_word' id='word_1_88' title='bbox 1230 1105 1361 1146; x_wconf 83' lang='lat' dir='ltr'><strong>Fabii</strong></span> <span class='ocrx_word' id='word_1_89' title='bbox 1389 1117 1487 1144; x_wconf 88' lang='lat' dir='ltr'><strong>cum</strong></span> <span class='ocrx_word' id='word_1_90' title='bbox 1510 1103 1734 1144; x_wconf 89' lang='lat' dir='ltr'><strong>clientium</strong></span> 
     </span>
     <span class='ocr_line' id='line_1_18' title="bbox 340 1171 1734 1232; baseline -0.008 -11"><span class='ocrx_word' id='word_1_91' title='bbox 340 1180 534 1221; x_wconf 88' lang='lat' dir='ltr'><strong>millibus</strong></span> <span class='ocrx_word' id='word_1_92' title='bbox 558 1180 748 1232; x_wconf 86' lang='lat' dir='ltr'><strong>quinque</strong></span> <span class='ocrx_word' id='word_1_93' title='bbox 781 1177 946 1230; x_wconf 88' lang='lat' dir='ltr'><strong>egressi</strong></span> <span class='ocrx_word' id='word_1_94' title='bbox 981 1175 1193 1217; x_wconf 85' lang='lat' dir='ltr'><strong>adversus</strong></span> <span class='ocrx_word' id='word_1_95' title='bbox 1217 1173 1445 1222; x_wconf 85' lang='lat' dir='ltr'><strong>Etruscos,</strong></span> <span class='ocrx_word' id='word_1_96' title='bbox 1476 1171 1531 1213; x_wconf 90' lang='lat' dir='ltr'><strong>ad</strong></span> <span class='ocrx_word' id='word_1_97' title='bbox 1563 1183 1734 1212; x_wconf 86' lang='lat' dir='ltr'><strong>amnem</strong></span> 
     </span>
     <span class='ocr_line' id='line_1_19' title="bbox 341 1243 1133 1289; baseline -0.009 0"><span class='ocrx_word' id='word_1_98' title='bbox 341 1248 587 1289; x_wconf 84' lang='lat' dir='ltr'><strong>Cremeram</strong></span> <span class='ocrx_word' id='word_1_99' title='bbox 610 1259 759 1287; x_wconf 89' lang='lat' dir='ltr'><strong>omnes</strong></span> <span class='ocrx_word' id='word_1_100' title='bbox 782 1250 882 1287; x_wconf 91' lang='lat' dir='ltr'><strong>sunt</strong></span> <span class='ocrx_word' id='word_1_101' title='bbox 903 1243 1133 1285; x_wconf 85' lang='lat' dir='ltr'><strong>interfecti.</strong></span> 
     </span>
    </p>

    <p class='ocr_par' dir='ltr' id='par_1_13' title="bbox 286 1305 1736 1433">
     <span class='ocr_line' id='line_1_20' title="bbox 286 1305 1736 1367; baseline -0.007 -11"><span class='ocrx_word' id='word_1_102' title='bbox 286 1315 507 1356; x_wconf 79' lang='lat' dir='ltr'><strong>Scelerata</strong></span> <span class='ocrx_word' id='word_1_103' title='bbox 528 1319 648 1367; x_wconf 82' lang='lat' dir='ltr'><strong>porta</strong></span> <span class='ocrx_word' id='word_1_104' title='bbox 672 1312 806 1353; x_wconf 84' lang='lat' dir='ltr'><strong>eadem</strong></span> <span class='ocrx_word' id='word_1_105' title='bbox 823 1310 1056 1367; x_wconf 76' lang='lat' dir='ltr'><strong>appellatur</strong></span> <span class='ocrx_word' id='word_1_106' title='bbox 1073 1323 1098 1350; x_wconf 87' lang='lat' dir='ltr'><strong>a</strong></span> <span class='ocrx_word' id='word_1_107' title='bbox 1116 1309 1394 1363; x_wconf 85' lang='lat' dir='ltr'><strong>quibusdam,</strong></span> <span class='ocrx_word' id='word_1_108' title='bbox 1417 1321 1501 1362; x_wconf 78' lang='lat' dir='ltr'><strong>quae</strong></span> <span class='ocrx_word' id='word_1_109' title='bbox 1518 1305 1736 1359; x_wconf 77' lang='lat' dir='ltr'><strong>ec[FEs&#39;1·.</strong></span> 
     </span>
     <span class='ocr_line' id='line_1_21' title="bbox 345 1371 1736 1433; baseline -0.008 -11"><span class='ocrx_word' id='word_1_110' title='bbox 345 1379 617 1422; x_wconf 79' lang='lat' dir='ltr'><strong>Carmentalis</strong></span> <span class='ocrx_word' id='word_1_111' title='bbox 634 1379 798 1429; x_wconf 74' lang='lat' dir='ltr'><strong>dicitur,</strong></span> <span class='ocrx_word' id='word_1_112' title='bbox 821 1378 939 1433; x_wconf 92' lang='lat' dir='ltr'><strong>quod</strong></span> <span class='ocrx_word' id='word_1_113' title='bbox 962 1379 1002 1418; x_wconf 88' lang='lat' dir='ltr'><strong>ei</strong></span> <span class='ocrx_word' id='word_1_114' title='bbox 1023 1378 1275 1431; x_wconf 81' lang='lat' dir='ltr'><strong>proximum</strong></span> <span class='ocrx_word' id='word_1_115' title='bbox 1299 1375 1527 1416; x_wconf 66' lang='lat' dir='ltr'><strong>Carmentae</strong></span> <span class='ocrx_word' id='word_1_116' title='bbox 1548 1371 1736 1413; x_wconf 81' lang='lat' dir='ltr'><strong>sacellum</strong></span> 
     </span>
    </p>
   </div>
   <div class='ocr_carea' id='block_1_12' title="bbox 328 1448 441 1504">
    <p class='ocr_par' dir='ltr' id='par_1_14' title="bbox 328 1448 441 1504">
     <span class='ocr_line' id='line_1_22' title="bbox 328 1448 441 1504; baseline 0 -13"><span class='ocrx_word' id='word_1_117' title='bbox 328 1448 441 1504; x_wconf 68' lang='lat' dir='ltr'><strong>sirit.</strong></span> 
     </span>
    </p>
   </div>
   <div class='ocr_carea' id='block_1_13' title="bbox 909 1588 1026 1600">
    <p class='ocr_par' dir='ltr' id='par_1_15' title="bbox 909 1588 1026 1600">
     <span class='ocr_line' id='line_1_23' title="bbox 909 1588 1026 1600; baseline 0 -1"><span class='ocrx_word' id='word_1_118' title='bbox 909 1588 1026 1600; x_wconf 58' lang='lat' dir='ltr'><strong>eeeeee</strong></span> 
     </span>
    </p>
   </div>
   <div class='ocr_carea' id='block_1_14' title="bbox 327 1689 1015 1729">
    <p class='ocr_par' dir='ltr' id='par_1_16' title="bbox 327 1689 1015 1729">
     <span class='ocr_line' id='line_1_24' title="bbox 327 1689 1015 1729; baseline 0 -9"><span class='ocrx_word' id='word_1_119' title='bbox 327 1694 347 1720; x_wconf 74' lang='lat'><strong>4</strong></span> <span class='ocrx_word' id='word_1_120' title='bbox 374 1689 568 1729; x_wconf 67' lang='lat' dir='ltr'><strong>Legenfflnn</strong></span> <span class='ocrx_word' id='word_1_121' title='bbox 588 1693 701 1720; x_wconf 72' lang='lat' dir='ltr'><strong>monet</strong></span> <span class='ocrx_word' id='word_1_122' title='bbox 721 1690 802 1719; x_wconf 71' lang='lat' dir='ltr'><strong>Dae.</strong></span> <span class='ocrx_word' id='word_1_123' title='bbox 821 1689 1015 1728; x_wconf 75' lang='lat' dir='ltr'><strong>Scaptesula.</strong></span> 
     </span>
    </p>
   </div>
   <div class='ocr_carea' id='block_1_15' title="bbox 506 1439 1737 1501">
    <p class='ocr_par' dir='ltr' id='par_1_17' title="bbox 506 1439 1737 1501">
     <span class='ocr_line' id='line_1_25' title="bbox 506 1439 1737 1501; baseline -0.007 -13"><span class='ocrx_word' id='word_1_124' title='bbox 506 1447 714 1489; x_wconf 73' lang='lat' dir='ltr'><strong>Scelerata</strong></span> <span class='ocrx_word' id='word_1_125' title='bbox 734 1453 893 1497; x_wconf 86' lang='lat' dir='ltr'><strong>autem,</strong></span> <span class='ocrx_word' id='word_1_126' title='bbox 920 1446 1037 1501; x_wconf 89' lang='lat' dir='ltr'><strong>quod</strong></span> <span class='ocrx_word' id='word_1_127' title='bbox 1059 1460 1134 1500; x_wconf 85' lang='lat' dir='ltr'><strong>per</strong></span> <span class='ocrx_word' id='word_1_128' title='bbox 1164 1458 1258 1486; x_wconf 89' lang='lat' dir='ltr'><strong>eam</strong></span> <span class='ocrx_word' id='word_1_129' title='bbox 1282 1457 1348 1484; x_wconf 73' lang='lat' dir='ltr'><strong>sex</strong></span> <span class='ocrx_word' id='word_1_130' title='bbox 1369 1450 1405 1483; x_wconf 86' lang='lat' dir='ltr'><strong>et</strong></span> <span class='ocrx_word' id='word_1_131' title='bbox 1429 1441 1594 1483; x_wconf 76' lang='lat' dir='ltr'><strong>trecenti</strong></span> <span class='ocrx_word' id='word_1_132' title='bbox 1617 1439 1737 1481; x_wconf 70' lang='lat' dir='ltr'><strong>Fabii</strong></span> 
     </span>
    </p>
   </div>
   <div class='ocr_carea' id='block_1_16' title="bbox 1033 1587 1131 1599">
    <p class='ocr_par' dir='ltr' id='par_1_18' title="bbox 1033 1587 1131 1599">
     <span class='ocr_line' id='line_1_26' title="bbox 1033 1587 1131 1599; baseline -0.01 0"><span class='ocrx_word' id='word_1_133' title='bbox 1033 1587 1131 1599; x_wconf 58' lang='lat' dir='ltr'><strong>eeeee</strong></span> 
     </span>
    </p>
   </div>
   <div class='ocr_carea' id='block_1_17' title="bbox 938 1818 1081 1850">
    <p class='ocr_par' dir='ltr' id='par_1_19' title="bbox 938 1818 1081 1850">
     <span class='ocr_line' id='line_1_27' title="bbox 938 1818 1081 1850; baseline 0.007 -1"><span class='ocrx_word' id='word_1_134' title='bbox 938 1818 1081 1850; x_wconf 77' lang='lat' dir='ltr'>NOTAE</span> 
     </span>
    </p>
   </div>
   <div class='ocr_carea' id='block_1_18' title="bbox 286 1894 990 2793">
    <p class='ocr_par' dir='ltr' id='par_1_20' title="bbox 286 1894 987 2287">
     <span class='ocr_line' id='line_1_28' title="bbox 329 1894 984 1936; baseline -0.003 -10"><span class='ocrx_word' id='word_1_135' title='bbox 329 1902 343 1917; x_wconf 52' lang='grc' dir='ltr'><strong>θ</strong></span> <span class='ocrx_word' id='word_1_136' title='bbox 388 1895 604 1936; x_wconf 79' lang='lat' dir='ltr'><strong>Scaptensula]</strong></span> <span class='ocrx_word' id='word_1_137' title='bbox 653 1896 744 1936; x_wconf 83' lang='lat' dir='ltr'><strong>Lege</strong></span> <span class='ocrx_word' id='word_1_138' title='bbox 781 1894 984 1934; x_wconf 79' lang='lat' dir='ltr'><strong>Scaptesula:</strong></span> 
     </span>
     <span class='ocr_line' id='line_1_29' title="bbox 286 1944 984 1985; baseline -0.001 -10"><span class='ocrx_word' id='word_1_139' title='bbox 286 1944 494 1982; x_wconf 78' lang='grc' dir='ltr'>σκαπτησύλη</span> <span class='ocrx_word' id='word_1_140' title='bbox 531 1946 706 1985; x_wconf 81' lang='lat' dir='ltr'><strong>Stephano</strong></span> <span class='ocrx_word' id='word_1_141' title='bbox 738 1950 772 1975; x_wconf 88' lang='lat' dir='ltr'><strong>et</strong></span> <span class='ocrx_word' id='word_1_142' title='bbox 808 1945 984 1975; x_wconf 82' lang='lat' dir='ltr'><strong>Plutarch.</strong></span> 
     </span>
     <span class='ocr_line' id='line_1_30' title="bbox 288 1994 986 2036; baseline -0.003 -10"><span class='ocrx_word' id='word_1_143' title='bbox 288 1996 344 2036; x_wconf 87' lang='lat' dir='ltr'><strong>qni</strong></span> <span class='ocrx_word' id='word_1_144' title='bbox 373 1996 405 2026; x_wconf 88' lang='lat' dir='ltr'><strong>in</strong></span> <span class='ocrx_word' id='word_1_145' title='bbox 432 1996 590 2033; x_wconf 86' lang='lat' dir='ltr'><strong>Thracia,</strong></span> <span class='ocrx_word' id='word_1_146' title='bbox 620 2005 683 2026; x_wconf 88' lang='lat' dir='ltr'><strong>non</strong></span> <span class='ocrx_word' id='word_1_147' title='bbox 716 1995 747 2025; x_wconf 90' lang='lat' dir='ltr'><strong>in</strong></span> <span class='ocrx_word' id='word_1_148' title='bbox 780 1994 986 2025; x_wconf 78' lang='lat' dir='ltr'><strong>Macedonia</strong></span> 
     </span>
     <span class='ocr_line' id='line_1_31' title="bbox 288 2045 987 2086; baseline -0.001 -11"><span class='ocrx_word' id='word_1_149' title='bbox 288 2051 431 2086; x_wconf 85' lang='lat' dir='ltr'><strong>ponunt.</strong></span> <span class='ocrx_word' id='word_1_150' title='bbox 456 2045 557 2086; x_wconf 82' lang='lat' dir='ltr'><strong>Apud</strong></span> <span class='ocrx_word' id='word_1_151' title='bbox 577 2046 710 2076; x_wconf 76' lang='lat' dir='ltr'><strong>Lucret.</strong></span> <span class='ocrx_word' id='word_1_152' title='bbox 733 2045 913 2084; x_wconf 81' lang='lat' dir='ltr'><strong>Scaptesyla</strong></span> <span class='ocrx_word' id='word_1_153' title='bbox 929 2054 987 2075; x_wconf 88' lang='lat' dir='ltr'><strong>no·</strong></span> 
     </span>
     <span class='ocr_line' id='line_1_32' title="bbox 289 2093 986 2136; baseline -0.003 -10"><span class='ocrx_word' id='word_1_154' title='bbox 289 2106 364 2126; x_wconf 85' lang='lat' dir='ltr'><strong>men</strong></span> <span class='ocrx_word' id='word_1_155' title='bbox 382 2096 538 2136; x_wconf 82' lang='lat' dir='ltr'><strong>generale</strong></span> <span class='ocrx_word' id='word_1_156' title='bbox 556 2101 609 2125; x_wconf 82' lang='lat' dir='ltr'><strong>est</strong></span> <span class='ocrx_word' id='word_1_157' title='bbox 624 2096 687 2125; x_wconf 83' lang='grc' dir='ltr'><strong>τῶν</strong></span> <span class='ocrx_word' id='word_1_158' title='bbox 699 2093 908 2133; x_wconf 82' lang='grc' dir='ltr'>μεταλλείων,</span> <span class='ocrx_word' id='word_1_159' title='bbox 926 2103 986 2124; x_wconf 82' lang='lat' dir='ltr'><strong>seu</strong></span> 
     </span>
     <span class='ocr_line' id='line_1_33' title="bbox 287 2145 985 2185; baseline -0.001 -9"><span class='ocrx_word' id='word_1_160' title='bbox 287 2146 478 2177; x_wconf 84' lang='lat' dir='ltr'><strong>fodinarum</strong></span> <span class='ocrx_word' id='word_1_161' title='bbox 493 2145 770 2185; x_wconf 84' lang='lat' dir='ltr'><strong>metallariarmn,</strong></span> <span class='ocrx_word' id='word_1_162' title='bbox 783 2154 905 2184; x_wconf 84' lang='lat' dir='ltr'><strong>nempe</strong></span> <span class='ocrx_word' id='word_1_163' title='bbox 917 2154 985 2175; x_wconf 86' lang='lat' dir='ltr'><strong>ma-</strong></span> 
     </span>
     <span class='ocr_line' id='line_1_34' title="bbox 289 2196 986 2228; baseline -0.003 -1"><span class='ocrx_word' id='word_1_164' title='bbox 289 2198 373 2228; x_wconf 84' lang='lat' dir='ltr'><strong>teria</strong></span> <span class='ocrx_word' id='word_1_165' title='bbox 391 2196 536 2228; x_wconf 87' lang='lat' dir='ltr'><strong>fossilis:</strong></span> <span class='ocrx_word' id='word_1_166' title='bbox 563 2206 719 2227; x_wconf 84' lang='lat' dir='ltr'><strong>vocamus</strong></span> <span class='ocrx_word' id='word_1_167' title='bbox 735 2200 817 2227; x_wconf 79' lang='lat' dir='ltr'><strong>terre</strong></span> <span class='ocrx_word' id='word_1_168' title='bbox 832 2196 870 2225; x_wconf 84' lang='lat' dir='ltr'><strong>de</strong></span> <span class='ocrx_word' id='word_1_169' title='bbox 886 2196 986 2226; x_wconf 81' lang='lat' dir='ltr'><strong>mine:</strong></span> 
     </span>
     <span class='ocr_line' id='line_1_35' title="bbox 289 2245 987 2287; baseline -0.004 -9"><span class='ocrx_word' id='word_1_170' title='bbox 289 2246 454 2287; x_wconf 77' lang='grc' dir='ltr'>σκάπτειν,</span> <span class='ocrx_word' id='word_1_171' title='bbox 474 2246 604 2287; x_wconf 78' lang='lat' dir='ltr'><strong>fodere,</strong></span> <span class='ocrx_word' id='word_1_172' title='bbox 621 2252 655 2277; x_wconf 88' lang='lat' dir='ltr'><strong>et</strong></span> <span class='ocrx_word' id='word_1_173' title='bbox 672 2246 742 2285; x_wconf 80' lang='grc' dir='ltr'>ὕλη,</span> <span class='ocrx_word' id='word_1_174' title='bbox 758 2246 910 2277; x_wconf 86' lang='lat' dir='ltr'><strong>materia.</strong></span> <span class='ocrx_word' id='word_1_175' title='bbox 937 2245 987 2275; x_wconf 80' lang='lat' dir='ltr'><strong>Id.</strong></span> 
     </span>
    </p>

    <p class='ocr_par' dir='ltr' id='par_1_21' title="bbox 290 2296 988 2734">
     <span class='ocr_line' id='line_1_36' title="bbox 332 2296 985 2338; baseline -0.005 -9"><span class='ocrx_word' id='word_1_176' title='bbox 332 2298 346 2318; x_wconf 81' lang='lat'><strong>‘¹</strong></span> <span class='ocrx_word' id='word_1_177' title='bbox 368 2298 496 2338; x_wconf 73' lang='lat' dir='ltr'><strong>Scaptia</strong></span> <span class='ocrx_word' id='word_1_178' title='bbox 510 2297 624 2337; x_wconf 78' lang='lat' dir='ltr'><strong>tribus]</strong></span> <span class='ocrx_word' id='word_1_179' title='bbox 662 2297 820 2328; x_wconf 82' lang='lat' dir='ltr'><strong>Meminit</strong></span> <span class='ocrx_word' id='word_1_180' title='bbox 838 2297 911 2327; x_wconf 87' lang='lat' dir='ltr'><strong>Liv.</strong></span> <span class='ocrx_word' id='word_1_181' title='bbox 927 2296 985 2326; x_wconf 85' lang='lat' dir='ltr'><strong>lib.</strong></span> 
     </span>
     <span class='ocr_line' id='line_1_37' title="bbox 290 2348 986 2380; baseline -0.003 -1"><span class='ocrx_word' id='word_1_182' title='bbox 290 2358 372 2380; x_wconf 81' lang='lat' dir='ltr'><strong>vm.</strong></span> <span class='ocrx_word' id='word_1_183' title='bbox 389 2354 473 2380; x_wconf 81' lang='lat' dir='ltr'><strong>sect.</strong></span> <span class='ocrx_word' id='word_1_184' title='bbox 492 2351 542 2379; x_wconf 85' lang='lat'><strong>17.</strong></span> <span class='ocrx_word' id='word_1_185' title='bbox 577 2349 585 2364; x_wconf 91' lang='lat'>‘</span> <span class='ocrx_word' id='word_1_186' title='bbox 599 2348 728 2379; x_wconf 86' lang='lat' dir='ltr'><strong>Eodem</strong></span> <span class='ocrx_word' id='word_1_187' title='bbox 756 2357 842 2378; x_wconf 88' lang='lat' dir='ltr'><strong>anno</strong></span> <span class='ocrx_word' id='word_1_188' title='bbox 865 2357 986 2378; x_wconf 74' lang='lat' dir='ltr'><strong>census</strong></span> 
     </span>
     <span class='ocr_line' id='line_1_38' title="bbox 291 2397 987 2440; baseline -0.004 -9"><span class='ocrx_word' id='word_1_189' title='bbox 291 2405 399 2435; x_wconf 82' lang='lat' dir='ltr'><strong>actus,</strong></span> <span class='ocrx_word' id='word_1_190' title='bbox 430 2399 576 2440; x_wconf 83' lang='lat' dir='ltr'><strong>novique</strong></span> <span class='ocrx_word' id='word_1_191' title='bbox 613 2399 704 2430; x_wconf 86' lang='lat' dir='ltr'><strong>cives</strong></span> <span class='ocrx_word' id='word_1_192' title='bbox 742 2399 846 2434; x_wconf 84' lang='lat' dir='ltr'><strong>censi,</strong></span> <span class='ocrx_word' id='word_1_193' title='bbox 880 2397 987 2429; x_wconf 84' lang='lat' dir='ltr'><strong>tribus</strong></span> 
     </span>
     <span class='ocr_line' id='line_1_39' title="bbox 292 2449 987 2492; baseline 0 -13"><span class='ocrx_word' id='word_1_194' title='bbox 292 2456 431 2492; x_wconf 77' lang='lat' dir='ltr'><strong>propter</strong></span> <span class='ocrx_word' id='word_1_195' title='bbox 455 2460 513 2481; x_wconf 88' lang='lat' dir='ltr'><strong>eos</strong></span> <span class='ocrx_word' id='word_1_196' title='bbox 535 2449 660 2481; x_wconf 82' lang='lat' dir='ltr'><strong>additae</strong></span> <span class='ocrx_word' id='word_1_197' title='bbox 682 2450 808 2481; x_wconf 84' lang='lat' dir='ltr'><strong>Moecia</strong></span> <span class='ocrx_word' id='word_1_198' title='bbox 830 2454 865 2480; x_wconf 85' lang='lat' dir='ltr'><strong>et</strong></span> <span class='ocrx_word' id='word_1_199' title='bbox 884 2450 987 2489; x_wconf 82' lang='lat' dir='ltr'><strong>Scap-</strong></span> 
     </span>
     <span class='ocr_line' id='line_1_40' title="bbox 293 2500 987 2533; baseline -0.001 -2"><span class='ocrx_word' id='word_1_200' title='bbox 293 2503 349 2532; x_wconf 82' lang='lat' dir='ltr'><strong>tia.</strong></span> <span class='ocrx_word' id='word_1_201' title='bbox 379 2500 987 2533; x_wconf 80' lang='lat' dir='ltr'><strong>CensoresaddideruntQ.Pnblilius</strong></span> 
     </span>
     <span class='ocr_line' id='line_1_41' title="bbox 293 2550 987 2592; baseline -0.003 -9"><span class='ocrx_word' id='word_1_202' title='bbox 293 2552 403 2591; x_wconf 86' lang='lat' dir='ltr'><strong>Philo,</strong></span> <span class='ocrx_word' id='word_1_203' title='bbox 418 2553 474 2592; x_wconf 85' lang='lat' dir='ltr'><strong>Sp.</strong></span> <span class='ocrx_word' id='word_1_204' title='bbox 492 2550 735 2583; x_wconf 61' lang='lat' dir='ltr'><strong>posthumius)</strong></span> <span class='ocrx_word' id='word_1_205' title='bbox 757 2550 813 2582; x_wconf 88' lang='lat' dir='ltr'><strong>Ob</strong></span> <span class='ocrx_word' id='word_1_206' title='bbox 830 2551 987 2581; x_wconf 81' lang='lat' dir='ltr'><strong>Pedanos</strong></span> 
     </span>
     <span class='ocr_line' id='line_1_42' title="bbox 292 2601 988 2643; baseline -0.004 -9"><span class='ocrx_word' id='word_1_207' title='bbox 292 2604 431 2634; x_wconf 84' lang='lat' dir='ltr'><strong>civitate</strong></span> <span class='ocrx_word' id='word_1_208' title='bbox 448 2608 604 2643; x_wconf 73' lang='lat' dir='ltr'><strong>receptos</strong></span> <span class='ocrx_word' id='word_1_209' title='bbox 628 2602 736 2633; x_wconf 81' lang='lat' dir='ltr'><strong>tribus</strong></span> <span class='ocrx_word' id='word_1_210' title='bbox 754 2601 870 2632; x_wconf 81' lang='lat' dir='ltr'><strong>addita</strong></span> <span class='ocrx_word' id='word_1_211' title='bbox 886 2602 988 2641; x_wconf 83' lang='lat' dir='ltr'><strong>Scap—</strong></span> 
     </span>
     <span class='ocr_line' id='line_1_43' title="bbox 292 2651 988 2693; baseline -0.001 -10"><span class='ocrx_word' id='word_1_212' title='bbox 292 2653 350 2683; x_wconf 82' lang='lat' dir='ltr'><strong>tia.</strong></span> <span class='ocrx_word' id='word_1_213' title='bbox 386 2653 560 2693; x_wconf 86' lang='lat' dir='ltr'><strong>Scaptiam</strong></span> <span class='ocrx_word' id='word_1_214' title='bbox 574 2652 690 2683; x_wconf 84' lang='lat' dir='ltr'><strong>urbem</strong></span> <span class='ocrx_word' id='word_1_215' title='bbox 710 2652 742 2682; x_wconf 88' lang='lat' dir='ltr'><strong>in</strong></span> <span class='ocrx_word' id='word_1_216' title='bbox 760 2651 859 2682; x_wconf 88' lang='lat' dir='ltr'><strong>Latio</strong></span> <span class='ocrx_word' id='word_1_217' title='bbox 875 2661 988 2682; x_wconf 88' lang='lat' dir='ltr'><strong>nume-</strong></span> 
     </span>
     <span class='ocr_line' id='line_1_44' title="bbox 294 2703 575 2734; baseline -0.004 -1"><span class='ocrx_word' id='word_1_218' title='bbox 294 2709 345 2733; x_wconf 80' lang='lat' dir='ltr'><strong>rat</strong></span> <span class='ocrx_word' id='word_1_219' title='bbox 364 2703 453 2734; x_wconf 89' lang='lat' dir='ltr'><strong>Plin.</strong></span> <span class='ocrx_word' id='word_1_220' title='bbox 480 2703 575 2734; x_wconf 87' lang='lat' dir='ltr'><strong>Idem.</strong></span> 
     </span>
    </p>

    <p class='ocr_par' dir='ltr' id='par_1_22' title="bbox 335 2752 990 2793">
     <span class='ocr_line' id='line_1_45' title="bbox 335 2752 990 2793; baseline 0 -10"><span class='ocrx_word' id='word_1_221' title='bbox 335 2758 350 2772; x_wconf 71' lang='lat'><strong>¹³</strong></span> <span class='ocrx_word' id='word_1_222' title='bbox 372 2752 545 2793; x_wconf 75' lang='lat' dir='ltr'><strong>Scelerata]</strong></span> <span class='ocrx_word' id='word_1_223' title='bbox 568 2753 741 2784; x_wconf 82' lang='lat' dir='ltr'><strong>Scelerata</strong></span> <span class='ocrx_word' id='word_1_224' title='bbox 759 2757 858 2793; x_wconf 81' lang='lat' dir='ltr'><strong>porta</strong></span> <span class='ocrx_word' id='word_1_225' title='bbox 874 2752 990 2792; x_wconf 84' lang='lat' dir='ltr'><strong>appel-</strong></span> 
     </span>
    </p>
   </div>
   <div class='ocr_carea' id='block_1_19' title="bbox 1040 1889 1741 2793">
    <p class='ocr_par' dir='ltr' id='par_1_23' title="bbox 1040 1889 1741 2481">
     <span class='ocr_line' id='line_1_46' title="bbox 1042 1889 1739 1935; baseline -0.009 -10"><span class='ocrx_word' id='word_1_226' title='bbox 1042 1896 1129 1926; x_wconf 85' lang='lat' dir='ltr'><strong>latur</strong></span> <span class='ocrx_word' id='word_1_227' title='bbox 1152 1905 1170 1925; x_wconf 84' lang='lat' dir='ltr'><strong>a</strong></span> <span class='ocrx_word' id='word_1_228' title='bbox 1195 1893 1395 1935; x_wconf 72' lang='lat' dir='ltr'><strong>quibusdam</strong></span> <span class='ocrx_word' id='word_1_229' title='bbox 1419 1891 1655 1926; x_wconf 79' lang='lat' dir='ltr'><strong>Carmentalis,</strong></span> <span class='ocrx_word' id='word_1_230' title='bbox 1681 1889 1739 1931; x_wconf 82' lang='lat' dir='ltr'><strong>qui</strong></span> 
     </span>
     <span class='ocr_line' id='line_1_47' title="bbox 1040 1944 1737 1986; baseline -0.009 -9"><span class='ocrx_word' id='word_1_231' title='bbox 1040 1951 1175 1985; x_wconf 86' lang='lat' dir='ltr'><strong>norunt,</strong></span> <span class='ocrx_word' id='word_1_232' title='bbox 1190 1946 1279 1986; x_wconf 78' lang='lat' dir='ltr'><strong>qnod</strong></span> <span class='ocrx_word' id='word_1_233' title='bbox 1296 1946 1325 1976; x_wconf 84' lang='lat' dir='ltr'><strong>ei</strong></span> <span class='ocrx_word' id='word_1_234' title='bbox 1345 1945 1534 1985; x_wconf 83' lang='lat' dir='ltr'><strong>proximum</strong></span> <span class='ocrx_word' id='word_1_235' title='bbox 1546 1944 1737 1974; x_wconf 76' lang='lat' dir='ltr'><strong>Cannentae</strong></span> 
     </span>
     <span class='ocr_line' id='line_1_48' title="bbox 1041 1990 1739 2032; baseline -0.009 -6"><span class='ocrx_word' id='word_1_236' title='bbox 1041 1996 1199 2027; x_wconf 85' lang='lat' dir='ltr'><strong>sacellum</strong></span> <span class='ocrx_word' id='word_1_237' title='bbox 1217 1995 1290 2026; x_wconf 81' lang='lat' dir='ltr'><strong>fuit.</strong></span> <span class='ocrx_word' id='word_1_238' title='bbox 1315 1995 1492 2026; x_wconf 80' lang='lat' dir='ltr'><strong>Scelerata</strong></span> <span class='ocrx_word' id='word_1_239' title='bbox 1509 2000 1632 2032; x_wconf 82' lang='lat' dir='ltr'><strong>autem,</strong></span> <span class='ocrx_word' id='word_1_240' title='bbox 1650 1990 1739 2032; x_wconf 86' lang='lat' dir='ltr'><strong>quod</strong></span> 
     </span>
     <span class='ocr_line' id='line_1_49' title="bbox 1041 2042 1739 2086; baseline -0.009 -9"><span class='ocrx_word' id='word_1_241' title='bbox 1041 2056 1103 2086; x_wconf 85' lang='lat' dir='ltr'><strong>per</strong></span> <span class='ocrx_word' id='word_1_242' title='bbox 1127 2055 1200 2076; x_wconf 79' lang='lat' dir='ltr'><strong>eam</strong></span> <span class='ocrx_word' id='word_1_243' title='bbox 1227 2055 1284 2075; x_wconf 88' lang='lat' dir='ltr'><strong>sex</strong></span> <span class='ocrx_word' id='word_1_244' title='bbox 1308 2050 1343 2075; x_wconf 90' lang='lat' dir='ltr'><strong>et</strong></span> <span class='ocrx_word' id='word_1_245' title='bbox 1368 2043 1515 2075; x_wconf 77' lang='lat' dir='ltr'><strong>trecenti</strong></span> <span class='ocrx_word' id='word_1_246' title='bbox 1547 2042 1639 2073; x_wconf 87' lang='lat' dir='ltr'><strong>Fabii</strong></span> <span class='ocrx_word' id='word_1_247' title='bbox 1663 2051 1739 2072; x_wconf 88' lang='lat' dir='ltr'><strong>cum</strong></span> 
     </span>
     <span class='ocr_line' id='line_1_50' title="bbox 1043 2092 1740 2135; baseline -0.007 -8"><span class='ocrx_word' id='word_1_248' title='bbox 1043 2096 1220 2127; x_wconf 81' lang='lat' dir='ltr'><strong>clientium</strong></span> <span class='ocrx_word' id='word_1_249' title='bbox 1257 2095 1406 2126; x_wconf 89' lang='lat' dir='ltr'><strong>millibus</strong></span> <span class='ocrx_word' id='word_1_250' title='bbox 1436 2094 1585 2135; x_wconf 85' lang='lat' dir='ltr'><strong>quinque</strong></span> <span class='ocrx_word' id='word_1_251' title='bbox 1614 2092 1740 2133; x_wconf 73' lang='lat' dir='ltr'><strong>egressi</strong></span> 
     </span>
     <span class='ocr_line' id='line_1_51' title="bbox 1043 2146 1740 2178; baseline -0.004 -1"><span class='ocrx_word' id='word_1_252' title='bbox 1043 2147 1204 2178; x_wconf 81' lang='lat' dir='ltr'><strong>adversus</strong></span> <span class='ocrx_word' id='word_1_253' title='bbox 1224 2146 1413 2177; x_wconf 80' lang='lat' dir='ltr'><strong>Hetruscos</strong></span> <span class='ocrx_word' id='word_1_254' title='bbox 1437 2147 1478 2176; x_wconf 89' lang='lat' dir='ltr'><strong>ad</strong></span> <span class='ocrx_word' id='word_1_255' title='bbox 1505 2154 1635 2175; x_wconf 80' lang='lat' dir='ltr'><strong>amnem</strong></span> <span class='ocrx_word' id='word_1_256' title='bbox 1658 2146 1740 2175; x_wconf 85' lang='lat' dir='ltr'><strong>Cre-</strong></span> 
     </span>
     <span class='ocr_line' id='line_1_52' title="bbox 1042 2195 1741 2236; baseline -0.004 -8"><span class='ocrx_word' id='word_1_257' title='bbox 1042 2207 1167 2229; x_wconf 86' lang='lat' dir='ltr'><strong>meram</strong></span> <span class='ocrx_word' id='word_1_258' title='bbox 1196 2208 1312 2228; x_wconf 89' lang='lat' dir='ltr'><strong>omnes</strong></span> <span class='ocrx_word' id='word_1_259' title='bbox 1336 2202 1414 2228; x_wconf 85' lang='lat' dir='ltr'><strong>sunt</strong></span> <span class='ocrx_word' id='word_1_260' title='bbox 1441 2195 1636 2227; x_wconf 79' lang='lat' dir='ltr'><strong>interfecti:</strong></span> <span class='ocrx_word' id='word_1_261' title='bbox 1673 2205 1741 2236; x_wconf 90' lang='lat' dir='ltr'><strong>qua</strong></span> 
     </span>
     <span class='ocr_line' id='line_1_53' title="bbox 1042 2247 1740 2289; baseline -0.004 -10"><span class='ocrx_word' id='word_1_262' title='bbox 1042 2258 1084 2279; x_wconf 81' lang='lat' dir='ltr'><strong>ex</strong></span> <span class='ocrx_word' id='word_1_263' title='bbox 1115 2258 1217 2279; x_wconf 85' lang='lat' dir='ltr'><strong>causa</strong></span> <span class='ocrx_word' id='word_1_264' title='bbox 1248 2257 1309 2289; x_wconf 76' lang='lat' dir='ltr'><strong>per</strong></span> <span class='ocrx_word' id='word_1_265' title='bbox 1340 2257 1413 2278; x_wconf 89' lang='lat' dir='ltr'><strong>eam</strong></span> <span class='ocrx_word' id='word_1_266' title='bbox 1449 2252 1579 2287; x_wconf 82' lang='lat' dir='ltr'><strong>portam</strong></span> <span class='ocrx_word' id='word_1_267' title='bbox 1611 2247 1740 2277; x_wconf 84' lang='lat' dir='ltr'><strong>intrare</strong></span> 
     </span>
     <span class='ocr_line' id='line_1_54' title="bbox 1042 2296 1741 2339; baseline -0.003 -10"><span class='ocrx_word' id='word_1_268' title='bbox 1042 2299 1202 2339; x_wconf 83' lang='lat' dir='ltr'><strong>egredive</strong></span> <span class='ocrx_word' id='word_1_269' title='bbox 1241 2297 1335 2329; x_wconf 87' lang='lat' dir='ltr'><strong>nefas</strong></span> <span class='ocrx_word' id='word_1_270' title='bbox 1373 2297 1526 2328; x_wconf 81' lang='lat' dir='ltr'><strong>habetur.</strong></span> <span class='ocrx_word' id='word_1_271' title='bbox 1572 2296 1741 2328; x_wconf 84' lang='lat' dir='ltr'><strong>Ovidius:</strong></span> 
     </span>
     <span class='ocr_line' id='line_1_55' title="bbox 1043 2348 1740 2389; baseline -0.004 -10"><span class='ocrx_word' id='word_1_272' title='bbox 1043 2353 1051 2365; x_wconf 90' lang='lat'>‘</span> <span class='ocrx_word' id='word_1_273' title='bbox 1066 2349 1121 2379; x_wconf 88' lang='lat' dir='ltr'><strong>Ire</strong></span> <span class='ocrx_word' id='word_1_274' title='bbox 1138 2349 1295 2389; x_wconf 83' lang='lat' dir='ltr'><strong>perhanc</strong></span> <span class='ocrx_word' id='word_1_275' title='bbox 1312 2349 1392 2387; x_wconf 90' lang='lat' dir='ltr'><strong>noli,</strong></span> <span class='ocrx_word' id='word_1_276' title='bbox 1404 2348 1556 2389; x_wconf 84' lang='lat' dir='ltr'><strong>quisquis</strong></span> <span class='ocrx_word' id='word_1_277' title='bbox 1567 2357 1623 2377; x_wconf 86' lang='lat' dir='ltr'><strong>es:</strong></span> <span class='ocrx_word' id='word_1_278' title='bbox 1642 2356 1740 2377; x_wconf 88' lang='lat' dir='ltr'><strong>omen</strong></span> 
     </span>
     <span class='ocr_line' id='line_1_56' title="bbox 1042 2398 1739 2437; baseline -0.004 -7"><span class='ocrx_word' id='word_1_279' title='bbox 1042 2400 1166 2431; x_wconf 60' lang='lat' dir='ltr'><strong>habet!</strong></span> <span class='ocrx_word' id='word_1_280' title='bbox 1212 2399 1277 2430; x_wconf 86' lang='lat' dir='ltr'><strong>Et:</strong></span> <span class='ocrx_word' id='word_1_281' title='bbox 1317 2399 1327 2415; x_wconf 88' lang='lat'>‘</span> <span class='ocrx_word' id='word_1_282' title='bbox 1344 2400 1445 2430; x_wconf 71' lang='lat' dir='ltr'><strong>Porta</strong></span> <span class='ocrx_word' id='word_1_283' title='bbox 1486 2402 1584 2429; x_wconf 84' lang='lat' dir='ltr'><strong>vacat</strong></span> <span class='ocrx_word' id='word_1_284' title='bbox 1618 2398 1739 2437; x_wconf 78' lang='lat' dir='ltr'><strong>culpa:</strong></span> 
     </span>
     <span class='ocr_line' id='line_1_57' title="bbox 1043 2448 1678 2481; baseline -0.003 0"><span class='ocrx_word' id='word_1_285' title='bbox 1043 2450 1100 2481; x_wconf 82' lang='lat' dir='ltr'><strong>sed</strong></span> <span class='ocrx_word' id='word_1_286' title='bbox 1119 2456 1228 2480; x_wconf 86' lang='lat' dir='ltr'><strong>tamen</strong></span> <span class='ocrx_word' id='word_1_287' title='bbox 1246 2459 1342 2480; x_wconf 85' lang='lat' dir='ltr'><strong>omen</strong></span> <span class='ocrx_word' id='word_1_288' title='bbox 1359 2448 1485 2481; x_wconf 54' lang='lat' dir='ltr'><strong>habet?</strong></span> <span class='ocrx_word' id='word_1_289' title='bbox 1508 2450 1577 2479; x_wconf 72' lang='lat' dir='ltr'><strong>dos.</strong></span> <span class='ocrx_word' id='word_1_290' title='bbox 1593 2448 1678 2480; x_wconf 81' lang='lat' dir='ltr'><strong>Scal.</strong></span> 
     </span>
    </p>

    <p class='ocr_par' dir='ltr' id='par_1_24' title="bbox 1042 2498 1741 2793">
     <span class='ocr_line' id='line_1_58' title="bbox 1085 2498 1739 2540; baseline -0.003 -9"><span class='ocrx_word' id='word_1_291' title='bbox 1085 2500 1243 2531; x_wconf 77' lang='lat' dir='ltr'><strong>Scelerata</strong></span> <span class='ocrx_word' id='word_1_292' title='bbox 1265 2500 1371 2540; x_wconf 79' lang='lat' dir='ltr'><strong>porta]</strong></span> <span class='ocrx_word' id='word_1_293' title='bbox 1403 2499 1504 2539; x_wconf 78' lang='lat' dir='ltr'><strong>Vide,</strong></span> <span class='ocrx_word' id='word_1_294' title='bbox 1535 2499 1544 2515; x_wconf 88' lang='lat'><em>‘</em></span> <span class='ocrx_word' id='word_1_295' title='bbox 1570 2498 1739 2540; x_wconf 84' lang='lat' dir='ltr'><strong>Religioni</strong></span> 
     </span>
     <span class='ocr_line' id='line_1_59' title="bbox 1042 2550 1740 2591; baseline -0.003 -10"><span class='ocrx_word' id='word_1_296' title='bbox 1042 2556 1094 2581; x_wconf 82' lang='lat' dir='ltr'><strong>est</strong></span> <span class='ocrx_word' id='word_1_297' title='bbox 1107 2550 1304 2591; x_wconf 84' lang='lat' dir='ltr'><strong>quibusdam</strong></span> <span class='ocrx_word' id='word_1_298' title='bbox 1316 2556 1414 2590; x_wconf 83' lang='lat' dir='ltr'><strong>porta</strong></span> <span class='ocrx_word' id='word_1_299' title='bbox 1427 2550 1632 2582; x_wconf 83' lang='lat' dir='ltr'><strong>Carmentali</strong></span> <span class='ocrx_word' id='word_1_300' title='bbox 1645 2559 1740 2588; x_wconf 67' lang='lat' dir='ltr'><strong>egre-</strong></span> 
     </span>
     <span class='ocr_line' id='line_1_60' title="bbox 1043 2598 1741 2635; baseline -0.003 -4"><span class='ocrx_word' id='word_1_301' title='bbox 1043 2600 1101 2631; x_wconf 62' lang='lat' dir='ltr'><strong>dil</strong></span> <span class='ocrx_word' id='word_1_302' title='bbox 1140 2600 1296 2631; x_wconf 85' lang='lat' dir='ltr'><strong>Ceterum</strong></span> <span class='ocrx_word' id='word_1_303' title='bbox 1314 2601 1367 2631; x_wconf 84' lang='lat' dir='ltr'><strong>hic</strong></span> <span class='ocrx_word' id='word_1_304' title='bbox 1382 2601 1531 2631; x_wconf 79' lang='lat' dir='ltr'><strong>scelerata</strong></span> <span class='ocrx_word' id='word_1_305' title='bbox 1543 2605 1594 2630; x_wconf 85' lang='lat' dir='ltr'><strong>est</strong></span> <span class='ocrx_word' id='word_1_306' title='bbox 1608 2598 1741 2635; x_wconf 82' lang='lat' dir='ltr'><strong>infelix.</strong></span> 
     </span>
     <span class='ocr_line' id='line_1_61' title="bbox 1044 2649 1740 2681; baseline -0.004 0"><span class='ocrx_word' id='word_1_307' title='bbox 1044 2650 1204 2681; x_wconf 81' lang='lat' dir='ltr'><strong>infausta.</strong></span> <span class='ocrx_word' id='word_1_308' title='bbox 1250 2651 1355 2681; x_wconf 76' lang='lat' dir='ltr'><strong>Scelus</strong></span> <span class='ocrx_word' id='word_1_309' title='bbox 1371 2651 1458 2681; x_wconf 87' lang='lat' dir='ltr'><strong>enim</strong></span> <span class='ocrx_word' id='word_1_310' title='bbox 1476 2656 1528 2681; x_wconf 82' lang='lat' dir='ltr'><strong>est</strong></span> <span class='ocrx_word' id='word_1_311' title='bbox 1546 2649 1740 2680; x_wconf 79' lang='lat' dir='ltr'><strong>infelicitas.</strong></span> 
     </span>
     <span class='ocr_line' id='line_1_62' title="bbox 1045 2699 1740 2741; baseline -0.006 -9"><span class='ocrx_word' id='word_1_312' title='bbox 1045 2702 1122 2733; x_wconf 87' lang='lat' dir='ltr'><strong>Hoc</strong></span> <span class='ocrx_word' id='word_1_313' title='bbox 1139 2702 1214 2732; x_wconf 86' lang='lat' dir='ltr'><strong>dico</strong></span> <span class='ocrx_word' id='word_1_314' title='bbox 1229 2701 1306 2741; x_wconf 87' lang='lat' dir='ltr'><strong>qnia</strong></span> <span class='ocrx_word' id='word_1_315' title='bbox 1320 2702 1352 2732; x_wconf 90' lang='lat' dir='ltr'><strong>in</strong></span> <span class='ocrx_word' id='word_1_316' title='bbox 1366 2701 1427 2732; x_wconf 83' lang='lat' dir='ltr'><strong>hac</strong></span> <span class='ocrx_word' id='word_1_317' title='bbox 1440 2710 1522 2731; x_wconf 84' lang='lat' dir='ltr'><strong>voce</strong></span> <span class='ocrx_word' id='word_1_318' title='bbox 1537 2699 1740 2739; x_wconf 79' lang='lat' dir='ltr'><strong>exponenda</strong></span> 
     </span>
     <span class='ocr_line' id='line_1_63' title="bbox 1047 2750 1668 2793; baseline -0.006 -10"><span class='ocrx_word' id='word_1_319' title='bbox 1047 2761 1066 2783; x_wconf 88' lang='lat' dir='ltr'><strong>a</strong></span> <span class='ocrx_word' id='word_1_320' title='bbox 1083 2751 1283 2793; x_wconf 84' lang='lat' dir='ltr'><strong>quibusdam</strong></span> <span class='ocrx_word' id='word_1_321' title='bbox 1303 2755 1481 2792; x_wconf 84' lang='lat' dir='ltr'><strong>peccatum</strong></span> <span class='ocrx_word' id='word_1_322' title='bbox 1500 2756 1563 2780; x_wconf 84' lang='lat' dir='ltr'><strong>est.</strong></span> <span class='ocrx_word' id='word_1_323' title='bbox 1589 2750 1668 2780; x_wconf 76' lang='lat' dir='ltr'><strong>Duc.</strong></span> 
     </span>
    </p>
   </div>
  </div>
 </body>
</html>
