1876 3025
283 150 368 193 804

727 159 879 190 SEXTI
912 158 1118 190 POMPEII
1151 158 1289 190 FESTI

337 255 602 304 institutum,
626 253 664 295 si
686 254 787 307 quis
822 254 867 295 id
902 254 1122 303 violasset,
1142 257 1188 294 ut
1218 255 1355 294 morte
1386 264 1542 306 poenas
1567 250 1729 304 pende-

340 328 404 365 ret
425 336 436 363 ι
466 323 592 377 cujus
623 322 794 375 generis
817 325 919 362 sunt
938 321 1121 361 Tribuni
1143 321 1298 374 plebis,
1329 319 1586 373 AEdilesque
1607 319 1729 372 ejus-

339 392 439 432 dem
461 390 650 431 ordinis:
683 389 799 442 quod
822 388 1004 430 affirmat
1019 388 1083 428 M.
1108 388 1223 429 Cato
1247 389 1290 429 in
1312 402 1379 437 ea,
1397 400 1526 441 quam
1548 387 1729 440 scripsit

338 458 502 500 AEdilis
523 457 668 510 plebis
691 461 1010 497 sacrosanctos
1032 469 1148 496 esse.

281 526 616 567 Sacrosanctum
641 524 882 570 dicebatur,
906 523 1026 577 quod
1056 523 1341 577 jurejurando
1368 524 1500 564 inter·
1549 522 1727 576 [PAUL.

334 593 485 647 posito
528 596 621 632 erat
658 593 921 642 institutum,
955 595 1005 632 ut
1043 591 1120 644 qui
1148 591 1372 639 violasset,
1399 594 1536 631 morte
1566 601 1726 642 poenas

334 660 559 714 penderet.

278 726 556 769 Saeeularesb
590 726 683 767 ludi
718 725 836 779 apud
868 725 1100 766 Romanos
1137 728 1242 778 post
1274 729 1450 766 centum
1482 736 1618 764 annos
1649 723 1727 764 fie-

333 796 452 844 bant,
483 795 587 848 quia
615 794 826 836 saeculum
856 794 900 834 in
927 796 1099 834 centum
1134 805 1269 833 annos
1301 791 1479 832 extendi
1500 790 1727 832 existima-

332 863 451 904 bant.

279 929 524 971 Saeczdaresc
567 927 654 969 ludi
693 927 926 982 Tarquinii
963 926 1155 981 Superbi
1185 927 1300 980 regis
1341 926 1385 967 in
1420 940 1521 981 agro
1556 925 1723 980 [FEST.

927 1070 1069 1103 NOTAE

273 1148 427 1180 Halicar.
443 1147 501 1179 lib.
519 1157 568 1179 vr.
613 1145 784 1179 suu-abant
802 1155 862 1186 per
878 1156 973 1178 sacra

273 1199 385 1230 omnia
400 1209 436 1230 se
452 1203 673 1239 posterosque
690 1207 766 1228 suos
783 1198 867 1228 hanc
896 1206 971 1237 per-

271 1254 377 1290 petuo
409 1250 518 1289 legem
549 1249 810 1280 observaturos:
857 1247 972 1278 addita

271 1302 503 1339 execratione,
522 1300 627 1340 utqui
644 1299 709 1338 legi
722 1303 899 1339 parerent,
924 1298 971 1329 ita

270 1350 362 1381 Deos
378 1360 517 1390 superos
534 1355 635 1390 atque
661 1348 786 1379 inferos
805 1348 970 1388 propitios

269 1401 451 1433 habereut:
478 1401 533 1442 qni
550 1410 615 1431 non
629 1405 805 1441 parerent,
818 1398 968 1430 infestos.

270 1452 371 1483 Idem.

312 1501 326 1521 b
348 1501 522 1532 Soeculares
536 1500 618 1539 ludi]
645 1501 722 1531 Post
738 1503 858 1531 centum
875 1510 970 1531 annos

258 1553 394 1595 fiebant.
422 1554 487 1584 Hic
506 1554 643 1584 Festum
657 1554 809 1594 sequitur
821 1554 968 1591 Pau1us3

267 1603 327 1634 sed
351 1614 369 1634 a
385 1604 507 1634 Verrio
533 1604 685 1633 diversus
711 1604 803 1634 abit:
830 1604 968 1634 Verrius

267 1656 368 1695 enim,
384 1661 420 1686 nt
447 1660 541 1696 patet
566 1665 608 1685 ex
627 1659 694 1686 vet.
713 1655 835 1686 Horat.
854 1655 966 1686 Inter—

265 1711 374 1748 prete,
391 1707 487 1737 ludos
503 1708 682 1737 saecnlares
701 1712 777 1746 post
795 1707 914 1738 decem
933 1713 968 1738 et

265 1763 402 1788 centum
419 1767 522 1787 annos
540 1757 612 1788 fieri
629 1756 734 1788 fuisse
762 1759 879 1788 solitos
908 1759 965 1789 do-

265 1813 331 1839 cet.
377 1807 475 1839 Quod
499 1812 535 1838 et
567 1817 680 1838 verum
705 1818 779 1838 esse
821 1808 967 1848 probant

264 1857 456 1898 quindecim
490 1858 595 1887 virum
641 1858 886 1892 commentarii,
932 1863 966 1889 ct

262 1916 399 1938 carmen
419 1907 618 1947 Sibyllinum
639 1908 726 1947 qnod
754 1909 842 1948 apud
872 1909 966 1939 Zosi-

263 1967 353 1987 mum
381 1957 526 1996 legitur:
563 1957 650 1986 Ἀλλ’
679 1956 796 1987 ὁπόταν
815 1957 965 1995 μήκιστος

260 2007 311 2048 ἵκῃ
340 2005 452 2046 χρόνος
477 2007 656 2045 ἀνθρώποισι
684 2009 786 2046 Ζωοῖς,
811 2007 851 2038 εἷς
873 2007 966 2038 ἐτέων

263 2056 377 2088 ἑκατὸν
406 2055 479 2087 δέκα
509 2056 625 2087 κύκλον
653 2057 775 2088 ὁδεύων.
823 2058 864 2088 Id
889 2063 961 2089 est:

260 2107 349 2138 ‘Sed
392 2106 525 2147 quando
564 2107 792 2146 longissimum
834 2108 964 2138 venerit

261 2162 395 2197 tempus
421 2156 610 2187 hominibus
634 2156 743 2195 Vivis,
769 2166 829 2197 per
860 2167 960 2188 anno-

260 2217 333 2238 rum
350 2207 467 2238 decem
492 2212 527 2237 et
544 2213 680 2237 centum
705 2206 820 2237 orbem
848 2216 960 2237 recur-

260 2257 362 2290 rens!
408 2257 504 2288 Idem
533 2257 634 2287 etiam
670 2257 817 2296 spatium
844 2257 883 2286 iis
910 2267 960 2287 as-

260 2309 372 2348 signat
404 2308 489 2338 Hor.
518 2307 551 2336 in
589 2316 649 2336 suo
670 2307 817 2337 carmine
849 2307 961 2337 saecul.

259 2359 407 2389 ‘Certus
439 2356 587 2387 undenos
618 2356 733 2387 decies
766 2366 827 2396 per
856 2365 959 2387 annos

260 2408 374 2446 Orbis,
404 2411 441 2437 ut
467 2411 586 2437 cantus
616 2406 756 2441 referat,
796 2406 959 2447 ludosque

259 2459 329 2490 Ter
343 2456 398 2488 die
415 2457 506 2488 claro
524 2456 692 2496 totiesque
722 2460 819 2496 grata
844 2457 958 2488 Nocte

259 2504 482 2546 frequentes.'
507 2506 605 2536 Idem.

302 2561 315 2576 0
339 2554 515 2594 Seculares]
539 2555 652 2586 Verba
674 2555 765 2586 Festi
790 2555 836 2586 ita
854 2556 955 2586 inter-

261 2610 389 2646 pretor,
409 2611 445 2636 nt
468 2606 559 2646 prius
575 2605 678 2644 dicat,
693 2615 757 2646 quo
781 2611 881 2645 pacto
898 2616 955 2636 ex-

261 2656 345 2686 actis
360 2655 495 2694 regibus
521 2664 601 2695 ager
617 2655 791 2696 Tarquinii
808 2656 955 2696 Superbi

262 2705 364 2745 Regis
377 2705 482 2736 Marti
496 2708 713 2737 consecratus
730 2705 785 2745 sit,
800 2715 954 2747 campus-

1025 1156 1089 1187 que
1108 1147 1256 1178 Martius
1274 1146 1397 1182 dictus,
1413 1155 1512 1188 quem
1529 1154 1644 1186 agrum
1664 1154 1722 1184 po-

1022 1200 1102 1239 pulo
1134 1200 1173 1231 R.
1215 1198 1440 1239 diripiendum
1480 1201 1723 1229 concesserant

1023 1252 1185 1282 Consules
1202 1261 1243 1282 ex
1261 1251 1294 1282 S.
1313 1252 1350 1282 C.
1389 1251 1475 1281 Post
1501 1250 1572 1280 lraec
1599 1249 1722 1279 dicitnr

1022 1301 1065 1331 de
1091 1311 1149 1331 ara
1175 1307 1312 1340 reperta
1329 1301 1418 1339 Diti,
1441 1310 1480 1331 ac
1503 1299 1720 1337 Proserpinae

1021 1357 1232 1391 consecrata,
1259 1352 1291 1382 iu
1316 1351 1435 1382 eodem
1459 1355 1612 1381 extremo
1630 1350 1722 1380 Mar-

1021 1401 1070 1432 tio
1088 1411 1219 1442 campo,
1247 1402 1302 1442 qui
1330 1402 1420 1432 locus
1445 1401 1632 1431 'l'erentum
1661 1408 1720 1439 ap-

1020 1453 1180 1493 pellatur,
1198 1452 1342 1482 demissa
1358 1451 1464 1492 pedes
1490 1450 1610 1490 viginti
1632 1448 1721 1480 infra

1021 1508 1160 1534 terram.
1208 1503 1284 1533 Illic
1302 1502 1344 1533 P.
1363 1503 1402 1532 R.
1420 1511 1516 1532 sacra
1533 1500 1629 1539 fecit,
1643 1509 1719 1530 auc-

1019 1557 1092 1584 tore
1116 1554 1162 1584 P.
1186 1553 1325 1584 Valerio
1353 1552 1530 1592 Poplicola
1563 1550 1722 1588 Consule,

1019 1608 1056 1633 ut
1082 1603 1197 1634 Valer.
1222 1603 1318 1633 Max.
1333 1602 1446 1632 lib.11.
1473 1610 1548 1640 cap.
1567 1603 1595 1630 l.
1614 1600 1718 1630 tradi«

1019 1654 1079 1684 dit.
1124 1653 1224 1686 Quod
1243 1653 1395 1693 seqnitur
1419 1652 1462 1682 de
1479 1650 1627 1691 Popillio
1645 1651 1718 1681 Lae-

1019 1710 1112 1742 nate,
1136 1709 1171 1735 ct
1195 1714 1280 1735 anuo
1304 1702 1533 1742 nonagesimo,
1555 1700 1719 1741 pertinet,

1018 1756 1050 1786 ni
1067 1754 1176 1790 fallor,
1194 1755 1234 1785 ad
1251 1764 1308 1784 eos
1326 1753 1422 1784 ludos
1444 1752 1638 1791 saeculares,
1660 1750 1718 1791 qui

1018 1806 1115 1846 primi
1134 1806 1183 1836 M.
1202 1805 1338 1835 Valerio
1363 1803 1527 1842 Maximo,
1552 1802 1609 1842 Sp.
1631 1801 1716 1831 Ver-

1018 1856 1109 1896 ginio
1126 1855 1284 1886 Tricosto
1308 1864 1394 1885 coss.
1418 1853 1499 1884 sacti
1526 1857 1604 1883 sunt
1630 1860 1718 1882 anno

1018 1906 1108 1936 urbis
1132 1909 1207 1939 297.
1232 1906 1259 1935 si
1290 1904 1397 1936 fastos
1426 1903 1635 1943 Capitolinos
1665 1910 1715 1932 se-

1018 1965 1177 1994 quamur:
1203 1956 1231 1985 si
1245 1956 1441 1988 Varronem,
1458 1956 1532 1984 298.
1576 1953 1715 1982 Laenate

1018 2004 1207 2035 Duumviro
1258 2014 1430 2035 sacrorum
1481 2002 1714 2032 faciendorum

1016 2065 1129 2086 causa.
1174 2056 1229 2086 De
1258 2055 1306 2085 his
1337 2054 1424 2085 ludis
1458 2053 1573 2093 primis
1605 2062 1646 2082 ex
1663 2055 1716 2083 15.

1016 2106 1164 2136 virorum
1191 2105 1360 2135 sententia
1391 2103 1596 2135 Censorinus
1622 2103 1712 2133 locu-

1014 2155 1087 2194 ples
1116 2154 1212 2185 testis
1238 2158 1300 2184 est.
1348 2153 1413 2184 Illa
1439 2161 1519 2183 vero
1557 2161 1632 2192 qum
1663 2161 1712 2181 se-

1014 2210 1162 2245 quuntur
1178 2203 1397 2245 (stissurulis)
1418 2203 1527 2234 hostiis
1541 2202 1649 2240 furvis
1664 2202 1710 2231 in-

1014 2258 1206 2294 terpretor:
1233 2254 1281 2284 his
1298 2254 1385 2284 enim
1404 2253 1491 2287 Diti,
1517 2256 1553 2282 et
1573 2250 1710 2281 Proscr-

1013 2305 1101 2345 pinae
1127 2305 1302 2335 faciebant
1326 2303 1431 2334 tribus
1455 2301 1636 2333 noctibus:
1662 2300 1711 2331 id-

1011 2365 1076 2396 que
1094 2355 1282 2386 centesimo
1300 2362 1432 2395 quoque
1450 2353 1502 2383 vel
1522 2351 1711 2383 centesimo

1011 2405 1142 2436 decimo
1160 2414 1257 2439 anuo,
1274 2414 1339 2445 qna
1366 2404 1408 2434 de
1439 2412 1544 2433 cansa
1570 2401 1709 2432 saecula-

1011 2464 1064 2484 res
1091 2454 1159 2484 ludi
1188 2454 1401 2488 dicebantur,
1429 2452 1519 2494 quod
1548 2452 1709 2483 saeculum

1012 2505 1044 2535 id
1061 2505 1221 2544 temporis
1234 2505 1380 2544 spatium
1398 2504 1621 2543 appellarent.
1650 2502 1708 2532 Vi-

1011 2554 1111 2585 dend.
1141 2553 1293 2584 Censori.
1320 2557 1397 2593 post
1415 2553 1530 2583 Yaler.
1552 2552 1645 2583 Max.
1671 2556 1708 2582 et

1013 2604 1135 2635 Horat.
1163 2604 1195 2633 in
1212 2603 1377 2635 carmine:
1403 2608 1438 2634 et
1452 2602 1604 2633 Zosimus
1618 2600 1706 2640 apud

1013 2654 1174 2685 Politian.
1199 2657 1233 2684 et
1253 2663 1327 2694 quae
1355 2653 1510 2693 Onnpllr.
1534 2656 1647 2681 noster
1664 2649 1707 2680 de

1012 2705 1097 2736 ludis
1109 2703 1326 2735 saecularibns
1338 2700 1587 2735 accuratissime
1601 2699 1707 2739 scrip-
