<?xml version="1.0" encoding="UTF-8"?>
<!DOCTYPE html PUBLIC "-//W3C//DTD XHTML 1.0 Transitional//EN"
    "http://www.w3.org/TR/xhtml1/DTD/xhtml1-transitional.dtd">
<html xmlns="http://www.w3.org/1999/xhtml" xml:lang="en" lang="en">
 <head>
  <title>
</title>
<meta http-equiv="Content-Type" content="text/html;charset=utf-8" />
  <meta name='ocr-system' content='tesseract 3.04.00' />
  <meta name='ocr-capabilities' content='ocr_page ocr_carea ocr_par ocr_line ocrx_word'/>
</head>
<body>
  <div class='ocr_page' id='page_1' title='image "./mverriiflacciqua02verruoft/mverriiflacciqua02verruoft_0377.png"; bbox 0 0 1876 3025; ppageno 0'>
   <div class='ocr_carea' id='block_1_1' title="bbox 176 148 1550 201">
    <p class='ocr_par' dir='ltr' id='par_1_1' title="bbox 176 148 1550 201">
     <span class='ocr_line' id='line_1_1' title="bbox 176 148 1550 201; baseline -0.009 -1"><span class='ocrx_word' id='word_1_1' title='bbox 176 170 237 201; x_wconf 87' lang='lat' dir='ltr'>DE</span> <span class='ocrx_word' id='word_1_2' title='bbox 271 167 543 199; x_wconf 74' lang='lat' dir='ltr'>vunssossum</span> <span class='ocrx_word' id='word_1_3' title='bbox 579 164 986 196; x_wconf 71' lang='lat' dir='ltr'>slenmicA&#39;rroNE</span> <span class='ocrx_word' id='word_1_4' title='bbox 1021 162 1114 192; x_wconf 71' lang='grc' dir='ltr'>ΜΒ.</span> <span class='ocrx_word' id='word_1_5' title='bbox 1149 161 1264 192; x_wconf 82' lang='lat' dir='ltr'>X1x.</span> <span class='ocrx_word' id='word_1_6' title='bbox 1288 160 1378 191; x_wconf 83' lang='lat' dir='ltr'>xx.</span> <span class='ocrx_word' id='word_1_7' title='bbox 1437 148 1550 192; x_wconf 83' lang='lat'>1005</span> 
     </span>
    </p>
   </div>
   <div class='ocr_carea' id='block_1_2' title="bbox 99 265 601 314">
    <p class='ocr_par' dir='ltr' id='par_1_2' title="bbox 99 265 601 314">
     <span class='ocr_line' id='line_1_2' title="bbox 99 265 601 314; baseline -0.012 -6"><span class='ocrx_word' id='word_1_8' title='bbox 99 266 386 314; x_wconf 76' lang='lat' dir='ltr'>Veruncent,⁵</span> <span class='ocrx_word' id='word_1_9' title='bbox 418 265 601 305; x_wconf 83' lang='lat' dir='ltr'>vertant.</span> 
     </span>
    </p>
   </div>
   <div class='ocr_carea' id='block_1_3' title="bbox 661 255 1551 301">
    <p class='ocr_par' dir='ltr' id='par_1_3' title="bbox 661 255 1551 301">
     <span class='ocr_line' id='line_1_3' title="bbox 661 255 1551 301; baseline -0.006 0"><span class='ocrx_word' id='word_1_10' title='bbox 661 260 916 301; x_wconf 83' lang='lat' dir='ltr'>Pacuvius:</span> <span class='ocrx_word' id='word_1_11' title='bbox 949 258 1025 300; x_wconf 89' lang='lat' dir='ltr'>Dii</span> <span class='ocrx_word' id='word_1_12' title='bbox 1048 256 1294 297; x_wconf 82' lang='lat' dir='ltr'>monuerint</span> <span class='ocrx_word' id='word_1_13' title='bbox 1313 255 1497 296; x_wconf 83' lang='lat' dir='ltr'>meliora</span> <span class='ocrx_word' id='word_1_14' title='bbox 1514 269 1524 296; x_wconf 79' lang='lat' dir='ltr'>t</span> <span class='ocrx_word' id='word_1_15' title='bbox 1540 256 1551 277; x_wconf 70' lang='lat'>²</span> 
     </span>
    </p>
   </div>
   <div class='ocr_carea' id='block_1_4' title="bbox 95 322 1550 453">
    <p class='ocr_par' dir='ltr' id='par_1_4' title="bbox 95 322 1550 453">
     <span class='ocr_line' id='line_1_4' title="bbox 153 322 1550 386; baseline -0.009 -12"><span class='ocrx_word' id='word_1_16' title='bbox 153 338 287 386; x_wconf 85' lang='lat' dir='ltr'>atque</span> <span class='ocrx_word' id='word_1_17' title='bbox 309 331 542 373; x_wconf 83' lang='lat' dir='ltr'>amentiam</span> <span class='ocrx_word' id='word_1_18' title='bbox 565 331 906 370; x_wconf 83' lang='lat' dir='ltr'>averuncassent</span> <span class='ocrx_word' id='word_1_19' title='bbox 929 330 1065 374; x_wconf 82' lang='lat' dir='ltr'>tuam,</span> <span class='ocrx_word' id='word_1_20' title='bbox 1094 324 1140 364; x_wconf 84' lang='lat' dir='ltr'>id</span> <span class='ocrx_word' id='word_1_21' title='bbox 1162 329 1245 373; x_wconf 73' lang='lat' dir='ltr'>est,</span> <span class='ocrx_word' id='word_1_22' title='bbox 1269 322 1550 363; x_wconf 81' lang='lat' dir='ltr'>avertissent.</span> 
     </span>
     <span class='ocr_line' id='line_1_5' title="bbox 95 388 1521 453; baseline -0.009 -12"><span class='ocrx_word' id='word_1_23' title='bbox 95 400 264 442; x_wconf 82' lang='lat' dir='ltr'>Veruta</span> <span class='ocrx_word' id='word_1_24' title='bbox 284 399 375 453; x_wconf 83' lang='lat' dir='ltr'>pila</span> <span class='ocrx_word' id='word_1_25' title='bbox 389 404 406 420; x_wconf 68' lang='lat'>¹¹</span> <span class='ocrx_word' id='word_1_26' title='bbox 428 398 647 447; x_wconf 86' lang='lat' dir='ltr'>dicuntur,</span> <span class='ocrx_word' id='word_1_27' title='bbox 678 395 794 449; x_wconf 88' lang='lat' dir='ltr'>quod</span> <span class='ocrx_word' id='word_1_28' title='bbox 815 394 957 435; x_wconf 85' lang='lat' dir='ltr'>veluti</span> <span class='ocrx_word' id='word_1_29' title='bbox 980 405 1113 434; x_wconf 80' lang='lat' dir='ltr'>verua</span> <span class='ocrx_word' id='word_1_30' title='bbox 1131 392 1298 432; x_wconf 80' lang='lat' dir='ltr'>habent</span> <span class='ocrx_word' id='word_1_31' title='bbox 1319 388 1521 443; x_wconf 83' lang='lat' dir='ltr'>praefixa.</span> 
     </span>
    </p>
   </div>
   <div class='ocr_carea' id='block_1_5' title="bbox 97 467 483 519">
    <p class='ocr_par' dir='ltr' id='par_1_5' title="bbox 97 467 483 519">
     <span class='ocr_line' id='line_1_6' title="bbox 97 467 483 519; baseline -0.005 -11"><span class='ocrx_word' id='word_1_32' title='bbox 97 467 286 516; x_wconf 85' lang='lat' dir='ltr'>Vescor,</span> <span class='ocrx_word' id='word_1_33' title='bbox 307 479 483 519; x_wconf 86' lang='lat' dir='ltr'>pascor.</span> 
     </span>
    </p>
   </div>
   <div class='ocr_carea' id='block_1_6' title="bbox 96 523 1554 721">
    <p class='ocr_par' dir='ltr' id='par_1_6' title="bbox 96 523 1554 721">
     <span class='ocr_line' id='line_1_7' title="bbox 96 523 1554 583; baseline -0.009 -8"><span class='ocrx_word' id='word_1_34' title='bbox 96 533 324 583; x_wconf 70' lang='lat' dir='ltr'>Vesculi,w</span> <span class='ocrx_word' id='word_1_35' title='bbox 358 534 471 574; x_wconf 86' lang='lat' dir='ltr'>male</span> <span class='ocrx_word' id='word_1_36' title='bbox 494 532 644 579; x_wconf 79' lang='lat' dir='ltr'>curati,</span> <span class='ocrx_word' id='word_1_37' title='bbox 669 534 710 572; x_wconf 90' lang='lat' dir='ltr'>et</span> <span class='ocrx_word' id='word_1_38' title='bbox 737 531 924 583; x_wconf 82' lang='lat' dir='ltr'>graciles</span> <span class='ocrx_word' id='word_1_39' title='bbox 945 528 1174 569; x_wconf 87' lang='lat' dir='ltr'>homines:</span> <span class='ocrx_word' id='word_1_40' title='bbox 1205 539 1261 567; x_wconf 87' lang='lat' dir='ltr'>ve</span> <span class='ocrx_word' id='word_1_41' title='bbox 1283 525 1396 565; x_wconf 92' lang='lat' dir='ltr'>enim</span> <span class='ocrx_word' id='word_1_42' title='bbox 1420 523 1554 576; x_wconf 78' lang='lat' dir='ltr'>sylla-</span> 
     </span>
     <span class='ocr_line' id='line_1_8' title="bbox 152 590 1553 654; baseline -0.008 -13"><span class='ocrx_word' id='word_1_43' title='bbox 152 602 252 642; x_wconf 85' lang='lat' dir='ltr'>bam</span> <span class='ocrx_word' id='word_1_44' title='bbox 273 602 333 641; x_wconf 89' lang='lat' dir='ltr'>rei</span> <span class='ocrx_word' id='word_1_45' title='bbox 358 614 504 654; x_wconf 80' lang='lat' dir='ltr'>parvae</span> <span class='ocrx_word' id='word_1_46' title='bbox 530 599 864 654; x_wconf 71' lang='lat' dir='ltr'><strong>praeponebant,</strong></span> <span class='ocrx_word' id='word_1_47' title='bbox 886 597 1001 638; x_wconf 90' lang='lat' dir='ltr'>unde</span> <span class='ocrx_word' id='word_1_48' title='bbox 1018 595 1253 649; x_wconf 86' lang='lat' dir='ltr'>Vejovem,</span> <span class='ocrx_word' id='word_1_49' title='bbox 1268 604 1452 646; x_wconf 82' lang='lat' dir='ltr'>parvum</span> <span class='ocrx_word' id='word_1_50' title='bbox 1473 590 1553 631; x_wconf 89' lang='lat' dir='ltr'>Jo-</span> 
     </span>
     <span class='ocr_line' id='line_1_9' title="bbox 154 663 1293 721; baseline -0.009 -11"><span class='ocrx_word' id='word_1_51' title='bbox 154 682 280 720; x_wconf 85' lang='lat' dir='ltr'>vem3</span> <span class='ocrx_word' id='word_1_52' title='bbox 313 675 357 709; x_wconf 87' lang='lat' dir='ltr'>et</span> <span class='ocrx_word' id='word_1_53' title='bbox 376 668 637 721; x_wconf 80' lang='lat' dir='ltr'>vegrandem</span> <span class='ocrx_word' id='word_1_54' title='bbox 658 667 822 714; x_wconf 78' lang='lat' dir='ltr'>fabam,</span> <span class='ocrx_word' id='word_1_55' title='bbox 845 665 1053 705; x_wconf 83' lang='lat' dir='ltr'>minutam</span> <span class='ocrx_word' id='word_1_56' title='bbox 1076 663 1293 702; x_wconf 83' lang='lat' dir='ltr'>dicebant.</span> 
     </span>
    </p>
   </div>
   <div class='ocr_carea' id='block_1_7' title="bbox 99 729 1402 786">
    <p class='ocr_par' dir='ltr' id='par_1_7' title="bbox 99 729 1402 786">
     <span class='ocr_line' id='line_1_10' title="bbox 99 729 1402 786; baseline -0.008 -9"><span class='ocrx_word' id='word_1_57' title='bbox 99 735 311 782; x_wconf 74' lang='lat' dir='ltr'>Vescus,X</span> <span class='ocrx_word' id='word_1_58' title='bbox 341 736 628 786; x_wconf 82' lang='lat' dir='ltr'>fastidiosus3</span> <span class='ocrx_word' id='word_1_59' title='bbox 661 747 713 775; x_wconf 82' lang='lat' dir='ltr'>ve</span> <span class='ocrx_word' id='word_1_60' title='bbox 733 734 848 775; x_wconf 90' lang='lat' dir='ltr'>enim</span> <span class='ocrx_word' id='word_1_61' title='bbox 870 746 949 786; x_wconf 86' lang='lat' dir='ltr'>pro</span> <span class='ocrx_word' id='word_1_62' title='bbox 971 731 1136 785; x_wconf 90' lang='lat' dir='ltr'>pusillo</span> <span class='ocrx_word' id='word_1_63' title='bbox 1157 729 1402 769; x_wconf 80' lang='lat' dir='ltr'>utebantur.</span> 
     </span>
    </p>
   </div>
   <div class='ocr_carea' id='block_1_8' title="bbox 1464 725 1552 766">
    <p class='ocr_par' dir='ltr' id='par_1_8' title="bbox 1464 725 1552 766">
     <span class='ocr_line' id='line_1_11' title="bbox 1464 725 1552 766; baseline -0.011 0"><span class='ocrx_word' id='word_1_64' title='bbox 1464 725 1552 766; x_wconf 92' lang='lat' dir='ltr'>Lu-</span> 
     </span>
    </p>
   </div>
   <div class='ocr_carea' id='block_1_9' title="bbox 98 795 1555 992">
    <p class='ocr_par' dir='ltr' id='par_1_9' title="bbox 98 795 1555 992">
     <span class='ocr_line' id='line_1_12' title="bbox 155 795 1553 849; baseline -0.009 -5"><span class='ocrx_word' id='word_1_65' title='bbox 155 804 314 844; x_wconf 83' lang='lat' dir='ltr'>cretius</span> <span class='ocrx_word' id='word_1_66' title='bbox 344 816 528 844; x_wconf 85' lang='lat' dir='ltr'>vescum</span> <span class='ocrx_word' id='word_1_67' title='bbox 561 801 676 842; x_wconf 78' lang='lat' dir='ltr'>dixit</span> <span class='ocrx_word' id='word_1_68' title='bbox 712 800 912 849; x_wconf 83' lang='lat' dir='ltr'>edacem,</span> <span class='ocrx_word' id='word_1_69' title='bbox 944 812 1043 840; x_wconf 87' lang='lat' dir='ltr'>cum</span> <span class='ocrx_word' id='word_1_70' title='bbox 1078 798 1163 838; x_wconf 83' lang='lat' dir='ltr'>ait:</span> <span class='ocrx_word' id='word_1_71' title='bbox 1197 795 1293 837; x_wconf 90' lang='lat' dir='ltr'>Nec</span> <span class='ocrx_word' id='word_1_72' title='bbox 1313 806 1430 834; x_wconf 81' lang='lat' dir='ltr'>mare</span> <span class='ocrx_word' id='word_1_73' title='bbox 1453 806 1553 846; x_wconf 86' lang='lat' dir='ltr'>quae</span> 
     </span>
     <span class='ocr_line' id='line_1_13' title="bbox 156 869 1009 923; baseline -0.005 -13"><span class='ocrx_word' id='word_1_74' title='bbox 156 869 411 923; x_wconf 85' lang='lat' dir='ltr'>impendent</span> <span class='ocrx_word' id='word_1_75' title='bbox 429 883 563 911; x_wconf 89' lang='lat' dir='ltr'>vesco</span> <span class='ocrx_word' id='word_1_76' title='bbox 586 870 677 909; x_wconf 79' lang='lat' dir='ltr'>sale</span> <span class='ocrx_word' id='word_1_77' title='bbox 701 881 814 910; x_wconf 78' lang='lat' dir='ltr'>saxa</span> <span class='ocrx_word' id='word_1_78' title='bbox 836 880 1009 921; x_wconf 83' lang='lat' dir='ltr'>peresa.</span> 
     </span>
     <span class='ocr_line' id='line_1_14' title="bbox 98 928 1555 992; baseline -0.008 -12"><span class='ocrx_word' id='word_1_79' title='bbox 98 938 303 992; x_wconf 71' lang='lat' dir='ltr'>Vespee,y</span> <span class='ocrx_word' id='word_1_80' title='bbox 332 944 378 978; x_wconf 86' lang='lat' dir='ltr'>et</span> <span class='ocrx_word' id='word_1_81' title='bbox 400 938 672 991; x_wconf 83' lang='lat' dir='ltr'>vespiliones</span> <span class='ocrx_word' id='word_1_82' title='bbox 687 941 702 958; x_wconf 88' lang='lat'>²</span> <span class='ocrx_word' id='word_1_83' title='bbox 734 936 955 984; x_wconf 88' lang='lat' dir='ltr'>dicuntur,</span> <span class='ocrx_word' id='word_1_84' title='bbox 993 933 1071 986; x_wconf 89' lang='lat' dir='ltr'>qui</span> <span class='ocrx_word' id='word_1_85' title='bbox 1092 930 1341 973; x_wconf 78' lang='lat' dir='ltr'>funerandis</span> <span class='ocrx_word' id='word_1_86' title='bbox 1362 928 1555 982; x_wconf 84' lang='lat' dir='ltr'>corpori-</span> 
     </span>
    </p>
   </div>
   <div class='ocr_carea' id='block_1_10' title="bbox 711 1053 824 1066">
    <p class='ocr_par' dir='ltr' id='par_1_10' title="bbox 711 1053 824 1066">
     <span class='ocr_line' id='line_1_15' title="bbox 711 1053 824 1066; baseline -0.018 0"><span class='ocrx_word' id='word_1_87' title='bbox 711 1053 824 1066; x_wconf 56' lang='lat' dir='ltr'>cccccc</span> 
     </span>
    </p>
   </div>
   <div class='ocr_carea' id='block_1_11' title="bbox 829 1052 946 1064">
    <p class='ocr_par' dir='ltr' id='par_1_11' title="bbox 829 1052 946 1064">
     <span class='ocr_line' id='line_1_16' title="bbox 829 1052 946 1064; baseline -0.009 0"><span class='ocrx_word' id='word_1_88' title='bbox 829 1052 946 1064; x_wconf 53' lang='lat' dir='ltr'>eeeee</span> 
     </span>
    </p>
   </div>
   <div class='ocr_carea' id='block_1_12' title="bbox 142 1130 1002 1173">
    <p class='ocr_par' dir='ltr' id='par_1_12' title="bbox 142 1130 1002 1173">
     <span class='ocr_line' id='line_1_17' title="bbox 142 1130 1002 1173; baseline -0.006 -8"><span class='ocrx_word' id='word_1_89' title='bbox 142 1137 161 1165; x_wconf 84' lang='lat'>2</span> <span class='ocrx_word' id='word_1_90' title='bbox 185 1133 246 1164; x_wconf 76' lang='lat' dir='ltr'>vir</span> <span class='ocrx_word' id='word_1_91' title='bbox 262 1132 352 1165; x_wconf 88' lang='lat' dir='ltr'>doct.</span> <span class='ocrx_word' id='word_1_92' title='bbox 367 1133 400 1163; x_wconf 89' lang='lat' dir='ltr'>in</span> <span class='ocrx_word' id='word_1_93' title='bbox 418 1142 523 1173; x_wconf 84' lang='lat' dir='ltr'>marg.</span> <span class='ocrx_word' id='word_1_94' title='bbox 540 1131 594 1164; x_wconf 88' lang='lat' dir='ltr'>ed.</span> <span class='ocrx_word' id='word_1_95' title='bbox 611 1132 702 1164; x_wconf 80' lang='lat' dir='ltr'>Scal.</span> <span class='ocrx_word' id='word_1_96' title='bbox 716 1131 806 1170; x_wconf 82' lang='lat' dir='ltr'>conj.</span> <span class='ocrx_word' id='word_1_97' title='bbox 820 1130 1002 1170; x_wconf 70' lang='lat' dir='ltr'>vespilones.</span> 
     </span>
    </p>
   </div>
   <div class='ocr_carea' id='block_1_13' title="bbox 762 1227 902 1259">
    <p class='ocr_par' dir='ltr' id='par_1_13' title="bbox 762 1227 902 1259">
     <span class='ocr_line' id='line_1_18' title="bbox 762 1227 902 1259; baseline -0.007 0"><span class='ocrx_word' id='word_1_98' title='bbox 762 1229 789 1259; x_wconf 91' lang='lat' dir='ltr'>N</span> <span class='ocrx_word' id='word_1_99' title='bbox 799 1227 902 1259; x_wconf 83' lang='lat' dir='ltr'>OTAE</span> 
     </span>
    </p>
   </div>
   <div class='ocr_carea' id='block_1_14' title="bbox 100 1305 815 2689">
    <p class='ocr_par' dir='ltr' id='par_1_14' title="bbox 100 1305 804 1495">
     <span class='ocr_line' id='line_1_19' title="bbox 143 1305 803 1345; baseline -0.003 -8"><span class='ocrx_word' id='word_1_100' title='bbox 143 1311 153 1325; x_wconf 84' lang='lat'>⁵</span> <span class='ocrx_word' id='word_1_101' title='bbox 181 1305 369 1345; x_wconf 76' lang='lat' dir='ltr'>Veruncem]</span> <span class='ocrx_word' id='word_1_102' title='bbox 407 1305 577 1337; x_wconf 85' lang='lat' dir='ltr'>Pacuvius</span> <span class='ocrx_word' id='word_1_103' title='bbox 607 1306 640 1336; x_wconf 91' lang='lat' dir='ltr'>in</span> <span class='ocrx_word' id='word_1_104' title='bbox 674 1305 803 1345; x_wconf 81' lang='lat' dir='ltr'>Chryse</span> 
     </span>
     <span class='ocr_line' id='line_1_20' title="bbox 103 1356 804 1395; baseline -0.003 -8"><span class='ocrx_word' id='word_1_105' title='bbox 103 1366 145 1387; x_wconf 77' lang='lat' dir='ltr'>ex</span> <span class='ocrx_word' id='word_1_106' title='bbox 164 1356 276 1387; x_wconf 87' lang='lat' dir='ltr'>Nonio</span> <span class='ocrx_word' id='word_1_107' title='bbox 291 1366 300 1387; x_wconf 71' lang='grc' dir='ltr'>ι</span> <span class='ocrx_word' id='word_1_108' title='bbox 322 1356 368 1386; x_wconf 79' lang='grc' dir='ltr'>Οἱ</span> <span class='ocrx_word' id='word_1_109' title='bbox 384 1357 537 1387; x_wconf 73' lang='lat' dir='ltr'>mouerint</span> <span class='ocrx_word' id='word_1_110' title='bbox 552 1356 697 1387; x_wconf 81' lang='lat' dir='ltr'>meliora:</span> <span class='ocrx_word' id='word_1_111' title='bbox 713 1360 804 1395; x_wconf 85' lang='lat' dir='ltr'>atque</span> 
     </span>
     <span class='ocr_line' id='line_1_21' title="bbox 100 1405 803 1437; baseline 0.001 -1"><span class='ocrx_word' id='word_1_112' title='bbox 100 1406 266 1436; x_wconf 84' lang='lat' dir='ltr'>amentiam</span> <span class='ocrx_word' id='word_1_113' title='bbox 296 1406 545 1437; x_wconf 77' lang='lat' dir='ltr'>averruncassz‘nt</span> <span class='ocrx_word' id='word_1_114' title='bbox 574 1410 671 1437; x_wconf 85' lang='lat' dir='ltr'>tuam.</span> <span class='ocrx_word' id='word_1_115' title='bbox 716 1405 803 1436; x_wconf 84' lang='lat' dir='ltr'>Vide</span> 
     </span>
     <span class='ocr_line' id='line_1_22' title="bbox 103 1455 547 1495; baseline 0.005 -9"><span class='ocrx_word' id='word_1_116' title='bbox 103 1456 202 1487; x_wconf 81' lang='lat' dir='ltr'>Varr.</span> <span class='ocrx_word' id='word_1_117' title='bbox 220 1455 279 1487; x_wconf 89' lang='lat' dir='ltr'>lib.</span> <span class='ocrx_word' id='word_1_118' title='bbox 297 1465 345 1487; x_wconf 80' lang='lat' dir='ltr'>vr.</span> <span class='ocrx_word' id='word_1_119' title='bbox 370 1456 547 1495; x_wconf 80' lang='lat' dir='ltr'>Ant.Ang.</span> 
     </span>
    </p>

    <p class='ocr_par' dir='ltr' id='par_1_15' title="bbox 102 1505 811 1997">
     <span class='ocr_line' id='line_1_23' title="bbox 148 1505 804 1546; baseline 0 -10"><span class='ocrx_word' id='word_1_120' title='bbox 148 1506 333 1546; x_wconf 81' lang='lat' dir='ltr'>Veruncent]</span> <span class='ocrx_word' id='word_1_121' title='bbox 369 1506 461 1546; x_wconf 85' lang='lat' dir='ltr'>Lege</span> <span class='ocrx_word' id='word_1_122' title='bbox 484 1507 688 1539; x_wconf 83' lang='lat' dir='ltr'>Verruncent.</span> <span class='ocrx_word' id='word_1_123' title='bbox 708 1510 746 1537; x_wconf 91' lang='lat' dir='ltr'>ut</span> <span class='ocrx_word' id='word_1_124' title='bbox 771 1505 804 1536; x_wconf 91' lang='lat' dir='ltr'>in</span> 
     </span>
     <span class='ocr_line' id='line_1_24' title="bbox 103 1555 805 1598; baseline -0.001 -11"><span class='ocrx_word' id='word_1_125' title='bbox 103 1557 185 1589; x_wconf 87' lang='lat' dir='ltr'>Mss.</span> <span class='ocrx_word' id='word_1_126' title='bbox 215 1556 371 1588; x_wconf 83' lang='lat' dir='ltr'>Verrnnco</span> <span class='ocrx_word' id='word_1_127' title='bbox 393 1558 529 1598; x_wconf 85' lang='lat' dir='ltr'>quidam</span> <span class='ocrx_word' id='word_1_128' title='bbox 547 1557 588 1588; x_wconf 84' lang='lat' dir='ltr'>ab</span> <span class='ocrx_word' id='word_1_129' title='bbox 605 1555 712 1597; x_wconf 81' lang='grc' dir='ltr'>ἐρύκω,</span> <span class='ocrx_word' id='word_1_130' title='bbox 729 1566 805 1596; x_wconf 85' lang='lat' dir='ltr'>pro-</span> 
     </span>
     <span class='ocr_line' id='line_1_25' title="bbox 102 1607 806 1638; baseline -0.001 0"><span class='ocrx_word' id='word_1_131' title='bbox 102 1607 214 1638; x_wconf 85' lang='lat' dir='ltr'>hibeo.</span> <span class='ocrx_word' id='word_1_132' title='bbox 260 1607 368 1637; x_wconf 84' lang='lat' dir='ltr'>Varro</span> <span class='ocrx_word' id='word_1_133' title='bbox 395 1617 470 1638; x_wconf 91' lang='lat' dir='ltr'>cnm</span> <span class='ocrx_word' id='word_1_134' title='bbox 493 1608 595 1638; x_wconf 83' lang='lat' dir='ltr'>Festo</span> <span class='ocrx_word' id='word_1_135' title='bbox 613 1617 632 1637; x_wconf 87' lang='lat' dir='ltr'>a</span> <span class='ocrx_word' id='word_1_136' title='bbox 648 1607 806 1638; x_wconf 81' lang='lat' dir='ltr'>vertendo.</span> 
     </span>
     <span class='ocr_line' id='line_1_26' title="bbox 104 1655 805 1696; baseline -0.003 -8"><span class='ocrx_word' id='word_1_137' title='bbox 104 1656 206 1696; x_wconf 83' lang='lat' dir='ltr'>Apud</span> <span class='ocrx_word' id='word_1_138' title='bbox 224 1655 366 1686; x_wconf 86' lang='lat' dir='ltr'>Accium</span> <span class='ocrx_word' id='word_1_139' title='bbox 381 1667 390 1687; x_wconf 75' lang='lat' dir='ltr'>z</span> <span class='ocrx_word' id='word_1_140' title='bbox 404 1661 412 1675; x_wconf 90' lang='lat'>‘</span> <span class='ocrx_word' id='word_1_141' title='bbox 427 1657 488 1696; x_wconf 84' lang='lat' dir='ltr'>Te,</span> <span class='ocrx_word' id='word_1_142' title='bbox 498 1663 625 1691; x_wconf 82' lang='lat' dir='ltr'>sancte,</span> <span class='ocrx_word' id='word_1_143' title='bbox 641 1666 805 1687; x_wconf 83' lang='lat' dir='ltr'>venerans</span> 
     </span>
     <span class='ocr_line' id='line_1_27' title="bbox 105 1706 806 1747; baseline -0.001 -10"><span class='ocrx_word' id='word_1_144' title='bbox 105 1707 274 1747; x_wconf 74' lang='lat' dir='ltr'>precibus,</span> <span class='ocrx_word' id='word_1_145' title='bbox 297 1706 425 1737; x_wconf 87' lang='lat' dir='ltr'>invicte</span> <span class='ocrx_word' id='word_1_146' title='bbox 451 1707 570 1738; x_wconf 84' lang='lat' dir='ltr'>invoco</span> <span class='ocrx_word' id='word_1_147' title='bbox 585 1708 753 1738; x_wconf 80' lang='lat' dir='ltr'>Portenta</span> <span class='ocrx_word' id='word_1_148' title='bbox 769 1712 806 1737; x_wconf 89' lang='lat' dir='ltr'>ut</span> 
     </span>
     <span class='ocr_line' id='line_1_28' title="bbox 104 1757 806 1797; baseline 0 -10"><span class='ocrx_word' id='word_1_149' title='bbox 104 1757 230 1797; x_wconf 84' lang='lat' dir='ltr'>populo</span> <span class='ocrx_word' id='word_1_150' title='bbox 258 1757 380 1796; x_wconf 82' lang='lat' dir='ltr'>patriae</span> <span class='ocrx_word' id='word_1_151' title='bbox 398 1763 603 1788; x_wconf 83' lang='lat' dir='ltr'>verruncent</span> <span class='ocrx_word' id='word_1_152' title='bbox 622 1758 707 1788; x_wconf 86' lang='lat' dir='ltr'>bene</span> <span class='ocrx_word' id='word_1_153' title='bbox 722 1757 743 1787; x_wconf 72' lang='grc' dir='ltr'>ι’</span> <span class='ocrx_word' id='word_1_154' title='bbox 772 1757 806 1787; x_wconf 90' lang='lat' dir='ltr'>id</span> 
     </span>
     <span class='ocr_line' id='line_1_29' title="bbox 104 1806 807 1842; baseline -0.001 -4"><span class='ocrx_word' id='word_1_155' title='bbox 104 1812 168 1842; x_wconf 89' lang='lat' dir='ltr'>est,</span> <span class='ocrx_word' id='word_1_156' title='bbox 199 1812 337 1837; x_wconf 84' lang='lat' dir='ltr'>vertant</span> <span class='ocrx_word' id='word_1_157' title='bbox 369 1806 468 1838; x_wconf 86' lang='lat' dir='ltr'>bene.</span> <span class='ocrx_word' id='word_1_158' title='bbox 515 1807 545 1837; x_wconf 94' lang='lat' dir='ltr'><strong>A</strong></span> <span class='ocrx_word' id='word_1_159' title='bbox 576 1816 724 1838; x_wconf 73' lang='lat' dir='ltr'>vet-runco</span> <span class='ocrx_word' id='word_1_160' title='bbox 755 1811 807 1837; x_wconf 88' lang='lat' dir='ltr'>est</span> 
     </span>
     <span class='ocr_line' id='line_1_30' title="bbox 104 1857 809 1897; baseline 0 -10"><span class='ocrx_word' id='word_1_161' title='bbox 104 1866 284 1895; x_wconf 74' lang='lat' dir='ltr'>arerrunco,</span> <span class='ocrx_word' id='word_1_162' title='bbox 315 1857 407 1897; x_wconf 87' lang='lat' dir='ltr'>quod</span> <span class='ocrx_word' id='word_1_163' title='bbox 432 1861 467 1888; x_wconf 85' lang='lat' dir='ltr'>et</span> <span class='ocrx_word' id='word_1_164' title='bbox 495 1867 645 1895; x_wconf 79' lang='lat' dir='ltr'>aurunco,</span> <span class='ocrx_word' id='word_1_165' title='bbox 678 1860 809 1888; x_wconf 83' lang='lat' dir='ltr'>averto:</span> 
     </span>
     <span class='ocr_line' id='line_1_31' title="bbox 105 1905 811 1947; baseline 0 -11"><span class='ocrx_word' id='word_1_166' title='bbox 105 1916 307 1941; x_wconf 62' lang='lat' dir='ltr'>acerruma-e,</span> <span class='ocrx_word' id='word_1_167' title='bbox 320 1907 375 1947; x_wconf 89' lang='lat' dir='ltr'>qui</span> <span class='ocrx_word' id='word_1_168' title='bbox 388 1912 422 1937; x_wconf 88' lang='lat' dir='ltr'>et</span> <span class='ocrx_word' id='word_1_169' title='bbox 436 1916 602 1945; x_wconf 70' lang='lat' dir='ltr'>auruncuS,</span> <span class='ocrx_word' id='word_1_170' title='bbox 617 1907 724 1945; x_wconf 86' lang='lat' dir='ltr'>Deus,</span> <span class='ocrx_word' id='word_1_171' title='bbox 734 1905 811 1936; x_wconf 81' lang='grc' dir='ltr'>ἄπο-</span> 
     </span>
     <span class='ocr_line' id='line_1_32' title="bbox 107 1956 701 1997; baseline 0.003 -12"><span class='ocrx_word' id='word_1_172' title='bbox 107 1956 264 1995; x_wconf 79' lang='grc' dir='ltr'>τρόπαιος,</span> <span class='ocrx_word' id='word_1_173' title='bbox 280 1957 337 1997; x_wconf 88' lang='lat' dir='ltr'>qui</span> <span class='ocrx_word' id='word_1_174' title='bbox 354 1958 444 1988; x_wconf 85' lang='lat' dir='ltr'>mala</span> <span class='ocrx_word' id='word_1_175' title='bbox 459 1958 597 1987; x_wconf 82' lang='lat' dir='ltr'>avertit.</span> <span class='ocrx_word' id='word_1_176' title='bbox 621 1957 701 1987; x_wconf 88' lang='lat' dir='ltr'>Dac.</span> 
     </span>
    </p>

    <p class='ocr_par' dir='ltr' id='par_1_16' title="bbox 107 2006 815 2689">
     <span class='ocr_line' id='line_1_33' title="bbox 149 2006 808 2047; baseline -0.003 -9"><span class='ocrx_word' id='word_1_177' title='bbox 149 2009 157 2027; x_wconf 76' lang='grc' dir='ltr'><strong>ῑ</strong></span> <span class='ocrx_word' id='word_1_178' title='bbox 174 2008 234 2038; x_wconf 86' lang='lat' dir='ltr'>Dii</span> <span class='ocrx_word' id='word_1_179' title='bbox 247 2008 419 2038; x_wconf 79' lang='lat' dir='ltr'>monuerint</span> <span class='ocrx_word' id='word_1_180' title='bbox 430 2006 570 2047; x_wconf 83' lang='lat' dir='ltr'>meliora]</span> <span class='ocrx_word' id='word_1_181' title='bbox 581 2007 723 2038; x_wconf 84' lang='lat' dir='ltr'>Pacuvii</span> <span class='ocrx_word' id='word_1_182' title='bbox 736 2016 808 2037; x_wconf 76' lang='lat' dir='ltr'>ver—</span> 
     </span>
     <span class='ocr_line' id='line_1_34' title="bbox 107 2057 806 2088; baseline 0 -1"><span class='ocrx_word' id='word_1_183' title='bbox 107 2066 163 2087; x_wconf 84' lang='lat' dir='ltr'>sus</span> <span class='ocrx_word' id='word_1_184' title='bbox 187 2058 234 2088; x_wconf 86' lang='lat' dir='ltr'>sic</span> <span class='ocrx_word' id='word_1_185' title='bbox 259 2067 302 2087; x_wconf 83' lang='lat' dir='ltr'>ex</span> <span class='ocrx_word' id='word_1_186' title='bbox 318 2057 472 2087; x_wconf 85' lang='lat' dir='ltr'>Varrone</span> <span class='ocrx_word' id='word_1_187' title='bbox 497 2057 554 2087; x_wconf 90' lang='lat' dir='ltr'>lib.</span> <span class='ocrx_word' id='word_1_188' title='bbox 572 2065 623 2087; x_wconf 77' lang='lat' dir='ltr'>vr.</span> <span class='ocrx_word' id='word_1_189' title='bbox 647 2057 689 2086; x_wconf 89' lang='lat' dir='ltr'>de</span> <span class='ocrx_word' id='word_1_190' title='bbox 715 2057 751 2087; x_wconf 94' lang='lat' dir='ltr'>L.</span> <span class='ocrx_word' id='word_1_191' title='bbox 770 2057 806 2087; x_wconf 78' lang='lat' dir='ltr'>L.</span> 
     </span>
     <span class='ocr_line' id='line_1_35' title="bbox 109 2108 810 2148; baseline 0 -10"><span class='ocrx_word' id='word_1_192' title='bbox 109 2113 143 2138; x_wconf 86' lang='lat' dir='ltr'>et</span> <span class='ocrx_word' id='word_1_193' title='bbox 163 2108 279 2139; x_wconf 88' lang='lat' dir='ltr'>Nonio</span> <span class='ocrx_word' id='word_1_194' title='bbox 298 2118 306 2139; x_wconf 88' lang='lat'><strong>:</strong></span> <span class='ocrx_word' id='word_1_195' title='bbox 334 2109 392 2138; x_wconf 82' lang='lat' dir='ltr'>Dii</span> <span class='ocrx_word' id='word_1_196' title='bbox 409 2108 561 2139; x_wconf 73' lang='lat' dir='ltr'>mouerint</span> <span class='ocrx_word' id='word_1_197' title='bbox 577 2109 702 2138; x_wconf 79' lang='lat' dir='ltr'>meliora</span> <span class='ocrx_word' id='word_1_198' title='bbox 718 2111 810 2148; x_wconf 81' lang='lat' dir='ltr'>atque</span> 
     </span>
     <span class='ocr_line' id='line_1_36' title="bbox 108 2159 809 2190; baseline 0.001 -2"><span class='ocrx_word' id='word_1_199' title='bbox 108 2159 273 2189; x_wconf 79' lang='lat' dir='ltr'>amentiam</span> <span class='ocrx_word' id='word_1_200' title='bbox 288 2159 539 2189; x_wconf 77' lang='lat' dir='ltr'>averruncassint</span> <span class='ocrx_word' id='word_1_201' title='bbox 558 2162 654 2190; x_wconf 79' lang='lat' dir='ltr'>tuam.</span> <span class='ocrx_word' id='word_1_202' title='bbox 698 2159 809 2189; x_wconf 80' lang='lat' dir='ltr'>Mone-</span> 
     </span>
     <span class='ocr_line' id='line_1_37' title="bbox 108 2208 809 2249; baseline 0.001 -12"><span class='ocrx_word' id='word_1_203' title='bbox 108 2209 172 2240; x_wconf 80' lang='lat' dir='ltr'>rint</span> <span class='ocrx_word' id='word_1_204' title='bbox 188 2218 249 2249; x_wconf 84' lang='lat' dir='ltr'>pro</span> <span class='ocrx_word' id='word_1_205' title='bbox 266 2209 450 2240; x_wconf 81' lang='lat' dir='ltr'>monuerint.</span> <span class='ocrx_word' id='word_1_206' title='bbox 475 2209 604 2239; x_wconf 86' lang='lat' dir='ltr'>Nonius</span> <span class='ocrx_word' id='word_1_207' title='bbox 621 2208 724 2239; x_wconf 88' lang='lat' dir='ltr'>etiam</span> <span class='ocrx_word' id='word_1_208' title='bbox 741 2209 809 2248; x_wconf 89' lang='lat' dir='ltr'>pri-</span> 
     </span>
     <span class='ocr_line' id='line_1_38' title="bbox 111 2259 810 2299; baseline -0.001 -10"><span class='ocrx_word' id='word_1_209' title='bbox 111 2268 203 2289; x_wconf 82' lang='lat' dir='ltr'>orem</span> <span class='ocrx_word' id='word_1_210' title='bbox 221 2264 354 2299; x_wconf 77' lang='lat' dir='ltr'>partem</span> <span class='ocrx_word' id='word_1_211' title='bbox 371 2259 418 2289; x_wconf 89' lang='lat' dir='ltr'>sic</span> <span class='ocrx_word' id='word_1_212' title='bbox 448 2259 588 2290; x_wconf 85' lang='lat' dir='ltr'>adducit</span> <span class='ocrx_word' id='word_1_213' title='bbox 617 2260 650 2289; x_wconf 89' lang='lat' dir='ltr'>in</span> <span class='ocrx_word' id='word_1_214' title='bbox 673 2260 681 2274; x_wconf 93' lang='lat'>‘</span> <span class='ocrx_word' id='word_1_215' title='bbox 698 2268 810 2289; x_wconf 89' lang='lat' dir='ltr'>mone-</span> 
     </span>
     <span class='ocr_line' id='line_1_39' title="bbox 112 2308 810 2349; baseline -0.001 -10"><span class='ocrx_word' id='word_1_216' title='bbox 112 2310 156 2340; x_wconf 84' lang='lat' dir='ltr'>ris</span> <span class='ocrx_word' id='word_1_217' title='bbox 172 2308 193 2340; x_wconf 72' lang='grc' dir='ltr'>ς’</span> <span class='ocrx_word' id='word_1_218' title='bbox 219 2309 265 2339; x_wconf 86' lang='lat' dir='ltr'>Di</span> <span class='ocrx_word' id='word_1_219' title='bbox 278 2310 429 2339; x_wconf 76' lang='lat' dir='ltr'>mouerint</span> <span class='ocrx_word' id='word_1_220' title='bbox 448 2310 587 2347; x_wconf 86' lang='lat' dir='ltr'>meliora,</span> <span class='ocrx_word' id='word_1_221' title='bbox 604 2310 719 2349; x_wconf 80' lang='lat' dir='ltr'>aitque</span> <span class='ocrx_word' id='word_1_222' title='bbox 736 2317 810 2339; x_wconf 86' lang='lat' dir='ltr'>esse</span> 
     </span>
     <span class='ocr_line' id='line_1_40' title="bbox 112 2358 812 2398; baseline -0.001 -10"><span class='ocrx_word' id='word_1_223' title='bbox 112 2367 155 2388; x_wconf 87' lang='lat' dir='ltr'>ex</span> <span class='ocrx_word' id='word_1_224' title='bbox 182 2358 312 2398; x_wconf 86' lang='lat' dir='ltr'>Chryse</span> <span class='ocrx_word' id='word_1_225' title='bbox 343 2358 498 2389; x_wconf 87' lang='lat' dir='ltr'>Pacuvii.</span> <span class='ocrx_word' id='word_1_226' title='bbox 543 2358 641 2388; x_wconf 87' lang='lat' dir='ltr'>Idem</span> <span class='ocrx_word' id='word_1_227' title='bbox 667 2358 700 2388; x_wconf 89' lang='lat' dir='ltr'>in</span> <span class='ocrx_word' id='word_1_228' title='bbox 726 2367 812 2388; x_wconf 76' lang='lat' dir='ltr'>aver-</span> 
     </span>
     <span class='ocr_line' id='line_1_41' title="bbox 110 2407 812 2438; baseline 0.003 -2"><span class='ocrx_word' id='word_1_229' title='bbox 110 2416 239 2438; x_wconf 83' lang='lat' dir='ltr'>runcare</span> <span class='ocrx_word' id='word_1_230' title='bbox 254 2407 398 2438; x_wconf 90' lang='lat' dir='ltr'>eundem</span> <span class='ocrx_word' id='word_1_231' title='bbox 417 2407 546 2438; x_wconf 90' lang='lat' dir='ltr'>Lucilio</span> <span class='ocrx_word' id='word_1_232' title='bbox 564 2407 683 2438; x_wconf 90' lang='lat' dir='ltr'>tribuit</span> <span class='ocrx_word' id='word_1_233' title='bbox 694 2417 711 2437; x_wconf 89' lang='lat' dir='ltr'>e</span> <span class='ocrx_word' id='word_1_234' title='bbox 726 2407 812 2438; x_wconf 89' lang='lat' dir='ltr'>libro</span> 
     </span>
     <span class='ocr_line' id='line_1_42' title="bbox 114 2456 813 2498; baseline 0 -10"><span class='ocrx_word' id='word_1_235' title='bbox 114 2456 237 2488; x_wconf 86' lang='lat' dir='ltr'>Annal.</span> <span class='ocrx_word' id='word_1_236' title='bbox 253 2459 305 2487; x_wconf 82' lang='grc'>26.</span> <span class='ocrx_word' id='word_1_237' title='bbox 338 2456 398 2488; x_wconf 79' lang='lat' dir='ltr'>Dii</span> <span class='ocrx_word' id='word_1_238' title='bbox 412 2458 564 2488; x_wconf 77' lang='lat' dir='ltr'>mouerint</span> <span class='ocrx_word' id='word_1_239' title='bbox 579 2458 706 2488; x_wconf 76' lang='lat' dir='ltr'>meliora</span> <span class='ocrx_word' id='word_1_240' title='bbox 720 2461 813 2498; x_wconf 84' lang='lat' dir='ltr'>alque</span> 
     </span>
     <span class='ocr_line' id='line_1_43' title="bbox 113 2508 814 2540; baseline -0.001 -1"><span class='ocrx_word' id='word_1_241' title='bbox 113 2508 278 2539; x_wconf 77' lang='lat' dir='ltr'>amentiam</span> <span class='ocrx_word' id='word_1_242' title='bbox 293 2508 540 2540; x_wconf 79' lang='lat' dir='ltr'>averruncassint</span> <span class='ocrx_word' id='word_1_243' title='bbox 556 2512 651 2540; x_wconf 82' lang='lat' dir='ltr'>tuam.</span> <span class='ocrx_word' id='word_1_244' title='bbox 698 2508 814 2540; x_wconf 81' lang='lat' dir='ltr'>Quare</span> 
     </span>
     <span class='ocr_line' id='line_1_44' title="bbox 115 2558 814 2590; baseline 0.003 -2"><span class='ocrx_word' id='word_1_245' title='bbox 115 2567 134 2588; x_wconf 85' lang='lat' dir='ltr'>e</span> <span class='ocrx_word' id='word_1_246' title='bbox 156 2558 308 2589; x_wconf 86' lang='lat' dir='ltr'>Pacuvio</span> <span class='ocrx_word' id='word_1_247' title='bbox 333 2560 492 2589; x_wconf 84' lang='lat' dir='ltr'>sumserit</span> <span class='ocrx_word' id='word_1_248' title='bbox 518 2559 679 2590; x_wconf 84' lang='lat' dir='ltr'>Lucilius.</span> <span class='ocrx_word' id='word_1_249' title='bbox 727 2559 814 2590; x_wconf 84' lang='lat' dir='ltr'>Nam</span> 
     </span>
     <span class='ocr_line' id='line_1_45' title="bbox 117 2609 815 2641; baseline 0.003 -2"><span class='ocrx_word' id='word_1_250' title='bbox 117 2609 266 2640; x_wconf 90' lang='lat' dir='ltr'>Pacuvio</span> <span class='ocrx_word' id='word_1_251' title='bbox 293 2619 368 2641; x_wconf 87' lang='lat' dir='ltr'>eum</span> <span class='ocrx_word' id='word_1_252' title='bbox 400 2610 539 2641; x_wconf 81' lang='lat' dir='ltr'>ascribit</span> <span class='ocrx_word' id='word_1_253' title='bbox 569 2610 670 2641; x_wconf 76' lang='lat' dir='ltr'>etiam</span> <span class='ocrx_word' id='word_1_254' title='bbox 692 2610 815 2641; x_wconf 83' lang='lat' dir='ltr'>Varro.</span> 
     </span>
     <span class='ocr_line' id='line_1_46' title="bbox 123 2658 220 2689; baseline 0.01 -1"><span class='ocrx_word' id='word_1_255' title='bbox 123 2658 220 2689; x_wconf 81' lang='lat' dir='ltr'>Idem.</span> 
     </span>
    </p>
   </div>
   <div class='ocr_carea' id='block_1_15' title="bbox 163 2709 817 2751">
    <p class='ocr_par' dir='ltr' id='par_1_17' title="bbox 163 2709 817 2751">
     <span class='ocr_line' id='line_1_47' title="bbox 163 2709 817 2751; baseline 0.002 -11"><span class='ocrx_word' id='word_1_256' title='bbox 163 2715 175 2728; x_wconf 87' lang='lat'>&#39;¹</span> <span class='ocrx_word' id='word_1_257' title='bbox 195 2709 309 2741; x_wconf 77' lang='lat' dir='ltr'>Veruta</span> <span class='ocrx_word' id='word_1_258' title='bbox 322 2710 403 2751; x_wconf 81' lang='lat' dir='ltr'>pila]</span> <span class='ocrx_word' id='word_1_259' title='bbox 423 2710 507 2741; x_wconf 67' lang='lat' dir='ltr'>Haec</span> <span class='ocrx_word' id='word_1_260' title='bbox 525 2717 604 2740; x_wconf 82' lang='lat' dir='ltr'>sunt</span> <span class='ocrx_word' id='word_1_261' title='bbox 616 2710 722 2741; x_wconf 83' lang='lat' dir='ltr'>Pauli.</span> <span class='ocrx_word' id='word_1_262' title='bbox 735 2710 817 2741; x_wconf 83' lang='lat' dir='ltr'>Ver·</span> 
     </span>
    </p>
   </div>
   <div class='ocr_carea' id='block_1_16' title="bbox 858 1299 1571 2747">
    <p class='ocr_par' dir='ltr' id='par_1_18' title="bbox 858 1299 1562 1594">
     <span class='ocr_line' id='line_1_48' title="bbox 860 1299 1560 1339; baseline -0.009 -4"><span class='ocrx_word' id='word_1_263' title='bbox 860 1304 901 1335; x_wconf 88' lang='lat' dir='ltr'>ba</span> <span class='ocrx_word' id='word_1_264' title='bbox 919 1304 1008 1335; x_wconf 79' lang='lat' dir='ltr'>Festi</span> <span class='ocrx_word' id='word_1_265' title='bbox 1026 1304 1073 1334; x_wconf 88' lang='lat' dir='ltr'>sic</span> <span class='ocrx_word' id='word_1_266' title='bbox 1088 1303 1252 1334; x_wconf 69' lang='lat' dir='ltr'>Schedae:</span> <span class='ocrx_word' id='word_1_267' title='bbox 1284 1301 1403 1333; x_wconf 82' lang='lat' dir='ltr'>Verata</span> <span class='ocrx_word' id='word_1_268' title='bbox 1424 1300 1489 1339; x_wconf 83' lang='lat' dir='ltr'>pila</span> <span class='ocrx_word' id='word_1_269' title='bbox 1512 1299 1560 1330; x_wconf 50' lang='lat' dir='ltr'>ai„</span> 
     </span>
     <span class='ocr_line' id='line_1_49' title="bbox 858 1350 1560 1394; baseline -0.007 -9"><span class='ocrx_word' id='word_1_270' title='bbox 858 1358 984 1392; x_wconf 84' lang='lat' dir='ltr'>cuntur,</span> <span class='ocrx_word' id='word_1_271' title='bbox 999 1355 1079 1394; x_wconf 80' lang='lat' dir='ltr'>quod</span> <span class='ocrx_word' id='word_1_272' title='bbox 1090 1353 1185 1384; x_wconf 74' lang='lat' dir='ltr'>veluti</span> <span class='ocrx_word' id='word_1_273' title='bbox 1196 1362 1287 1383; x_wconf 75' lang='lat' dir='ltr'>verna</span> <span class='ocrx_word' id='word_1_274' title='bbox 1297 1352 1407 1382; x_wconf 86' lang='lat' dir='ltr'>habent</span> <span class='ocrx_word' id='word_1_275' title='bbox 1414 1360 1480 1390; x_wconf 81' lang='lat' dir='ltr'>prae</span> <span class='ocrx_word' id='word_1_276' title='bbox 1497 1350 1560 1380; x_wconf 55' lang='grc' dir='ltr'>Χῖα.</span> 
     </span>
     <span class='ocr_line' id='line_1_50' title="bbox 860 1401 1562 1441; baseline -0.01 -6"><span class='ocrx_word' id='word_1_277' title='bbox 860 1404 982 1435; x_wconf 79' lang='lat' dir='ltr'>Ennius</span> <span class='ocrx_word' id='word_1_278' title='bbox 1010 1404 1065 1434; x_wconf 77' lang='lat' dir='ltr'>lib.</span> <span class='ocrx_word' id='word_1_279' title='bbox 1091 1412 1127 1434; x_wconf 82' lang='lat' dir='ltr'>x.</span> <span class='ocrx_word' id='word_1_280' title='bbox 1150 1423 1179 1433; x_wconf 82' lang='lat'>..</span> <span class='ocrx_word' id='word_1_281' title='bbox 1193 1425 1200 1433; x_wconf 92' lang='lat'>.</span> <span class='ocrx_word' id='word_1_282' title='bbox 1215 1424 1224 1432; x_wconf 81' lang='grc'><strong>.</strong></span> <span class='ocrx_word' id='word_1_283' title='bbox 1247 1411 1354 1432; x_wconf 82' lang='lat' dir='ltr'>cursus</span> <span class='ocrx_word' id='word_1_284' title='bbox 1378 1401 1562 1441; x_wconf 80' lang='lat' dir='ltr'>quingentos</span> 
     </span>
     <span class='ocr_line' id='line_1_51' title="bbox 858 1450 1561 1495; baseline -0.01 -10"><span class='ocrx_word' id='word_1_285' title='bbox 858 1464 938 1495; x_wconf 76' lang='lat' dir='ltr'>sape</span> <span class='ocrx_word' id='word_1_286' title='bbox 963 1454 1076 1485; x_wconf 76' lang='lat' dir='ltr'>veruti.</span> <span class='ocrx_word' id='word_1_287' title='bbox 1107 1458 1114 1470; x_wconf 81' lang='lat'><em>¹</em></span> <span class='ocrx_word' id='word_1_288' title='bbox 1130 1454 1222 1483; x_wconf 87' lang='lat' dir='ltr'>Veru</span> <span class='ocrx_word' id='word_1_289' title='bbox 1240 1450 1433 1482; x_wconf 86' lang='lat' dir='ltr'>Sabellnm&#39;</span> <span class='ocrx_word' id='word_1_290' title='bbox 1462 1453 1561 1480; x_wconf 82' lang='lat' dir='ltr'>vocat</span> 
     </span>
     <span class='ocr_line' id='line_1_52' title="bbox 860 1500 1562 1544; baseline -0.009 -9"><span class='ocrx_word' id='word_1_291' title='bbox 860 1505 953 1544; x_wconf 85' lang='lat' dir='ltr'>Virg.</span> <span class='ocrx_word' id='word_1_292' title='bbox 971 1512 1037 1534; x_wconf 85' lang='lat' dir='ltr'>vn.</span> <span class='ocrx_word' id='word_1_293' title='bbox 1056 1503 1189 1534; x_wconf 72' lang='lat' dir='ltr'>AEneid.</span> <span class='ocrx_word' id='word_1_294' title='bbox 1215 1506 1222 1519; x_wconf 76' lang='lat'><strong>⁸</strong></span> <span class='ocrx_word' id='word_1_295' title='bbox 1238 1503 1283 1532; x_wconf 90' lang='lat' dir='ltr'>Et</span> <span class='ocrx_word' id='word_1_296' title='bbox 1300 1500 1391 1532; x_wconf 87' lang='lat' dir='ltr'>tenui</span> <span class='ocrx_word' id='word_1_297' title='bbox 1409 1502 1562 1540; x_wconf 84' lang='lat' dir='ltr'>pugnant</span> 
     </span>
     <span class='ocr_line' id='line_1_53' title="bbox 858 1551 1482 1594; baseline -0.011 -8"><span class='ocrx_word' id='word_1_298' title='bbox 858 1565 1021 1586; x_wconf 90' lang='lat' dir='ltr'>mucrone</span> <span class='ocrx_word' id='word_1_299' title='bbox 1039 1563 1187 1594; x_wconf 82' lang='lat' dir='ltr'>veruque</span> <span class='ocrx_word' id='word_1_300' title='bbox 1203 1551 1362 1583; x_wconf 69' lang='lat' dir='ltr'>Sabello!</span> <span class='ocrx_word' id='word_1_301' title='bbox 1385 1551 1482 1580; x_wconf 73' lang='lat' dir='ltr'>Idem.</span> 
     </span>
    </p>

    <p class='ocr_par' dir='ltr' id='par_1_19' title="bbox 861 1601 1562 1735">
     <span class='ocr_line' id='line_1_54' title="bbox 903 1601 1561 1643; baseline -0.009 -8"><span class='ocrx_word' id='word_1_302' title='bbox 903 1610 923 1625; x_wconf 84' lang='lat' dir='ltr'>w</span> <span class='ocrx_word' id='word_1_303' title='bbox 950 1604 1089 1643; x_wconf 76' lang='lat' dir='ltr'>Vesculi]</span> <span class='ocrx_word' id='word_1_304' title='bbox 1125 1602 1361 1634; x_wconf 83' lang='lat' dir='ltr'>Glossarium:</span> <span class='ocrx_word' id='word_1_305' title='bbox 1394 1601 1561 1639; x_wconf 84' lang='lat' dir='ltr'>‘Vesces‚</span> 
     </span>
     <span class='ocr_line' id='line_1_55' title="bbox 862 1650 1562 1693; baseline -0.004 -9"><span class='ocrx_word' id='word_1_306' title='bbox 862 1665 992 1691; x_wconf 85' lang='lat' dir='ltr'>vescus,</span> <span class='ocrx_word' id='word_1_307' title='bbox 1030 1654 1221 1693; x_wconf 63' lang='grc' dir='ltr'>ὀλιγόσιτος,</span> <span class='ocrx_word' id='word_1_308' title='bbox 1260 1650 1445 1691; x_wconf 72' lang='grc' dir='ltr'>ὀλιγοδεής.’</span> <span class='ocrx_word' id='word_1_309' title='bbox 1492 1652 1562 1682; x_wconf 86' lang='lat' dir='ltr'>Jos.</span> 
     </span>
     <span class='ocr_line' id='line_1_56' title="bbox 861 1705 943 1735; baseline -0.012 0"><span class='ocrx_word' id='word_1_310' title='bbox 861 1705 943 1735; x_wconf 79' lang='lat' dir='ltr'>Scal-</span> 
     </span>
    </p>

    <p class='ocr_par' dir='ltr' id='par_1_20' title="bbox 864 1754 1567 1945">
     <span class='ocr_line' id='line_1_57' title="bbox 909 1754 1564 1794; baseline -0.008 -8"><span class='ocrx_word' id='word_1_311' title='bbox 909 1754 1047 1794; x_wconf 77' lang='lat' dir='ltr'>Vesculi]</span> <span class='ocrx_word' id='word_1_312' title='bbox 1101 1754 1351 1785; x_wconf 86' lang='lat' dir='ltr'>Diminutivum</span> <span class='ocrx_word' id='word_1_313' title='bbox 1391 1762 1410 1783; x_wconf 88' lang='lat' dir='ltr'>a</span> <span class='ocrx_word' id='word_1_314' title='bbox 1446 1761 1564 1782; x_wconf 71' lang='lat' dir='ltr'>vescas.</span> 
     </span>
     <span class='ocr_line' id='line_1_58' title="bbox 864 1800 1564 1843; baseline -0.007 -8"><span class='ocrx_word' id='word_1_315' title='bbox 864 1804 1022 1843; x_wconf 77' lang='lat' dir='ltr'>Gracilis,</span> <span class='ocrx_word' id='word_1_316' title='bbox 1039 1814 1217 1842; x_wconf 78' lang='lat' dir='ltr'>exsuccus,</span> <span class='ocrx_word' id='word_1_317' title='bbox 1229 1803 1444 1833; x_wconf 85' lang='lat' dir='ltr'>macilentus.</span> <span class='ocrx_word' id='word_1_318' title='bbox 1475 1800 1564 1830; x_wconf 86' lang='lat' dir='ltr'>Vide</span> 
     </span>
     <span class='ocr_line' id='line_1_59' title="bbox 866 1851 1567 1895; baseline -0.006 -10"><span class='ocrx_word' id='word_1_319' title='bbox 866 1855 898 1885; x_wconf 90' lang='lat' dir='ltr'>in</span> <span class='ocrx_word' id='word_1_320' title='bbox 928 1854 1158 1895; x_wconf 75' lang='lat' dir='ltr'>‘vegrande2&#39;</span> <span class='ocrx_word' id='word_1_321' title='bbox 1191 1859 1226 1885; x_wconf 82' lang='lat' dir='ltr'>et</span> <span class='ocrx_word' id='word_1_322' title='bbox 1256 1853 1299 1884; x_wconf 81' lang='lat' dir='ltr'>A.</span> <span class='ocrx_word' id='word_1_323' title='bbox 1327 1853 1417 1884; x_wconf 88' lang='lat' dir='ltr'>Gell.</span> <span class='ocrx_word' id='word_1_324' title='bbox 1445 1851 1504 1882; x_wconf 92' lang='lat' dir='ltr'>lib.</span> <span class='ocrx_word' id='word_1_325' title='bbox 1529 1858 1567 1881; x_wconf 79' lang='lat' dir='ltr'>v.</span> 
     </span>
     <span class='ocr_line' id='line_1_60' title="bbox 866 1904 1114 1945; baseline -0.008 -9"><span class='ocrx_word' id='word_1_326' title='bbox 866 1914 940 1945; x_wconf 83' lang='lat' dir='ltr'>cap.</span> <span class='ocrx_word' id='word_1_327' title='bbox 958 1907 1009 1934; x_wconf 83' lang='lat'>12.</span> <span class='ocrx_word' id='word_1_328' title='bbox 1032 1904 1114 1934; x_wconf 76' lang='lat' dir='ltr'>Dae.</span> 
     </span>
    </p>

    <p class='ocr_par' dir='ltr' id='par_1_21' title="bbox 863 1949 1571 2689">
     <span class='ocr_line' id='line_1_61' title="bbox 906 1949 1566 1994; baseline -0.011 -8"><span class='ocrx_word' id='word_1_329' title='bbox 906 1959 923 1974; x_wconf 59' lang='grc' dir='ltr'>Χ</span> <span class='ocrx_word' id='word_1_330' title='bbox 951 1954 1077 1994; x_wconf 69' lang='lat' dir='ltr'>Vescas]</span> <span class='ocrx_word' id='word_1_331' title='bbox 1104 1954 1216 1985; x_wconf 75' lang='lat' dir='ltr'>Gloss.</span> <span class='ocrx_word' id='word_1_332' title='bbox 1241 1953 1250 1969; x_wconf 79' lang='lat'><em>⁴</em></span> <span class='ocrx_word' id='word_1_333' title='bbox 1265 1953 1407 1990; x_wconf 74' lang='lat' dir='ltr'>Vescus,</span> <span class='ocrx_word' id='word_1_334' title='bbox 1425 1949 1566 1989; x_wconf 73' lang='grc' dir='ltr'>ὀλιγόσι-</span> 
     </span>
     <span class='ocr_line' id='line_1_62' title="bbox 863 2003 1566 2045; baseline -0.009 -9"><span class='ocrx_word' id='word_1_335' title='bbox 863 2017 928 2044; x_wconf 84' lang='grc' dir='ltr'><em>τος,</em></span> <span class='ocrx_word' id='word_1_336' title='bbox 944 2005 1130 2045; x_wconf 72' lang='grc' dir='ltr'>ὀλιγοδεής.’</span> <span class='ocrx_word' id='word_1_337' title='bbox 1173 2004 1307 2035; x_wconf 85' lang='lat' dir='ltr'>Gellius</span> <span class='ocrx_word' id='word_1_338' title='bbox 1322 2003 1375 2033; x_wconf 80' lang='lat' dir='ltr'>lib.</span> <span class='ocrx_word' id='word_1_339' title='bbox 1393 2011 1470 2032; x_wconf 70' lang='lat' dir='ltr'>xri.</span> <span class='ocrx_word' id='word_1_340' title='bbox 1488 2010 1566 2039; x_wconf 84' lang='lat' dir='ltr'>cap.</span> 
     </span>
     <span class='ocr_line' id='line_1_63' title="bbox 866 2050 1568 2097; baseline -0.01 -10"><span class='ocrx_word' id='word_1_341' title='bbox 866 2061 896 2087; x_wconf 89' lang='lat'>5.</span> <span class='ocrx_word' id='word_1_342' title='bbox 914 2057 922 2073; x_wconf 87' lang='lat'>‘</span> <span class='ocrx_word' id='word_1_343' title='bbox 936 2057 986 2087; x_wconf 87' lang='lat' dir='ltr'>Ve</span> <span class='ocrx_word' id='word_1_344' title='bbox 1005 2055 1187 2097; x_wconf 82' lang='lat' dir='ltr'>particula,</span> <span class='ocrx_word' id='word_1_345' title='bbox 1203 2053 1301 2084; x_wconf 85' lang='lat' dir='ltr'>sicuti</span> <span class='ocrx_word' id='word_1_346' title='bbox 1317 2051 1472 2092; x_wconf 70' lang='lat' dir='ltr'>quaedam</span> <span class='ocrx_word' id='word_1_347' title='bbox 1490 2050 1568 2090; x_wconf 82' lang='lat' dir='ltr'>alia,</span> 
     </span>
     <span class='ocr_line' id='line_1_64' title="bbox 866 2099 1567 2143; baseline -0.013 -6"><span class='ocrx_word' id='word_1_348' title='bbox 866 2111 936 2137; x_wconf 89' lang='lat' dir='ltr'>tum</span> <span class='ocrx_word' id='word_1_349' title='bbox 955 2105 1177 2136; x_wconf 85' lang='lat' dir='ltr'>intentionem</span> <span class='ocrx_word' id='word_1_350' title='bbox 1203 2101 1385 2143; x_wconf 75' lang='lat' dir='ltr'>significat,</span> <span class='ocrx_word' id='word_1_351' title='bbox 1413 2107 1482 2130; x_wconf 85' lang='lat' dir='ltr'>tum</span> <span class='ocrx_word' id='word_1_352' title='bbox 1506 2099 1567 2129; x_wconf 87' lang='lat' dir='ltr'>mi-</span> 
     </span>
     <span class='ocr_line' id='line_1_65' title="bbox 865 2149 1567 2193; baseline -0.011 -7"><span class='ocrx_word' id='word_1_353' title='bbox 865 2155 1053 2193; x_wconf 85' lang='lat' dir='ltr'>nutionem,</span> <span class='ocrx_word' id='word_1_354' title='bbox 1064 2158 1130 2185; x_wconf 77' lang='lat' dir='ltr'>&amp;c.</span> <span class='ocrx_word' id='word_1_355' title='bbox 1148 2162 1283 2184; x_wconf 84' lang='lat' dir='ltr'>vescum</span> <span class='ocrx_word' id='word_1_356' title='bbox 1297 2156 1407 2182; x_wconf 87' lang='lat' dir='ltr'>autem</span> <span class='ocrx_word' id='word_1_357' title='bbox 1423 2149 1512 2191; x_wconf 87' lang='lat' dir='ltr'>qnod</span> <span class='ocrx_word' id='word_1_358' title='bbox 1525 2158 1567 2179; x_wconf 89' lang='lat' dir='ltr'>ex</span> 
     </span>
     <span class='ocr_line' id='line_1_66' title="bbox 866 2202 1569 2245; baseline -0.011 -9"><span class='ocrx_word' id='word_1_359' title='bbox 866 2215 906 2236; x_wconf 88' lang='lat' dir='ltr'>ve</span> <span class='ocrx_word' id='word_1_360' title='bbox 924 2205 1106 2245; x_wconf 78' lang='lat' dir='ltr'>particula,</span> <span class='ocrx_word' id='word_1_361' title='bbox 1131 2208 1167 2234; x_wconf 91' lang='lat' dir='ltr'>et</span> <span class='ocrx_word' id='word_1_362' title='bbox 1191 2213 1268 2233; x_wconf 83' lang='lat' dir='ltr'>esca</span> <span class='ocrx_word' id='word_1_363' title='bbox 1291 2202 1484 2241; x_wconf 86' lang='lat' dir='ltr'>copulatum</span> <span class='ocrx_word' id='word_1_364' title='bbox 1504 2204 1569 2238; x_wconf 75' lang='lat' dir='ltr'>est,</span> 
     </span>
     <span class='ocr_line' id='line_1_67' title="bbox 865 2250 1569 2295; baseline -0.009 -11"><span class='ocrx_word' id='word_1_365' title='bbox 865 2256 1042 2295; x_wconf 83' lang='lat' dir='ltr'>utriusque</span> <span class='ocrx_word' id='word_1_366' title='bbox 1058 2254 1204 2284; x_wconf 79' lang='lat' dir='ltr'>diversae</span> <span class='ocrx_word' id='word_1_367' title='bbox 1227 2250 1485 2289; x_wconf 62' lang='lat' dir='ltr'>significationis</span> <span class='ocrx_word' id='word_1_368' title='bbox 1502 2250 1569 2278; x_wconf 86' lang='lat' dir='ltr'>vim</span> 
     </span>
     <span class='ocr_line' id='line_1_68' title="bbox 866 2302 1567 2344; baseline -0.011 -9"><span class='ocrx_word' id='word_1_369' title='bbox 866 2305 970 2344; x_wconf 85' lang='lat' dir='ltr'>capit.</span> <span class='ocrx_word' id='word_1_370' title='bbox 1006 2304 1118 2334; x_wconf 85' lang='lat' dir='ltr'>Aliter</span> <span class='ocrx_word' id='word_1_371' title='bbox 1130 2303 1219 2332; x_wconf 83' lang='lat' dir='ltr'>enim</span> <span class='ocrx_word' id='word_1_372' title='bbox 1238 2302 1414 2332; x_wconf 84' lang='lat' dir='ltr'>Lucretius</span> <span class='ocrx_word' id='word_1_373' title='bbox 1431 2307 1567 2329; x_wconf 85' lang='lat' dir='ltr'>vescum</span> 
     </span>
     <span class='ocr_line' id='line_1_69' title="bbox 866 2350 1566 2394; baseline -0.014 -8"><span class='ocrx_word' id='word_1_374' title='bbox 866 2357 971 2386; x_wconf 82' lang='lat' dir='ltr'>salem</span> <span class='ocrx_word' id='word_1_375' title='bbox 1002 2355 1103 2394; x_wconf 77' lang='lat' dir='ltr'>dixit,</span> <span class='ocrx_word' id='word_1_376' title='bbox 1131 2363 1173 2384; x_wconf 81' lang='lat' dir='ltr'>ex</span> <span class='ocrx_word' id='word_1_377' title='bbox 1204 2352 1327 2383; x_wconf 88' lang='lat' dir='ltr'>edendi</span> <span class='ocrx_word' id='word_1_378' title='bbox 1353 2350 1566 2381; x_wconf 83' lang='lat' dir='ltr'>intentione:</span> 
     </span>
     <span class='ocr_line' id='line_1_70' title="bbox 867 2398 1568 2444; baseline -0.013 -8"><span class='ocrx_word' id='word_1_379' title='bbox 867 2407 967 2436; x_wconf 86' lang='lat' dir='ltr'>aliter</span> <span class='ocrx_word' id='word_1_380' title='bbox 997 2405 1145 2435; x_wconf 85' lang='lat' dir='ltr'>Lucilius</span> <span class='ocrx_word' id='word_1_381' title='bbox 1168 2403 1319 2444; x_wconf 79' lang='lat' dir='ltr'>appellat</span> <span class='ocrx_word' id='word_1_382' title='bbox 1344 2411 1418 2432; x_wconf 88' lang='lat' dir='ltr'>cum</span> <span class='ocrx_word' id='word_1_383' title='bbox 1444 2398 1568 2430; x_wconf 85' lang='lat' dir='ltr'>edendi</span> 
     </span>
     <span class='ocr_line' id='line_1_71' title="bbox 866 2450 1569 2489; baseline -0.013 -1"><span class='ocrx_word' id='word_1_384' title='bbox 866 2456 1028 2489; x_wconf 88' lang='lat' dir='ltr'>fastidio.&#39;</span> <span class='ocrx_word' id='word_1_385' title='bbox 1064 2457 1185 2487; x_wconf 86' lang='lat' dir='ltr'>Festus</span> <span class='ocrx_word' id='word_1_386' title='bbox 1202 2460 1236 2485; x_wconf 81' lang='lat' dir='ltr'>et</span> <span class='ocrx_word' id='word_1_387' title='bbox 1253 2454 1383 2486; x_wconf 85' lang='lat' dir='ltr'>Gellius</span> <span class='ocrx_word' id='word_1_388' title='bbox 1398 2453 1484 2482; x_wconf 82' lang='lat' dir='ltr'>bunc</span> <span class='ocrx_word' id='word_1_389' title='bbox 1503 2450 1569 2479; x_wconf 90' lang='lat' dir='ltr'>Lu-</span> 
     </span>
     <span class='ocr_line' id='line_1_72' title="bbox 869 2501 1570 2545; baseline -0.013 -7"><span class='ocrx_word' id='word_1_390' title='bbox 869 2508 938 2538; x_wconf 88' lang='lat' dir='ltr'>cilii</span> <span class='ocrx_word' id='word_1_391' title='bbox 956 2516 1089 2537; x_wconf 81' lang='lat' dir='ltr'>versum</span> <span class='ocrx_word' id='word_1_392' title='bbox 1106 2505 1308 2545; x_wconf 83' lang='lat' dir='ltr'>respiciunt,</span> <span class='ocrx_word' id='word_1_393' title='bbox 1325 2512 1422 2543; x_wconf 83' lang='lat' dir='ltr'>quern</span> <span class='ocrx_word' id='word_1_394' title='bbox 1441 2511 1481 2532; x_wconf 85' lang='lat' dir='ltr'>ex</span> <span class='ocrx_word' id='word_1_395' title='bbox 1501 2501 1570 2530; x_wconf 78' lang='lat' dir='ltr'>An-</span> 
     </span>
     <span class='ocr_line' id='line_1_73' title="bbox 869 2550 1570 2588; baseline -0.013 0"><span class='ocrx_word' id='word_1_396' title='bbox 869 2558 934 2588; x_wconf 85' lang='lat' dir='ltr'>nal.</span> <span class='ocrx_word' id='word_1_397' title='bbox 953 2566 1057 2588; x_wconf 80' lang='lat' dir='ltr'>xxvr.</span> <span class='ocrx_word' id='word_1_398' title='bbox 1075 2556 1193 2587; x_wconf 85' lang='lat' dir='ltr'>laudat</span> <span class='ocrx_word' id='word_1_399' title='bbox 1211 2556 1298 2586; x_wconf 88' lang='lat' dir='ltr'>Non.</span> <span class='ocrx_word' id='word_1_400' title='bbox 1324 2556 1332 2569; x_wconf 90' lang='lat'>‘</span> <span class='ocrx_word' id='word_1_401' title='bbox 1347 2554 1455 2585; x_wconf 84' lang='lat' dir='ltr'>Quam</span> <span class='ocrx_word' id='word_1_402' title='bbox 1474 2550 1570 2581; x_wconf 86' lang='lat' dir='ltr'>fasti-</span> 
     </span>
     <span class='ocr_line' id='line_1_74' title="bbox 871 2600 1571 2639; baseline -0.014 0"><span class='ocrx_word' id='word_1_403' title='bbox 871 2609 999 2639; x_wconf 88' lang='lat' dir='ltr'>diosum</span> <span class='ocrx_word' id='word_1_404' title='bbox 1020 2617 1059 2637; x_wconf 84' lang='lat' dir='ltr'>ac</span> <span class='ocrx_word' id='word_1_405' title='bbox 1083 2616 1219 2638; x_wconf 85' lang='lat' dir='ltr'>vescum</span> <span class='ocrx_word' id='word_1_406' title='bbox 1249 2614 1324 2636; x_wconf 86' lang='lat' dir='ltr'>cum</span> <span class='ocrx_word' id='word_1_407' title='bbox 1349 2601 1504 2634; x_wconf 77' lang='lat' dir='ltr'>clastidio</span> <span class='ocrx_word' id='word_1_408' title='bbox 1526 2600 1571 2630; x_wconf 87' lang='lat' dir='ltr'>vi-</span> 
     </span>
     <span class='ocr_line' id='line_1_75' title="bbox 872 2657 1099 2689; baseline -0.013 0"><span class='ocrx_word' id='word_1_409' title='bbox 872 2658 974 2689; x_wconf 63' lang='lat' dir='ltr'>vere!</span> <span class='ocrx_word' id='word_1_410' title='bbox 1003 2657 1099 2688; x_wconf 79' lang='lat' dir='ltr'>Idem.</span> 
     </span>
    </p>

    <p class='ocr_par' dir='ltr' id='par_1_22' title="bbox 915 2706 1570 2747">
     <span class='ocr_line' id='line_1_76' title="bbox 915 2706 1570 2747; baseline -0.012 -6"><span class='ocrx_word' id='word_1_411' title='bbox 915 2714 925 2734; x_wconf 57' lang='grc' dir='ltr'>ἲ</span> <span class='ocrx_word' id='word_1_412' title='bbox 957 2707 1079 2747; x_wconf 64' lang='lat' dir='ltr'>lies-pm]</span> <span class='ocrx_word' id='word_1_413' title='bbox 1104 2707 1291 2746; x_wconf 68' lang='lat' dir='ltr'>Suspectus</span> <span class='ocrx_word' id='word_1_414' title='bbox 1315 2706 1419 2741; x_wconf 77' lang='lat' dir='ltr'>locus,</span> <span class='ocrx_word' id='word_1_415' title='bbox 1438 2712 1501 2743; x_wconf 75' lang='lat' dir='ltr'>quo</span> <span class='ocrx_word' id='word_1_416' title='bbox 1520 2712 1570 2734; x_wconf 85' lang='lat' dir='ltr'>re-</span> 
     </span>
    </p>
   </div>
  </div>
 </body>
</html>
