1876 3025
296 102 409 143 1148
737 112 883 143 SEx'rl
925 111 1126 141 POMPE11
1164 112 1299 143 rsssrl

295 212 379 259 tas,
409 220 519 260 quas
538 207 680 248 AElius
715 207 831 249 Stilo
863 207 1042 260 scripsit
1071 207 1335 248 sacrificium
1356 207 1499 248 facere
1529 207 1572 248 in
1594 207 1740 262 Regia

296 287 395 315 cum
418 274 632 315 Pontifice
653 273 886 326 paludatas
907 286 1006 314 cum
1036 274 1199 326 apicib.
1230 274 1275 314 in
1306 275 1483 316 modum
1505 275 1739 317 Saliorum.

294 340 518 394 Spondere
555 340 735 382 Verrius
763 344 891 394 putat
918 340 1102 391 dictum,
1125 341 1243 394 quod
1276 346 1430 395 sponte
1452 356 1549 392 sua,
1582 343 1625 384 id
1655 349 1738 393 est,

292 409 535 459 voluntate,
574 408 874 462 promittatur:
933 408 1092 449 deinde
1140 408 1304 450 oblitus
1352 409 1551 451 inferiore
1593 411 1738 464 capite

292 488 500 529 sponsum
520 480 565 516 et
585 487 796 529 sponsam
815 487 871 517 ex
892 475 1056 517 Graeco
1088 475 1252 516 dictam
1283 477 1361 527 ait,
1383 477 1500 530 quod
1531 477 1563 518 ii
1585 478 1740 525 σπονδὰς

291 542 560 596 interpositis
601 544 690 584 reb.
729 542 890 583 divinis
928 544 1110 584 faciant.
1184 543 1375 585 Salicem
1415 544 1529 585 idem
1566 544 1740 597 virgulti

291 623 438 662 genus,
459 623 546 651 non
580 611 750 651 arboris
781 611 903 661 dicit,
937 616 982 653 et
1014 611 1196 652 ridicule
1226 612 1528 665 interpretatur
1558 612 1737 662 dictam,

291 677 412 730 quod
451 690 504 719 ea
524 678 746 719 celeritate
774 683 956 724 crescat,
978 682 1029 720 ut
1049 678 1178 719 salire
1208 678 1419 720 videatur.
1477 679 1673 720 Salinum
1695 680 1739 720 in

289 758 444 785 mensa
462 758 542 798 pro
576 747 726 800 aquali
757 747 927 788 solitum
959 759 1056 787 esse
1086 746 1189 800 poni
1221 747 1284 788 ait
1313 760 1409 788 cum
1432 747 1612 800 patella,
1634 747 1737 800 quia

287 813 396 853 nihil
417 814 534 854 aliud
566 815 625 855 sit
656 814 739 864 sal,
760 826 890 868 quam
912 827 1040 868 aqua.
1099 814 1352 855 Salentinos
1385 827 1412 855 a
1445 814 1539 855 salo
1573 814 1736 864 dictos,

289 879 458 930 Cretas,
480 885 525 922 et
547 881 737 935 Illyrios,
758 882 832 935 qui
852 894 951 922 cum
979 881 1237 922 Locrensib.
1271 882 1526 935 navigantes
1555 882 1739 922 societa-

288 951 380 988 tem
400 948 591 999 fecerint,
611 949 706 1003 ejus
728 949 846 1002 [138]
867 950 1058 1002 regionis
1081 949 1239 999 ltaliae,
1256 961 1386 1003 quam
1407 948 1574 989 dicunt*
1595 947 1648 989 ab
1669 948 1736 989 eis.

291 1013 539 1056 Saecularew
569 1016 659 1057 luda·
678 1017 894 1071 Tarquini
917 1018 1103 1072 Superbi
1123 1018 1240 1070 regis
1261 1016 1304 1057 in
1324 1030 1425 1071 agro
1447 1022 1541 1056 sunt
1557 1015 1736 1070 primam

272 1080 404 1136 facti,
437 1097 554 1137 quem
588 1083 723 1124 Marti
755 1085 1035 1126 consecravit
1072 1083 1125 1125 P.
1160 1081 1345 1123 Valerius
1383 1081 1598 1137 Poplicola
1631 1082 1738 1124 Cos.

286 1150 402 1203 quod
434 1151 626 1204 populus
650 1151 706 1191 R.
724 1151 768 1192 in
788 1151 871 1191 loco
891 1150 962 1192 illo
985 1157 1106 1191 antea
1130 1157 1331 1205 repertam
1350 1163 1467 1191 aram
1485 1163 1620 1204 quoq.
1642 1151 1736 1192 Diti

286 1229 340 1257 ac
367 1215 620 1271 Proserpinae
643 1225 958 1268 consecraverat,
981 1218 1022 1258 in
1044 1222 1239 1259 extremo
1262 1216 1420 1258 Martio
1442 1214 1611 1270 Campo,
1628 1215 1739 1272 quod

291 1282 329 1323 T
325 1291 504 1325 erentum
519 1286 774 1339 appellatur,
789 1286 1025 1326 demissam
1042 1285 1154 1341 ioegfra
1172 1292 1322 1326 terram
1329 1282 1451 1338 pedes
1458 1283 1557 1339 fiere
1571 1285 1735 1338 viginti,

283 1352 327 1391 in
365 1367 452 1407 qua
477 1368 557 1408 pro
589 1354 708 1394 malis
740 1352 968 1394 avertendis
992 1353 1172 1408 populus
1200 1353 1256 1394 R.
1285 1353 1428 1393 facere
1452 1365 1575 1393 sacra
1597 1352 1735 1392 solitus

283 1426 385 1460 erat.
446 1419 586 1461 Ludos
615 1428 751 1475 postea
773 1420 981 1462 saeculares
1002 1426 1044 1463 et
1065 1421 1367 1474 nonagensimo
1387 1434 1507 1475 quoq.
1527 1434 1633 1460 anno
1653 1419 1734 1476 fa-

283 1500 367 1527 cere
389 1487 445 1527 ihi
467 1488 583 1542 caepit
611 1489 809 1542 Popillio
828 1489 1009 1530 Laenate
1032 1487 1266 1528 Duumviro
1294 1502 1527 1528 sacrorum:
1557 1487 1598 1527 in
1619 1486 1732 1542 quib.

283 1552 429 1595 hostiis
450 1556 603 1596 furulis
631 1560 695 1597 est
721 1563 908 1610 operatus
943 1556 1073 1597 tribus
1103 1555 1254 1606 diebus,
1282 1554 1491 1609 totidemq.
1513 1555 1732 1605 noctibus,

283 1636 335 1663 ac
377 1622 528 1665 deinde
564 1623 793 1664 institutum
834 1638 927 1674 esse,
960 1630 1121 1665 centum
1159 1626 1264 1677 post
1299 1636 1457 1672 annos,
1492 1627 1540 1664 ut
1564 1620 1731 1675 fierent.

287 1688 399 1731 Unde
420 1691 608 1731 videntur
628 1693 848 1734 soeculares
869 1692 1097 1746 appellati,
1113 1690 1222 1746 quod
1238 1697 1394 1731 centum
1414 1703 1613 1729 annorum
1633 1703 1726 1742 spa-

281 1757 383 1797 tium
403 1759 555 1799 saeculi
576 1759 776 1800 habetur.
839 1758 1050 1800 Scutilum
1064 1764 1078 1780 ²
1101 1765 1217 1798 tenue
1239 1764 1277 1798 et
1298 1771 1475 1797 macrum
1496 1755 1661 1806 dicitur,
1682 1769 1730 1795 ex

281 1824 459 1876 Graeco,
493 1831 541 1866 ut
572 1839 671 1867 cum
699 1827 877 1867 dicimus
908 1825 1096 1867 scutilum
1126 1825 1338 1876 hominem,
1361 1824 1509 1865 exilem
1540 1824 1729 1877 aliquem

280 1893 614 1933 demonstramus
644 1893 687 1933 in
707 1908 785 1949 quo
810 1893 1004 1948 pellicula
1025 1900 1199 1934 tantum.
1264 1891 1313 1932 In
1335 1905 1499 1947 pompa
1519 1890 1640 1932 aliud
1663 1890 1729 1931 dia

280 1960 404 2000 cimus
424 1961 628 2011 scutilum,
651 1969 696 2002 ut
717 1961 906 2002 videatur
927 1963 1117 2004 scutilum
1140 1962 1193 2003 de
1216 1961 1387 2002 scrutilo
1408 1959 1636 2000 derivatum
1663 1957 1729 1997 de-

280 2027 382 2068 trita
416 2043 449 2069 r.
492 2028 626 2079 litera,
660 2030 753 2083 sitq.
790 2031 835 2075 is,
871 2032 945 2083 qui
977 2031 1137 2072 virtute
1169 2035 1305 2082 potest
1337 2026 1537 2067 scrutari.-
1582 2024 1652 2064 sed
1681 2037 1728 2064 ex

282 2093 426 2135 Graeco
460 2110 599 2136 nomen
629 2095 797 2152 factum
832 2099 1005 2146 scutilo,
1041 2110 1141 2138 cum
1177 2095 1407 2137 coriarium
1440 2092 1546 2147 signi
1562 2092 1727 2132 icamus.

282 2160 524 2217 Squalidum
539 2170 553 2186 ³
575 2164 782 2206 incultum
813 2170 857 2205 et
885 2164 1099 2206 sordidum
1127 2164 1186 2204 ait
1213 2161 1379 2203 Verrius
1397 2152 1649 2215 'sig113'j1'care,
1671 2158 1725 2198 sic

927 2253 1072 2285 NOTAE

319 2309 334 2324 Χ
360 2304 464 2340 Quam
487 2305 609 2346 dicunt]
635 2306 674 2336 In
699 2307 885 2347 exemplari
907 2312 970 2345 est,
1068 2312 1079 2326 2
1101 2304 1269 2344 Scutilum]
1294 2305 1344 2335 Ex
1362 2304 1484 2335 Graeeo
1500 2302 1612 2334 σκῦτος
1629 2301 1719 2332 vide-

277 2364 367 2394 quam
387 2355 570 2395 d...quod
599 2365 778 2395 operarum
799 2357 882 2387 vitio
904 2367 970 2388 non
1026 2362 1082 2388 tur
1112 2358 1234 2388 Festus
1259 2356 1403 2386 scutilum
1430 2353 1624 2387 deduxisse,
1647 2361 1722 2383 cum

275 2405 323 2435 ita
340 2406 437 2445 plane
452 2415 645 2445 expressum
663 2412 713 2437 est
730 2420 738 2440 ;
765 2416 807 2437 ex
824 2417 864 2438 eo
881 2406 971 2448 frag-
1025 2408 1146 2439 exilem
1179 2408 1325 2448 aliquem
1362 2404 1529 2444 significat
1548 2414 1555 2434 :
1595 2403 1724 2443 reliqua

275 2460 391 2486 mento
408 2465 467 2486 nos
483 2454 637 2496 fecimus,
653 2467 742 2496 quam
756 2458 875 2489 dicunt.
1026 2468 1092 2490 non
1108 2463 1210 2499 egent
1226 2458 1427 2497 interprete.
1452 2453 1539 2485 Vide
1552 2453 1584 2484 in
1603 2456 1611 2469 ⁴
1623 2453 1722 2484 Mau-

318 2511 332 2532 y
348 2505 533 2546 Saecuzares]
554 2507 665 2538 Acron
678 2508 711 2538 in
725 2507 846 2540 Horat.
857 2509 971 2540 Carm.
1026 2507 1155 2540 dacus!

276 2555 361 2587 Saec.
385 2558 394 2573 ‘
410 2556 494 2587 Ludi
512 2558 693 2588 saeculares
709 2558 813 2589 ternis
826 2558 915 2590 dieb.
933 2568 972 2590 ac
1067 2562 1082 2578 ὃ
1104 2555 1302 2597 squalidum]
1329 2553 1483 2594 Agellius
1500 2552 1559 2584 lib.
1585 2561 1627 2583 11.
1646 2561 1722 2591 cap.

274 2606 403 2638 noctib.
418 2606 605 2647 agebantur
622 2618 682 2648 pro
700 2608 793 2640 cultu
805 2609 891 2640 Solis
904 2609 971 2650 die,
1026 2612 1057 2640 6.
1073 2609 1081 2624 ‘
1097 2606 1280 2649 Squalere,'
1294 2605 1415 2645 lnquit,
1431 2605 1439 2620 ‘
1453 2603 1580 2634 dictum
1594 2612 1612 2633 a
1625 2611 1721 2642 squa—

276 2661 312 2687 et
327 2662 428 2688 nocte
447 2657 576 2689 Lunae.’
1027 2668 1155 2690 marum
1181 2657 1374 2691 crebritate,
1403 2654 1623 2695 asperitateq·
1645 2661 1719 2693 quae
