1876 3025
579 434 1112 511 SCHEDAE

260 652 468 713 QUAE
527 651 773 710 FESTI
832 648 1156 707 FRAGM
1166 643 1410 703 ENTO

646 835 889 882 DETRA
897 831 1049 882 CTAE

195 1029 369 1072 APUD
404 1027 804 1071 POMPONrUM
839 1025 1079 1068 LAETUM
1118 1020 1493 1064 EXTABANT.

121 1354 244 1408 [167]
278 1353 540 1395 Manubiaea
570 1352 702 1393 ‚Iovis
735 1356 826 1391 tres
861 1349 1099 1390 creduntur
1119 1359 1232 1395 esse,
1262 1357 1446 1400 quarum
1478 1354 1578 1383 unae

121 1424 207 1463 sint
237 1423 447 1472 minimae,
477 1433 579 1475 quaa
616 1421 821 1460 moneant
855 1418 1090 1471 placataeq.
1124 1415 1223 1455 sint.
1281 1412 1445 1454 Alterae
1478 1423 1579 1464 quae

121 1491 309 1545 majores
331 1493 443 1538 sunt,
467 1502 519 1530 ac
540 1489 719 1529 veniant
741 1499 840 1528 cum
863 1485 1046 1537 fragore,
1069 1482 1395 1534 discutiantque
1419 1483 1497 1520 aut
1519 1477 1583 1518 di-

121 1559 290 1599 vellant
313 1571 413 1612 quae
447 1570 473 1597 a
505 1556 621 1597 Jove
655 1556 754 1604 sint,
782 1558 828 1594 et
858 1552 1051 1594 consilio
1076 1551 1271 1592 Deorum
1293 1548 1406 1589 mitti
1428 1546 1583 1587 existi-

122 1630 306 1667 mentur.
365 1625 526 1665 Tertiae
556 1622 624 1662 his
655 1621 911 1674 ampliores,
933 1633 1034 1674 quae
1063 1632 1159 1660 cum
1181 1619 1282 1670 igne
1306 1616 1505 1657 veniant:
1539 1618 1583 1655 et

124 1706 377 1748 quanquam
390 1692 553 1732 nullum
569 1691 660 1731 sine
679 1690 780 1742 igne
799 1689 944 1740 fulgur
966 1688 1040 1737 sit,
1060 1687 1129 1728 hae
1146 1685 1368 1740 propriam
1383 1683 1584 1723 differen-

124 1764 225 1804 tiam
249 1762 456 1810 habeant,
479 1772 578 1813 quae
602 1762 678 1798 aut
698 1756 894 1804 adurant,
919 1759 995 1795 aut
1022 1754 1199 1807 fuligine
1226 1752 1484 1800 deforment,
1508 1754 1584 1790 aut

125 1830 386 1879 accendant,
408 1840 507 1882 quae
538 1831 701 1868 statum
735 1826 902 1864 mutent
930 1823 1125 1863 Deorum
1159 1819 1349 1862 consilio
1383 1818 1584 1871 superio-

126 1912 235 1939 rum.
298 1897 477 1938 Manias
509 1894 654 1935 AElius
688 1892 799 1934 Stilo
832 1891 942 1931 dicit
979 1891 1083 1930 ficta
1119 1894 1245 1942 quae¹
1283 1901 1339 1928 ex
1372 1886 1515 1927 farina
1542 1885 1584 1925 in

127 1966 351 2007 hominum
378 1964 557 2017 figuras,
580 1962 687 2015 quia
713 1967 865 2013 turpes
894 1959 1016 2008 fiant,
1039 1971 1149 2012 quas
1171 1957 1244 1998 alii
1268 1954 1484 1996 maniolas
1508 1966 1586 2006 ap-

129 2035 301 2088 pellent.
363 2031 539 2073 Manias
570 2037 730 2079 autem,
753 2041 866 2082 quas
891 2027 1083 2067 nutrices
1117 2026 1361 2065 minitentur
1390 2021 1586 2075 parvulis

130 2103 277 2155 pueris
298 2115 394 2142 esse
416 2101 579 2148 larvas,
603 2099 645 2138 id
675 2102 755 2147 est,
786 2109 935 2137 manes
971 2095 1094 2136 Deos
1129 2093 1293 2145 Deasq.
1318 2092 1393 2144 qui
1423 2095 1502 2130 aut
1530 2089 1586 2129 ab

131 2170 283 2211 inferis
306 2170 359 2210 ad
384 2182 571 2223 superos
602 2172 797 2213 manant,
819 2168 896 2205 aut
918 2161 1071 2204 Mania
1094 2166 1161 2202 est
1183 2172 1336 2202 eorum
1368 2158 1470 2199 avia
1497 2170 1588 2197 ma-

741 2295 977 2308 eeeeeeeeeee

179 2359 195 2386 1
222 2356 246 2387 f.
272 2357 421 2395 quendam.

795 2438 937 2471 NOTAE

181 2513 194 2527 ἃ
219 2503 392 2542 Manubiae]
431 2503 541 2533 Acron
571 2504 601 2533 in
632 2503 753 2534 Horat.
779 2503 833 2533 od.
890 2511 966 2532 num
985 2497 1162 2530 manubias
1179 2496 1243 2526 dici
1260 2495 1280 2525 :'
1298 2500 1331 2525 et
1351 2495 1381 2524 in
1400 2494 1458 2524 lib.
1474 2503 1511 2523 ιι,
1528 2499 1533 2509 Α
1550 2493 1589 2524 In

139 2561 170 2588 2.
201 2557 256 2586 lib.
275 2565 298 2587 1.
319 2554 472 2584 ‘Omnes
497 2554 662 2584 manubiae
687 2555 772 2584 albae
800 2560 834 2583 et
891 2551 1094 2593 aequinoctio
1113 2547 1243 2578 vernali
1272 2545 1439 2576 manubiae
1461 2545 1591 2575 Miner-

140 2609 244 2647 uigra—
259 2615 333 2635 osse
351 2605 526 2643 dicuntur,
547 2604 645 2635 Jovis
672 2606 773 2635 rubra
801 2609 835 2634 et
891 2604 994 2633 vales.
1012 2601 1033 2630 i.
1052 2599 1191 2630 fulmina
1216 2602 1439 2638 tempestates
1465 2596 1591 2635 gravis-

140 2654 347 2697 sanguinea.'
394 2654 489 2685 Serv.
508 2655 538 2684 in
553 2655 610 2685 lil».
628 2664 652 2686 1.
671 2656 745 2685 AEn.
772 2657 780 2672 ‘
796 2655 834 2685 In
891 2654 990 2683 simas
1022 2647 1258 2681 commovent:
1321 2645 1405 2678 Vide
1435 2646 1466 2676 in
1497 2647 1504 2661 ‘
1520 2644 1593 2675 Tri-

141 2708 235 2739 libris
254 2707 473 2737 Etruscorum
502 2705 624 2736 lectum
652 2710 703 2736 est
727 2705 835 2736 fulmi-
892 2700 1029 2734 suicum‘
1048 2709 1162 2740 supra.
