1876 3025
247 133 331 175 866

695 139 844 171 SEXTl
880 135 1083 167 POMPEII
1120 134 1257 165 FESTI

305 236 454 278 dicitur
483 236 613 290 σι’φων.
674 233 727 274 In
758 233 842 288 lege
872 231 1075 272 rivalicia
1106 231 1170 271 sic
1188 234 1270 278 est,
1302 242 1387 283 quae
1410 226 1495 267 lata
1506 225 1600 282 fuit
1630 240 1696 266 ro-

301 311 431 361 gante
452 305 666 358 populum
689 302 779 342 Ser.
803 298 995 352 Sulpicio
1016 312 1095 338 sex.
1147 295 1195 336 F.
1215 294 1353 352 anb:
1384 293 1597 342 Montani,
1618 306 1696 346 pa-

304 373 457 425 ganive
486 369 722 425 siphonibus
752 381 901 422 aquam
922 365 1164 407 dividunto:
1207 365 1348 405 donec
1380 375 1478 404 eam
1508 362 1618 402 inter
1649 373 1697 401 se

305 439 527 489 diviserint,
560 436 766 478 Praetoris
780 435 1002 490 judicatio
1021 438 1132 474 esto.

247 507 413 560 Signa,e
443 511 491 547 ut
513 519 668 555 rerum,
689 506 750 545 ita
785 516 941 559 quoque
977 516 1037 542 res
1068 500 1161 554 ipseo
1191 498 1397 547 dicuntur,
1415 500 1489 538 aut
1506 494 1696 549 lapides,

304 578 380 615 aut
401 573 536 624 fictile,
568 579 642 612 aut
661 571 695 611 si
715 586 795 626 qua,
816 568 1010 625 ejusmodi
1032 568 1175 610 adhuc
1198 567 1348 620 aliqua
1377 565 1524 619 signa⁷
1556 562 1698 602 dicun-

305 648 389 690 tur,
422 655 507 695 (juce
527 639 770 693 sculpantur
790 639 936 687 etiam,
960 636 1037 677 sed
1056 633 1206 690 pocula
1225 633 1347 674 etiam
1368 634 1410 672 in
1433 631 1578 687 quibus
1605 636 1699 670 sunt

304 709 536 749 simulacra
559 708 614 748 ad
637 706 789 761 effigies
816 704 1016 760 sigillata.

249 775 430 828 Signare
453 775 674 828 significat
694 774 825 815 modo
843 773 1053 820 scribere,
1073 769 1203 811 modo
1229 767 1363 810 anulo
1392 767 1479 820 sig·
1519 765 1699 818 [PAUL.

309 858 368 885 na
388 844 647 898 imprimere,
669 841 803 882 modo
826 852 988 893 pecora
1009 837 1142 890 signis
1164 839 1330 877 notare.

252 916 427 971 Signare
449 912 606 952 dicitur
638 909 774 961 signis
805 912 976 954 notare,
1006 904 1115 945 velut
1149 905 1191 944 in
1222 902 1400 957 pecorib.
1416 901 1504 956 fic;
1535 900 1700 953 [Fsssr.

306 982 383 1024 sed
416 979 586 1033 antiqui
604 991 656 1018 eo
678 990 757 1031 pro
781 975 966 1016 scribere
989 972 1233 1013 utebantur:
1264 970 1368 1011 unde
1389 977 1426 1010 et
1448 968 1701 1022 subsignare,

307 1056 349 1092 et
379 1049 632 1100 consignare
663 1043 869 1085 invenitur
893 1040 1087 1095 positum,
1113 1053 1191 1093 pro
1221 1037 1491 1085 subscribere,
1522 1038 1567 1076 et
1602 1046 1702 1075 con-

307 1116 497 1158 scribere.

250 1180 472 1225 Silatumd
504 1179 673 1233 antiqui
703 1190 783 1232 pro
815 1189 883 1225 eo,
915 1174 1038 1228 quod
1074 1186 1189 1214 nunc
1215 1172 1485 1226 jentaculum
1519 1169 1700 1224 [PAUL.

856 1291 992 1304 eeeeee

291 1392 310 1420 7
336 1388 419 1419 Ead.
437 1386 489 1419 ed.
517 1385 663 1425 ‘aliqna.
692 1387 737 1414 et.
764 1380 880 1421 signa.'

996 1291 1094 1304 ‘‘‘‘‘

910 1498 1050 1530 NOTAE

251 1588 323 1610 cem
341 1577 526 1608 desiderat.
552 1577 630 1608 Ant.
648 1577 735 1615 Aug.

293 1628 397 1667 Sisus]
433 1629 587 1666 Sisuucnli
612 1628 643 1657 in
678 1636 765 1667 aqna
796 1623 950 1655 (lucenda

250 1685 447 1719 usurpatum
480 1685 531 1708 est
565 1687 625 1718 pro
660 1677 750 1707 tubis
780 1675 881 1715 ipsis:
919 1674 951 1704 id

253 1731 340 1770 quod
372 1730 495 1760 Graecc
513 1735 565 1760 est
593 1728 702 1768 σίφων.
749 1727 789 1757 In
811 1727 883 1765 lege
910 1726 952 1755 ri·

253 1780 370 1810 valitia
387 1779 433 1809 sic
451 1783 514 1818 est,
541 1788 613 1818 quae
643 1779 712 1808 lata
737 1780 788 1807 est
813 1780 953 1815 rogante

251 1830 410 1870 populum
423 1830 494 1859 Ser.
508 1829 655 1869 Sulpitio
672 1832 698 1857 :‘
714 1827 848 1858 Rivales
862 1835 954 1856 mon-

253 1881 323 1910 tani
340 1879 506 1920 paganive
531 1879 707 1909 sifuncuiis
730 1887 850 1918 aquam
868 1876 954 1906 divi-

253 1931 371 1971 dunto,
389 1930 497 1961 donec
511 1930 600 1960 inter
617 1939 652 1960 se
669 1929 863 1965 diviserint,
879 1927 953 1966 ejus

248 1980 418 2020 judicatio
442 1979 540 2010 esto?
588 1979 718 2019 Aperte
744 1978 835 2008 actio
853 1979 954 2007 datur

255 2032 285 2059 in
305 2030 461 2070 enm,qui
484 2029 546 2058 hac
562 2030 637 2067 lege
665 2027 860 2058 committit.
884 2027 951 2056 ιΙιιε.

254 2079 339 2109 Scal.

297 2128 401 2168 Sisus]
434 2128 540 2163 Tnba,
573 2127 713 2166 canaiis,
738 2136 835 2166 aquae
867 2124 954 2156 deri-

254 2180 383 2210 vaudae.
432 2178 628 2209 Notandum
663 2181 766 2216 capnt
799 2175 881 2215 legis
911 2176 954 2205 ri-

256 2229 396 2267 vaffliae,
413 2228 600 2259 Praetorem
616 2227 657 2257 de
669 2236 752 2267 aqua
765 2224 954 2256 dividunda

257 2278 469 2318 cognovisse.
494 2279 575 2308 Duc.

297 2332 310 2347 e
326 2327 441 2368 Signa]
461 2326 561 2365 Signa
580 2331 615 2358 ut
632 2337 746 2365 rerum,
762 2326 809 2356 ita
819 2335 866 2356 res
881 2325 956 2364 ipsoe

257 2379 393 2417 sculptoe‚
411 2383 462 2408 aut
480 2379 609 2417 lapides,
627 2381 680 2408 aut
695 2377 839 2415 serrum:
870 2379 899 2406 et
929 2376 957 2406 si

256 2439 316 2469 qua
331 2432 402 2458 sunt
417 2428 521 2468 aliqua
537 2428 685 2467 ejusmodi
699 2437 765 2466 quoe
777 2427 957 2466 sculpantur

257 2480 369 2510 etiam„-
392 2480 445 2509 sed
469 2479 578 2518 pocula
600 2478 646 2507 z'ta
662 2477 757 2515 dicta,
773 2480 801 2506 cl
829 2476 955 2505 simula-

257 2540 309 2560 cra
324 2530 362 2560 ad
373 2529 489 2570 effigies
503 2528 659 2558 hominum
674 2526 874 2564 conformata.
901 2525 958 2555 In-

262 2590 392 2610 versnm
411 2586 538 2617 tamen,
555 2579 648 2609 etium
667 2579 718 2608 sed
736 2579 856 2617 pocula,
884 2586 958 2617 pro,

261 2632 312 2660 sed
328 2631 421 2660 eciam
438 2631 554 2669 pocula.
569 2629 642 2660 JOS.
655 2628 744 2658 Scai.

305 2680 463 2719 Signaessut
480 2678 598 2718 rerum]
626 2677 683 2708 Ait
713 2677 833 2707 Festus
861 2676 957 2716 signa

1006 1572 1085 1611 diei,
1113 1576 1149 1602 ut
1176 1581 1214 1601 ea
1242 1580 1316 1612 quae
1340 1569 1490 1600 maten-ize
1508 1569 1704 1610 insculpun-

1008 1629 1076 1660 tur,
1109 1628 1145 1653 nt
1176 1622 1270 1662 x'irg.
1305 1621 1460 1652 ‘Pocula
1488 1629 1608 1660 aspera
1637 1621 1704 1660 sig-

1008 1674 1088 1704 nis:’
1112 1679 1146 1704 et
1175 1673 1348 1703 materiam
1378 1673 1485 1712 ipsam
1526 1671 1707 1711 sculptam,

1009 1724 1152 1763 lapides,
1181 1732 1339 1762 marmor,
1356 1720 1495 1761 ferrum,
1512 1722 1576 1751 &c.
1612 1721 1707 1758 Virg.

1009 1783 1062 1805 111.
1087 1774 1246 1813 Georgic.
1282 1773 1452 1803 ‘Stabunt
1480 1776 1514 1802 et
1540 1770 1631 1801 Parii
1661 1771 1707 1801 la-

1009 1825 1118 1865 pideS,
1135 1825 1300 1865 spirantia
1320 1822 1441 1864 signa!
1477 1822 1580 1854 Ovid.
1603 1822 1707 1852 ‘Fac-

1009 1881 1077 1906 tum
1105 1875 1147 1906 de
1173 1884 1338 1905 marmore
1365 1872 1520 1913 signum.’
1565 1871 1708 1902 Simula-

1008 1935 1066 1956 cra
1084 1925 1265 1962 hominum,
1282 1925 1449 1961 Deorum,
1464 1925 1528 1953 &cu
1555 1922 1601 1953 Ut
1619 1925 1627 1938 ‘
1641 1921 1707 1950 Ve-

1008 1976 1096 2005 neris
1113 1974 1267 2014 sig'n1un‚’
1286 1975 1398 2004 Plaut.
1432 1973 1591 2013 ‘Signum
1617 1970 1708 2001 Ado-

1007 2024 1118 2063 nidis,’
1136 2025 1246 2055 Cicer.
1272 2024 1354 2054 Duc.

1049 2074 1063 2094 ‘¹
1087 2073 1240 2112 Silatum]
1275 2071 1552 2110 Subintelligitur
1577 2080 1640 2101 vox
1662 2070 1707 2100 υἰ-

1007 2134 1091 2163 num,
1101 2125 1235 2154 silatum
1249 2123 1374 2162 vinnm,
1388 2132 1405 2152 a
1416 2122 1469 2152 sili
1482 2121 1597 2159 herba,
1608 2130 1707 2161 quam

1007 2174 1116 2204 σέσελι
1133 2174 1245 2205 G'raeci
1274 2177 1406 2204 vocant.
1430 2172 1625 2203 Dioscorid.
1652 2170 1709 2200 lib.

1008 2233 1063 2255 111.
1089 2226 1233 2264 cap.5l.
1258 2223 1389 2253 ‘Seseli
1420 2221 1630 2252 Massiliensi?
1659 2219 1709 2250 fo-

1007 2275 1051 2305 lia
1076 2273 1226 2305 foeniculi
1250 2274 1350 2303 habet
1377 2271 1553 2310 crassiora,
1578 2270 1708 2301 caulem

1013 2324 1243 2364 vegetiorem:
1264 2322 1441 2353 umbellam
1460 2321 1585 2359 anethi,
1598 2320 1629 2350 in
1643 2329 1709 2360 qua

1011 2383 1125 2405 semen
1140 2373 1336 2412 oblongum,
1354 2371 1562 2410 angulosum,
1587 2370 1710 2408 degus-

1012 2424 1098 2455 tanti
1124 2423 1237 2453 statim
1267 2431 1357 2461 acre,
1388 2420 1481 2449 radix
1519 2420 1616 2460 longa
1643 2423 1710 2457 est,

1004 2472 1149 2514 jucundi
1166 2471 1304 2508 odoris‚'
1320 2473 1383 2501 διο.
1421 2471 1465 2500 Et
1492 2470 1592 2510 paulo
1609 2474 1708 2509 post:

1013 2525 1155 2553 ‘Semen
1185 2531 1258 2551 cnm
1284 2520 1358 2550 vino
1386 2524 1501 2558 potum
1529 2518 1711 2558 concoquit

1013 2578 1047 2603 et
1073 2572 1217 2602 tormina
1239 2568 1401 2600 discutit!
1445 2569 1579 2599 Silaeum
1597 2573 1709 2598 antem

1013 2621 1101 2662 quod
1130 2626 1246 2660 postea
1259 2619 1485 2660 jentaculum,
1509 2618 1540 2648 id
1566 2622 1630 2656 est,
1656 2616 1710 2647 ἄκ·

1012 2682 1119 2714 pum-ov,
1149 2680 1287 2701 merum.
1328 2669 1439 2699 Gloss.
1459 2668 1604 2708 ‘jentat,
1621 2667 1711 2707 ἀκρα-
