1876 3025
289 153 373 195 762

736 163 883 194 SEXTI
919 162 1120 193 POMPEII
1155 162 1293 193 FESTI

347 264 440 300 tum
462 258 635 300 videtur
664 272 690 300 a
722 258 902 299 Pittaco
934 270 1022 298 uno
1053 270 1111 298 ex
1133 263 1300 312 septem
1322 255 1637 312 sapientibus‚¹²
1658 256 1733 311 qui

346 328 561 369 adversus
585 327 858 381 Phrynonem
892 325 1179 367 dimicaturus
1214 330 1393 380 propter
1414 325 1734 366 controversias

347 396 512 444 finium,
532 408 628 448 quae
656 399 778 435 erant
807 395 917 435 inter
939 393 1118 434 Atticos
1149 399 1195 434 et
1226 393 1508 448 Mytilenaeos
1537 397 1627 434 rete
1660 405 1733 433 oc-

349 464 465 504 culto
488 463 582 503 lato
601 461 634 486 ¹⁶
665 462 893 516 impedivit
916 461 1208 514 Phrynonem.

293 531 554 572 Retractare
578 535 660 581 est,
682 543 830 571 rursus
848 527 1063 571 tractare.i

1550 528 1730 582 [PAUL.

1415 601 1508 636 re.¹⁷
1568 595 1733 648 [FEST.

293 667 542 708 Retricibus
557 665 571 688 ¹<
592 679 692 707 cum
716 666 777 706 ait
800 665 913 707 Cato
934 666 978 719 in
1001 678 1053 706 ea
1074 677 1206 719 quam
1229 664 1405 717 scripsit
1425 676 1524 704 cum
1545 663 1734 703 edisser-

348 736 459 776 tavit
492 734 641 775 Fulvii
674 734 916 775 Nobilioris
950 733 1203 783 Censuram,
1240 731 1458 786 significat
1488 743 1652 784 aquam
1683 742 1734 770 eo

347 803 537 851 nomine,
562 815 661 856 quae
694 805 760 842 est
790 814 927 855 supra
947 801 1064 842 viam
1085 799 1369 841 Ardeatinam
1403 799 1514 839 inter
1543 796 1735 851 lapidem

347 870 598 919 secundum,
634 874 679 910 et
712 869 899 918 tertium,
932 882 1021 923 qua
1054 869 1282 922 irrigantur
1312 866 1430 907 horti
1467 865 1582 907 infra
1618 865 1735 906 viam

346 936 649 987 Ardeatinam,
665 940 708 977 et
727 935 998 986 Asinariam,
1020 949 1162 990 usque
1183 934 1239 975 ad
1261 934 1478 975 Latinam,

291 1004 543 1046 Retricibus
567 1018 669 1046 cum
690 1005 751 1045 ait
770 1004 898 1054 Cato,
928 1017 1085 1058 aquam
1112 1016 1166 1045 eo
1191 1003 1362 1044 nomine
1395 1002 1525 1054 signi·
1557 1001 1736 1055 [PAUL.

345 1072 464 1122 ficat,
483 1086 568 1126 qua
593 1074 705 1114 horti
727 1072 971 1126 irrigantur.

288 1139 415 1181 Reus
438 1141 586 1182 dictus
607 1147 675 1182 est
695 1155 720 1182 a
741 1154 785 1182 re
809 1154 940 1194 quam
961 1140 1178 1195 promisit,
1200 1152 1253 1181 ac
1277 1139 1420 1180 debet.

288 1207 413 1249 Reus
435 1209 689 1263 stipulando
723 1214 789 1250 est
821 1210 934 1250 idem
969 1210 1043 1263 qui
1079 1208 1330 1262 stipulatur.

1570 1137 1735 1190 [FEsr.

1392 1206 1518 1247 Reus
1553 1206 1735 1260 promit-

345 1276 478 1317 tendo
512 1283 597 1328 est,
620 1279 693 1331 qni
728 1290 808 1318 suo
844 1277 1019 1318 nomine
1053 1277 1180 1317 alteri
1213 1275 1319 1329 quid
1354 1287 1431 1329 pro
1466 1275 1599 1315 altero
1637 1285 1736 1328 pro-

286 1378 289 1379 .
345 1344 481 1386 misit.

288 1411 410 1453 Reus
441 1427 554 1454 nunc
585 1413 758 1462 dicitur,
801 1413 874 1466 qui
906 1425 1085 1453 causam
1120 1410 1277 1465 dicit3¹
1309 1416 1354 1453 et
1387 1412 1489 1452 item
1510 1409 1600 1460 Qui
1631 1407 1736 1462 quid

887 1551 1026 1563 ‘‘‘‘‘‘‘

1027 1551 1127 1563 eeeee

329 1644 368 1672 16
393 1642 475 1672 Dae.
492 1641 577 1681 legit
599 1645 666 1672 rete
680 1643 795 1672 occulto
811 1641 1005 1673 allata—17
1031 1641 1181 1682 Conjicit
1208 1641 1308 1678 idem,
1337 1641 1521 1672 Retractare
1547 1641 1605 1675 est,
1629 1646 1736 1668 rursus

287 1688 433 1725 tractare,
452 1686 563 1716 iterum
579 1694 826 1716 commemorare.

940 1804 1085 1836 NOTAE

326 1869 339 1889 ¹¹
364 1870 391 1899 A
413 1869 539 1899 Pittaco
558 1879 616 1899 uno
640 1879 678 1900 ex
700 1872 812 1909 septem
831 1869 981 1909 sapienti-

284 1920 352 1959 bus]
364 1921 449 1950 Sane
461 1920 506 1950 ita
518 1919 690 1950 Pittacum
704 1920 864 1950 adversus
874 1921 981 1960 Phry·

281 1980 404 2001 nonem
434 1980 600 2010 pugnasse
631 1970 733 2000 docet
770 1970 894 2001 Strabo
923 1971 981 2001 lib.

283 2029 368 2051 ΧΙΠ.
399 2020 551 2060 ’Ὕστερον
567 2019 598 2050 δὲ
624 2021 659 2050 ἐκ
671 2019 861 2058 μονομαχίας
887 2031 981 2060 προσ-

281 2069 493 2108 καλεσαμένου
528 2071 584 2101 τοῦ
612 2072 776 2110 Φρυνῶνος,
804 2070 982 2107 ἁλιευτικὴν

281 2121 446 2156 ἀναλαβὼν
461 2121 574 2158 σκευὴν
588 2120 768 2160 συνέδραμε,
789 2120 839 2151 καὶ
857 2122 904 2160 τῷ
925 2120 983 2159 μὲν

281 2171 508 2212 ἆμφιβλήστρῳ
525 2170 705 2211 περιέβαλε,
735 2173 780 2212 τῇ
805 2171 922 2212 τριαίνῃ
949 2170 981 2202 δὲ

280 2222 331 2253 καὶ
346 2223 394 2261 τῷ
420 2221 532 2261 ξιφιδίῳ
555 2221 654 2262 ἔπειρε
669 2222 719 2253 καὶ
745 2223 856 2253 ἀνεῖλε.
903 2222 980 2253 Hoc

279 2278 353 2304 est:
384 2272 393 2288 ‘
412 2272 562 2302 Tandem
593 2282 671 2303 vero
702 2273 743 2303 ad
775 2273 980 2312 singularem

280 2332 427 2363 pugnam
446 2333 464 2353 a
479 2323 659 2363 phrynone
673 2327 892 2363 provocatus,
904 2332 979 2354 cnm

279 2374 465 2414 piscatoria
480 2374 616 2404 schema
630 2373 790 2404 adversus
801 2384 877 2405 eum
895 2383 980 2414 pug-

279 2426 385 2464 navit,
411 2430 446 2455 et
474 2424 623 2464 rejacuto
650 2424 786 2465 quidem
811 2425 979 2456 hominem

279 2475 531 2515 circumvolvit,
563 2474 713 2505 tridente
744 2484 824 2505 vero
855 2481 890 2505 et
920 2485 980 2515 pu-

282 2527 380 2569 gione
397 2525 565 2557 transfixit
581 2525 799 2566 occiditque?
822 2527 921 2557 Idem.

321 2576 329 2596 ff
352 2577 538 2607 [retractare
549 2580 606 2617 est,
618 2586 725 2606 rursus
737 2578 889 2617 tractare]
910 2577 979 2608 Ho-

279 2635 345 2661 rat.
371 2629 380 2646 ί
397 2630 464 2661 Sed
491 2638 544 2669 ne,
562 2628 700 2670 relictis,
717 2630 816 2660 Musa
839 2638 979 2669 procax,

277 2682 377 2722 jocis,
397 2681 475 2713 Ceae
493 2685 659 2713 retractes
680 2690 820 2713 munera
836 2681 981 2715 naeniae.'

281 2734 378 2764 Idem.

1077 1868 1091 1889 k
1116 1869 1311 1910 Reti-icibus]
1338 1868 1490 1907 Retffces,
1517 1865 1613 1896 rivuli
1638 1869 1736 1895 extra

1035 1919 1165 1960 urbem,
1183 1920 1271 1950 unde
1291 1929 1379 1959 aqna
1396 1918 1570 1949 derivatur
1595 1915 1735 1953 irrigan-

1035 1972 1343 2002 dorum‘hortornm
1361 1976 1395 2001 et
1420 1975 1592 2010 pratorum
1617 1968 1736 2008 gratia.

1035 2023 1220 2053 Martinius
1233 2023 1364 2061 putavit
1375 2022 1421 2051 ita
1435 2020 1543 2051 dictas
1555 2019 1644 2059 qnod
1657 2018 1734 2048 snb-

1036 2072 1115 2103 inde
1134 2073 1240 2103 retari
1262 2077 1295 2102 et
1314 2071 1446 2112 pnrgari
1465 2071 1622 2101 solerent.
1668 2069 1734 2099 Pe-

1037 2128 1145 2155 rottus
1169 2133 1188 2154 a
1201 2124 1370 2154 reterendo.
1397 2120 1406 2137 ‘
1424 2122 1508 2151 Sunt
1524 2121 1625 2150 etiam
1645 2119 1700 2159 qni
1716 2128 1733 2149 a

1036 2178 1108 2204 tero
1126 2173 1264 2204 retrices
1290 2171 1412 2202 deduci
1439 2176 1572 2211 putent,
1590 2179 1655 2210 qno
1677 2177 1734 2200 no·

1034 2224 1123 2255 mine
1158 2225 1245 2255 Cato
1276 2232 1394 2263 aquam
1431 2220 1631 2257 significavit
1670 2228 1734 2259 qna

1034 2274 1123 2305 horti
1145 2272 1349 2313 irrigantur.’
1392 2272 1459 2302 Sed
1492 2271 1602 2311 potins
1631 2280 1649 2300 a
1675 2271 1733 2310 ρεῖ-

1035 2327 1116 2365 θρον,
1133 2325 1245 2355 rivus:
1272 2328 1307 2354 ut
1324 2323 1409 2352 idem
1426 2322 1617 2352 martinius.
1635 2321 1732 2351 Idem.

1076 2375 1083 2396 ¹
1100 2376 1185 2406 Reus
1201 2384 1280 2405 nunc
1296 2373 1424 2409 dicitur,
1439 2372 1492 2412 qui
1504 2381 1627 2402 causam
1639 2371 1732 2411 dicit]

1034 2427 1125 2457 Reus
1142 2434 1230 2456 nnnc
1255 2424 1380 2454 dicitnr
1397 2423 1424 2453 is
1448 2423 1503 2462 qui
1522 2432 1591 2453 rem
1611 2422 1732 2461 promi-

1035 2478 1132 2508 sitae
1149 2475 1340 2510 debet,11oc
1363 2479 1427 2510 est,
1445 2473 1532 2503 unde
1552 2472 1731 2513 qnidjndi-

1035 2527 1088 2557 cio
1115 2526 1258 2565 petitur,
1282 2523 1359 2554 inde
1388 2532 1462 2554 rcus
1488 2523 1679 2563 stipulando
1696 2527 1732 2552 et

1034 2576 1216 2617 stipulandi
1234 2575 1359 2604 dicitnr
1376 2574 1431 2614 qni
1458 2573 1639 2612 stipulatus
1667 2576 1731 2602 est.

1035 2630 1125 2660 Reus
1139 2624 1368 2667 promittendo
1379 2631 1414 2654 et
1430 2622 1662 2664 promittendi,
1676 2622 1731 2662 qui

1034 2677 1196 2720 promisit.
1242 2676 1332 2707 Reus
1355 2674 1514 2715 debendi,
1538 2673 1593 2715 qni
1615 2673 1729 2712 debet,

1033 2732 1097 2761 διο.
1123 2728 1218 2759 Idem.
