<?xml version="1.0" encoding="UTF-8"?>
<!DOCTYPE html PUBLIC "-//W3C//DTD XHTML 1.0 Transitional//EN"
    "http://www.w3.org/TR/xhtml1/DTD/xhtml1-transitional.dtd">
<html xmlns="http://www.w3.org/1999/xhtml" xml:lang="en" lang="en">
 <head>
  <title>
</title>
<meta http-equiv="Content-Type" content="text/html;charset=utf-8" />
  <meta name='ocr-system' content='tesseract 3.04.00' />
  <meta name='ocr-capabilities' content='ocr_page ocr_carea ocr_par ocr_line ocrx_word'/>
</head>
<body>
  <div class='ocr_page' id='page_1' title='image "./mverriiflacciqua02verruoft/mverriiflacciqua02verruoft_0368.png"; bbox 0 0 1876 3025; ppageno 0'>
   <div class='ocr_carea' id='block_1_1' title="bbox 269 157 355 199">
    <p class='ocr_par' dir='ltr' id='par_1_1' title="bbox 269 157 355 199">
     <span class='ocr_line' id='line_1_1' title="bbox 269 157 355 199; baseline 0 0"><span class='ocrx_word' id='word_1_1' title='bbox 269 157 355 199; x_wconf 82' lang='lat'>996</span> 
     </span>
    </p>
   </div>
   <div class='ocr_carea' id='block_1_2' title="bbox 713 166 1278 199">
    <p class='ocr_par' dir='ltr' id='par_1_2' title="bbox 713 166 1278 199">
     <span class='ocr_line' id='line_1_2' title="bbox 713 166 1278 199; baseline -0.005 0"><span class='ocrx_word' id='word_1_2' title='bbox 713 167 865 199; x_wconf 82' lang='lat' dir='ltr'>SEXTI</span> <span class='ocrx_word' id='word_1_3' title='bbox 903 166 1107 197; x_wconf 86' lang='lat' dir='ltr'><strong>POMPEII</strong></span> <span class='ocrx_word' id='word_1_4' title='bbox 1142 166 1278 197; x_wconf 84' lang='lat' dir='ltr'><strong>FESTI</strong></span> 
     </span>
    </p>
   </div>
   <div class='ocr_carea' id='block_1_3' title="bbox 269 258 1717 382">
    <p class='ocr_par' dir='ltr' id='par_1_3' title="bbox 269 258 1717 382">
     <span class='ocr_line' id='line_1_3' title="bbox 269 258 1717 315; baseline -0.001 -14"><span class='ocrx_word' id='word_1_5' title='bbox 269 261 478 311; x_wconf 79' lang='lat' dir='ltr'>Vadem,c</span> <span class='ocrx_word' id='word_1_6' title='bbox 499 274 752 315; x_wconf 84' lang='lat' dir='ltr'>sponsorem</span> <span class='ocrx_word' id='word_1_7' title='bbox 773 260 993 314; x_wconf 78' lang='lat' dir='ltr'>significat</span> <span class='ocrx_word' id='word_1_8' title='bbox 1013 260 1163 301; x_wconf 86' lang='lat' dir='ltr'>datum</span> <span class='ocrx_word' id='word_1_9' title='bbox 1184 261 1226 301; x_wconf 91' lang='lat' dir='ltr'>in</span> <span class='ocrx_word' id='word_1_10' title='bbox 1248 274 1294 301; x_wconf 89' lang='lat' dir='ltr'>re</span> <span class='ocrx_word' id='word_1_11' title='bbox 1315 259 1508 314; x_wconf 83' lang='lat' dir='ltr'>capitali.</span> <span class='ocrx_word' id='word_1_12' title='bbox 1543 258 1717 310; x_wconf 76' lang='lat' dir='ltr'>[PAUL.</span> 
     </span>
     <span class='ocr_line' id='line_1_4' title="bbox 269 328 1140 382; baseline -0.001 -13"><span class='ocrx_word' id='word_1_13' title='bbox 269 328 486 381; x_wconf 83' lang='lat' dir='ltr'>Vagorem</span> <span class='ocrx_word' id='word_1_14' title='bbox 509 343 588 382; x_wconf 89' lang='lat' dir='ltr'>pro</span> <span class='ocrx_word' id='word_1_15' title='bbox 612 330 760 382; x_wconf 86' lang='lat' dir='ltr'>vagitu</span> <span class='ocrx_word' id='word_1_16' title='bbox 783 328 952 369; x_wconf 89' lang='lat' dir='ltr'>Ennius</span> <span class='ocrx_word' id='word_1_17' title='bbox 973 329 1140 381; x_wconf 84' lang='lat' dir='ltr'>posuit.</span> 
     </span>
    </p>
   </div>
   <div class='ocr_carea' id='block_1_4' title="bbox 268 394 1497 515">
    <p class='ocr_par' dir='ltr' id='par_1_4' title="bbox 268 394 1497 515">
     <span class='ocr_line' id='line_1_5' title="bbox 268 394 1497 449; baseline 0 -13"><span class='ocrx_word' id='word_1_18' title='bbox 268 394 493 447; x_wconf 79' lang='lat' dir='ltr'>Vagorem</span> <span class='ocrx_word' id='word_1_19' title='bbox 510 394 526 418; x_wconf 79' lang='lat'>‘¹</span> <span class='ocrx_word' id='word_1_20' title='bbox 545 409 622 449; x_wconf 86' lang='lat' dir='ltr'>pro</span> <span class='ocrx_word' id='word_1_21' title='bbox 645 396 790 447; x_wconf 84' lang='lat' dir='ltr'>vagitu</span> <span class='ocrx_word' id='word_1_22' title='bbox 820 395 990 435; x_wconf 89' lang='lat' dir='ltr'>Ennius</span> <span class='ocrx_word' id='word_1_23' title='bbox 1021 395 1134 435; x_wconf 85' lang='lat' dir='ltr'>libro</span> <span class='ocrx_word' id='word_1_24' title='bbox 1164 395 1497 436; x_wconf 84' lang='lat' dir='ltr'>sextodecimo:</span> 
     </span>
     <span class='ocr_line' id='line_1_6' title="bbox 327 462 1407 515; baseline -0.001 -12"><span class='ocrx_word' id='word_1_25' title='bbox 327 462 419 513; x_wconf 85' lang='lat' dir='ltr'>Qui</span> <span class='ocrx_word' id='word_1_26' title='bbox 458 463 650 503; x_wconf 83' lang='lat' dir='ltr'>clamor2</span> <span class='ocrx_word' id='word_1_27' title='bbox 690 462 982 515; x_wconf 86' lang='lat' dir='ltr'>oppugnantis</span> <span class='ocrx_word' id='word_1_28' title='bbox 1029 475 1189 514; x_wconf 79' lang='lat' dir='ltr'>vagore</span> <span class='ocrx_word' id='word_1_29' title='bbox 1228 462 1407 502; x_wconf 82' lang='lat' dir='ltr'>volanti.</span> 
     </span>
    </p>
   </div>
   <div class='ocr_carea' id='block_1_5' title="bbox 1486 394 1719 502">
    <p class='ocr_par' dir='ltr' id='par_1_5' title="bbox 1486 394 1719 502">
     <span class='ocr_line' id='line_1_7' title="bbox 1555 394 1719 448; baseline -0.006 -14"><span class='ocrx_word' id='word_1_30' title='bbox 1555 394 1719 448; x_wconf 62' lang='lat' dir='ltr'>[Flzs&#39;r.</span> 
     </span>
     <span class='ocr_line' id='line_1_8' title="bbox 1486 462 1719 502; baseline -0.004 0"><span class='ocrx_word' id='word_1_31' title='bbox 1486 462 1719 502; x_wconf 87' lang='lat' dir='ltr'>Lucretius</span> 
     </span>
    </p>
   </div>
   <div class='ocr_carea' id='block_1_6' title="bbox 269 529 1719 784">
    <p class='ocr_par' dir='ltr' id='par_1_6' title="bbox 326 529 1719 583">
     <span class='ocr_line' id='line_1_9' title="bbox 326 529 1719 583; baseline -0.001 -14"><span class='ocrx_word' id='word_1_32' title='bbox 326 530 436 570; x_wconf 89' lang='lat' dir='ltr'>libro</span> <span class='ocrx_word' id='word_1_33' title='bbox 454 529 645 569; x_wconf 89' lang='lat' dir='ltr'>secundo</span> <span class='ocrx_word' id='word_1_34' title='bbox 662 543 672 569; x_wconf 73' lang='grc' dir='ltr'>ε</span> <span class='ocrx_word' id='word_1_35' title='bbox 695 529 753 569; x_wconf 90' lang='lat' dir='ltr'>Et</span> <span class='ocrx_word' id='word_1_36' title='bbox 767 533 1040 583; x_wconf 82' lang='lat' dir='ltr'>superantur,</span> <span class='ocrx_word' id='word_1_37' title='bbox 1058 530 1160 570; x_wconf 88' lang='lat' dir='ltr'>item</span> <span class='ocrx_word' id='word_1_38' title='bbox 1178 530 1385 570; x_wconf 88' lang='lat' dir='ltr'>miscetur</span> <span class='ocrx_word' id='word_1_39' title='bbox 1405 531 1554 570; x_wconf 84' lang='lat' dir='ltr'>funere</span> <span class='ocrx_word' id='word_1_40' title='bbox 1577 541 1719 581; x_wconf 81' lang='lat' dir='ltr'>vagor.</span> 
     </span>
    </p>

    <p class='ocr_par' dir='ltr' id='par_1_7' title="bbox 269 596 1719 784">
     <span class='ocr_line' id='line_1_10' title="bbox 269 596 1719 649; baseline -0.001 -12"><span class='ocrx_word' id='word_1_41' title='bbox 269 597 509 649; x_wconf 79' lang='lat' dir='ltr'>vagulatio</span> <span class='ocrx_word' id='word_1_42' title='bbox 525 601 536 625; x_wconf 81' lang='lat'><em>³</em></span> <span class='ocrx_word' id='word_1_43' title='bbox 553 601 566 618; x_wconf 50' lang='grc' dir='ltr'>θ’</span> <span class='ocrx_word' id='word_1_44' title='bbox 598 597 640 636; x_wconf 92' lang='lat' dir='ltr'>in</span> <span class='ocrx_word' id='word_1_45' title='bbox 662 596 786 649; x_wconf 82' lang='lat' dir='ltr'>lege4</span> <span class='ocrx_word' id='word_1_46' title='bbox 808 596 1040 637; x_wconf 86' lang='lat' dir='ltr'>duodecim</span> <span class='ocrx_word' id='word_1_47' title='bbox 1065 597 1313 637; x_wconf 84' lang='lat' dir='ltr'>tabularum</span> <span class='ocrx_word' id='word_1_48' title='bbox 1336 597 1555 649; x_wconf 80' lang='lat' dir='ltr'>significat</span> <span class='ocrx_word' id='word_1_49' title='bbox 1575 608 1719 649; x_wconf 78' lang='lat' dir='ltr'>quaes-</span> 
     </span>
     <span class='ocr_line' id='line_1_11' title="bbox 326 663 1718 705; baseline 0 -2"><span class='ocrx_word' id='word_1_50' title='bbox 326 665 494 704; x_wconf 88' lang='lat' dir='ltr'>tionem</span> <span class='ocrx_word' id='word_1_51' title='bbox 524 677 623 704; x_wconf 89' lang='lat' dir='ltr'>cum</span> <span class='ocrx_word' id='word_1_52' title='bbox 646 664 849 705; x_wconf 88' lang='lat' dir='ltr'>convicio</span> <span class='ocrx_word' id='word_1_53' title='bbox 868 678 878 705; x_wconf 77' lang='lat' dir='ltr'><em>z</em></span> <span class='ocrx_word' id='word_1_54' title='bbox 909 664 994 705; x_wconf 91' lang='lat' dir='ltr'>Cui</span> <span class='ocrx_word' id='word_1_55' title='bbox 1014 664 1308 705; x_wconf 85' lang='lat' dir='ltr'>testimonium</span> <span class='ocrx_word' id='word_1_56' title='bbox 1331 663 1540 704; x_wconf 84' lang='lat' dir='ltr'>defuerit⁵</span> <span class='ocrx_word' id='word_1_57' title='bbox 1577 664 1616 703; x_wconf 93' lang='lat' dir='ltr'>is</span> <span class='ocrx_word' id='word_1_58' title='bbox 1639 667 1718 703; x_wconf 85' lang='lat' dir='ltr'>ter·</span> 
     </span>
     <span class='ocr_line' id='line_1_12' title="bbox 328 729 1346 784; baseline 0 -14"><span class='ocrx_word' id='word_1_59' title='bbox 328 729 430 770; x_wconf 84' lang='lat' dir='ltr'>tiis6</span> <span class='ocrx_word' id='word_1_60' title='bbox 462 730 617 771; x_wconf 90' lang='lat' dir='ltr'>diebus</span> <span class='ocrx_word' id='word_1_61' title='bbox 639 731 694 771; x_wconf 93' lang='lat' dir='ltr'>ob</span> <span class='ocrx_word' id='word_1_62' title='bbox 711 737 887 784; x_wconf 88' lang='lat' dir='ltr'>portum</span> <span class='ocrx_word' id='word_1_63' title='bbox 905 732 1214 782; x_wconf 81' lang='lat' dir='ltr'>obvagulatum</span> <span class='ocrx_word' id='word_1_64' title='bbox 1232 736 1246 761; x_wconf 90' lang='lat'>⁷</span> <span class='ocrx_word' id='word_1_65' title='bbox 1268 732 1346 771; x_wconf 89' lang='lat' dir='ltr'>ito.</span> 
     </span>
    </p>
   </div>
   <div class='ocr_carea' id='block_1_7' title="bbox 269 794 467 850">
    <p class='ocr_par' dir='ltr' id='par_1_8' title="bbox 269 794 467 850">
     <span class='ocr_line' id='line_1_13' title="bbox 269 794 467 850; baseline 0 -13"><span class='ocrx_word' id='word_1_66' title='bbox 269 796 440 850; x_wconf 83' lang='lat' dir='ltr'>Valgos</span> <span class='ocrx_word' id='word_1_67' title='bbox 454 794 467 818; x_wconf 81' lang='lat' dir='ltr'>f</span> 
     </span>
    </p>
   </div>
   <div class='ocr_carea' id='block_1_8' title="bbox 509 796 1718 857">
    <p class='ocr_par' dir='ltr' id='par_1_9' title="bbox 509 796 1718 857">
     <span class='ocr_line' id='line_1_14' title="bbox 509 796 1718 857; baseline -0.002 -19"><span class='ocrx_word' id='word_1_68' title='bbox 509 798 686 851; x_wconf 89' lang='lat' dir='ltr'>Opilius</span> <span class='ocrx_word' id='word_1_69' title='bbox 721 798 930 840; x_wconf 82' lang='lat' dir='ltr'>Aurelius</span> <span class='ocrx_word' id='word_1_70' title='bbox 975 799 1138 857; x_wconf 85' lang='lat' dir='ltr'>aliique</span> <span class='ocrx_word' id='word_1_71' title='bbox 1171 799 1420 852; x_wconf 83' lang='lat' dir='ltr'>complures</span> <span class='ocrx_word' id='word_1_72' title='bbox 1458 797 1583 838; x_wconf 85' lang='lat' dir='ltr'>aiunt</span> <span class='ocrx_word' id='word_1_73' title='bbox 1618 796 1718 845; x_wconf 87' lang='lat' dir='ltr'>dici,</span> 
     </span>
    </p>
   </div>
   <div class='ocr_carea' id='block_1_9' title="bbox 872 949 1117 962">
    <p class='ocr_par' dir='ltr' id='par_1_10' title="bbox 872 949 1117 962">
     <span class='ocr_line' id='line_1_15' title="bbox 872 949 1117 962; baseline -0.004 0"><span class='ocrx_word' id='word_1_74' title='bbox 872 949 1117 962; x_wconf 55' lang='lat' dir='ltr'>“meoet-‘tet</span> 
     </span>
    </p>
   </div>
   <div class='ocr_carea' id='block_1_10' title="bbox 313 1045 1722 1090">
    <p class='ocr_par' dir='ltr' id='par_1_11' title="bbox 313 1045 1722 1090">
     <span class='ocr_line' id='line_1_16' title="bbox 313 1045 1722 1090; baseline -0.003 -10"><span class='ocrx_word' id='word_1_75' title='bbox 313 1052 333 1080; x_wconf 74' lang='lat'><strong>2</strong></span> <span class='ocrx_word' id='word_1_76' title='bbox 358 1048 409 1079; x_wconf 89' lang='lat' dir='ltr'>Id.</span> <span class='ocrx_word' id='word_1_77' title='bbox 426 1048 674 1079; x_wconf 80' lang='lat' dir='ltr'>cuiclamas.—3</span> <span class='ocrx_word' id='word_1_78' title='bbox 702 1048 753 1079; x_wconf 87' lang='lat' dir='ltr'>ld.</span> <span class='ocrx_word' id='word_1_79' title='bbox 774 1049 1030 1090; x_wconf 72' lang='lat' dir='ltr'>Valgulatio.—4</span> <span class='ocrx_word' id='word_1_80' title='bbox 1055 1050 1106 1082; x_wconf 87' lang='lat' dir='ltr'>Id.</span> <span class='ocrx_word' id='word_1_81' title='bbox 1124 1051 1157 1081; x_wconf 74' lang='lat' dir='ltr'>in</span> <span class='ocrx_word' id='word_1_82' title='bbox 1182 1051 1334 1081; x_wconf 61' lang='lat' dir='ltr'>libra—5</span> <span class='ocrx_word' id='word_1_83' title='bbox 1353 1050 1406 1082; x_wconf 91' lang='lat' dir='ltr'>Id.</span> <span class='ocrx_word' id='word_1_84' title='bbox 1423 1048 1653 1088; x_wconf 49' lang='lat' dir='ltr'>adaman—6</span> <span class='ocrx_word' id='word_1_85' title='bbox 1669 1045 1722 1077; x_wconf 84' lang='lat' dir='ltr'>Id.</span> 
     </span>
    </p>
   </div>
   <div class='ocr_carea' id='block_1_11' title="bbox 271 1091 781 1131">
    <p class='ocr_par' dir='ltr' id='par_1_12' title="bbox 271 1091 781 1131">
     <span class='ocr_line' id='line_1_17' title="bbox 271 1091 781 1131; baseline -0.002 -7"><span class='ocrx_word' id='word_1_86' title='bbox 271 1092 436 1124; x_wconf 54' lang='lat' dir='ltr'>certia—7</span> <span class='ocrx_word' id='word_1_87' title='bbox 463 1091 500 1122; x_wconf 83' lang='lat' dir='ltr'>ld</span> <span class='ocrx_word' id='word_1_88' title='bbox 507 1114 514 1122; x_wconf 86' lang='lat'>.</span> <span class='ocrx_word' id='word_1_89' title='bbox 542 1091 781 1131; x_wconf 62' lang='lat' dir='ltr'>obt-algulatum.</span> 
     </span>
    </p>
   </div>
   <div class='ocr_carea' id='block_1_12' title="bbox 923 1179 1061 1211">
    <p class='ocr_par' dir='ltr' id='par_1_13' title="bbox 923 1179 1061 1211">
     <span class='ocr_line' id='line_1_18' title="bbox 923 1179 1061 1211; baseline -0.007 0"><span class='ocrx_word' id='word_1_90' title='bbox 923 1179 1061 1211; x_wconf 80' lang='lat' dir='ltr'>NOTAE</span> 
     </span>
    </p>
   </div>
   <div class='ocr_carea' id='block_1_13' title="bbox 271 1241 977 2734">
    <p class='ocr_par' dir='ltr' id='par_1_14' title="bbox 271 1241 969 1282">
     <span class='ocr_line' id='line_1_19' title="bbox 271 1241 969 1282; baseline 0.003 -10"><span class='ocrx_word' id='word_1_91' title='bbox 271 1241 375 1272; x_wconf 85' lang='lat' dir='ltr'>verba</span> <span class='ocrx_word' id='word_1_92' title='bbox 388 1241 516 1281; x_wconf 89' lang='lat' dir='ltr'>optime</span> <span class='ocrx_word' id='word_1_93' title='bbox 531 1242 680 1273; x_wconf 79' lang='lat' dir='ltr'>correxit</span> <span class='ocrx_word' id='word_1_94' title='bbox 694 1242 856 1282; x_wconf 78' lang='lat' dir='ltr'>Scaliger.</span> <span class='ocrx_word' id='word_1_95' title='bbox 872 1243 969 1274; x_wconf 81' lang='lat' dir='ltr'>Idem.</span> 
     </span>
    </p>

    <p class='ocr_par' dir='ltr' id='par_1_15' title="bbox 271 1292 971 1632">
     <span class='ocr_line' id='line_1_20' title="bbox 314 1292 969 1332; baseline 0.003 -11"><span class='ocrx_word' id='word_1_96' title='bbox 314 1297 326 1312; x_wconf 82' lang='lat' dir='ltr'>c</span> <span class='ocrx_word' id='word_1_97' title='bbox 356 1292 483 1332; x_wconf 77' lang='lat' dir='ltr'>Vudem]</span> <span class='ocrx_word' id='word_1_98' title='bbox 513 1292 586 1329; x_wconf 78' lang='lat' dir='ltr'>Vas,</span> <span class='ocrx_word' id='word_1_99' title='bbox 603 1302 742 1332; x_wconf 81' lang='lat' dir='ltr'>sponsor</span> <span class='ocrx_word' id='word_1_100' title='bbox 759 1299 832 1323; x_wconf 85' lang='lat' dir='ltr'>erat</span> <span class='ocrx_word' id='word_1_101' title='bbox 848 1294 969 1323; x_wconf 84' lang='lat' dir='ltr'>sisten-</span> 
     </span>
     <span class='ocr_line' id='line_1_21' title="bbox 272 1341 969 1383; baseline 0.003 -11"><span class='ocrx_word' id='word_1_102' title='bbox 272 1341 304 1372; x_wconf 88' lang='lat' dir='ltr'>di</span> <span class='ocrx_word' id='word_1_103' title='bbox 322 1343 464 1382; x_wconf 79' lang='lat' dir='ltr'>aliquem</span> <span class='ocrx_word' id='word_1_104' title='bbox 484 1341 615 1381; x_wconf 84' lang='lat' dir='ltr'>judicio</span> <span class='ocrx_word' id='word_1_105' title='bbox 632 1343 701 1373; x_wconf 92' lang='lat' dir='ltr'>sive</span> <span class='ocrx_word' id='word_1_106' title='bbox 728 1344 876 1383; x_wconf 77' lang='lat' dir='ltr'>publico,</span> <span class='ocrx_word' id='word_1_107' title='bbox 899 1346 969 1374; x_wconf 73' lang='lat' dir='ltr'>sive</span> 
     </span>
     <span class='ocr_line' id='line_1_22' title="bbox 271 1392 971 1433; baseline 0.003 -12"><span class='ocrx_word' id='word_1_108' title='bbox 271 1393 415 1432; x_wconf 77' lang='lat' dir='ltr'>privato.</span> <span class='ocrx_word' id='word_1_109' title='bbox 462 1392 505 1423; x_wconf 89' lang='lat' dir='ltr'>Et</span> <span class='ocrx_word' id='word_1_110' title='bbox 527 1392 662 1433; x_wconf 81' lang='lat' dir='ltr'>proprie</span> <span class='ocrx_word' id='word_1_111' title='bbox 684 1398 756 1424; x_wconf 88' lang='lat' dir='ltr'>erat</span> <span class='ocrx_word' id='word_1_112' title='bbox 774 1393 807 1423; x_wconf 88' lang='lat' dir='ltr'>in</span> <span class='ocrx_word' id='word_1_113' title='bbox 824 1402 861 1423; x_wconf 90' lang='lat' dir='ltr'>re</span> <span class='ocrx_word' id='word_1_114' title='bbox 879 1393 971 1433; x_wconf 83' lang='lat' dir='ltr'>capi-</span> 
     </span>
     <span class='ocr_line' id='line_1_23' title="bbox 273 1442 971 1483; baseline 0 -11"><span class='ocrx_word' id='word_1_115' title='bbox 273 1443 346 1482; x_wconf 81' lang='lat' dir='ltr'>tali,</span> <span class='ocrx_word' id='word_1_116' title='bbox 362 1448 397 1472; x_wconf 91' lang='lat' dir='ltr'>ut</span> <span class='ocrx_word' id='word_1_117' title='bbox 414 1442 446 1472; x_wconf 91' lang='lat' dir='ltr'>in</span> <span class='ocrx_word' id='word_1_118' title='bbox 465 1451 498 1472; x_wconf 90' lang='lat' dir='ltr'>re</span> <span class='ocrx_word' id='word_1_119' title='bbox 516 1443 702 1473; x_wconf 86' lang='lat' dir='ltr'>nummaria</span> <span class='ocrx_word' id='word_1_120' title='bbox 716 1453 810 1483; x_wconf 80' lang='lat' dir='ltr'>proes.</span> <span class='ocrx_word' id='word_1_121' title='bbox 847 1443 971 1474; x_wconf 78' lang='lat' dir='ltr'>Anson.</span> 
     </span>
     <span class='ocr_line' id='line_1_24' title="bbox 273 1492 970 1533; baseline -0.001 -9"><span class='ocrx_word' id='word_1_122' title='bbox 273 1493 282 1508; x_wconf 92' lang='lat'>‘</span> <span class='ocrx_word' id='word_1_123' title='bbox 303 1492 386 1524; x_wconf 81' lang='lat' dir='ltr'>Quis</span> <span class='ocrx_word' id='word_1_124' title='bbox 404 1492 495 1523; x_wconf 84' lang='lat' dir='ltr'>subit</span> <span class='ocrx_word' id='word_1_125' title='bbox 513 1493 546 1522; x_wconf 90' lang='lat' dir='ltr'>in</span> <span class='ocrx_word' id='word_1_126' title='bbox 573 1502 702 1532; x_wconf 85' lang='lat' dir='ltr'>poenam</span> <span class='ocrx_word' id='word_1_127' title='bbox 721 1494 860 1533; x_wconf 85' lang='lat' dir='ltr'>capitali</span> <span class='ocrx_word' id='word_1_128' title='bbox 877 1493 970 1533; x_wconf 88' lang='lat' dir='ltr'>judi-</span> 
     </span>
     <span class='ocr_line' id='line_1_25' title="bbox 272 1542 971 1574; baseline 0.001 -2"><span class='ocrx_word' id='word_1_129' title='bbox 272 1542 346 1572; x_wconf 84' lang='lat' dir='ltr'>cio?</span> <span class='ocrx_word' id='word_1_130' title='bbox 370 1552 440 1572; x_wconf 85' lang='lat' dir='ltr'>vas.</span> <span class='ocrx_word' id='word_1_131' title='bbox 486 1542 575 1574; x_wconf 79' lang='lat' dir='ltr'>Quid</span> <span class='ocrx_word' id='word_1_132' title='bbox 591 1542 618 1572; x_wconf 85' lang='lat' dir='ltr'>si</span> <span class='ocrx_word' id='word_1_133' title='bbox 637 1543 676 1573; x_wconf 88' lang='lat' dir='ltr'>lis</span> <span class='ocrx_word' id='word_1_134' title='bbox 695 1542 800 1573; x_wconf 87' lang='lat' dir='ltr'>fuerit</span> <span class='ocrx_word' id='word_1_135' title='bbox 823 1552 971 1573; x_wconf 87' lang='lat' dir='ltr'>numma-</span> 
     </span>
     <span class='ocr_line' id='line_1_26' title="bbox 273 1591 863 1632; baseline 0.003 -10"><span class='ocrx_word' id='word_1_136' title='bbox 273 1592 334 1626; x_wconf 85' lang='lat' dir='ltr'>ria,</span> <span class='ocrx_word' id='word_1_137' title='bbox 353 1592 425 1632; x_wconf 87' lang='lat' dir='ltr'>quis</span> <span class='ocrx_word' id='word_1_138' title='bbox 443 1591 603 1622; x_wconf 86' lang='lat' dir='ltr'>dabitur?</span> <span class='ocrx_word' id='word_1_139' title='bbox 628 1591 739 1632; x_wconf 57' lang='lat' dir='ltr'>pra‘sff</span> <span class='ocrx_word' id='word_1_140' title='bbox 766 1593 863 1625; x_wconf 78' lang='lat' dir='ltr'>Idem.</span> 
     </span>
    </p>

    <p class='ocr_par' dir='ltr' id='par_1_16' title="bbox 273 1642 974 2082">
     <span class='ocr_line' id='line_1_27' title="bbox 315 1642 971 1683; baseline 0.003 -10"><span class='ocrx_word' id='word_1_141' title='bbox 315 1642 329 1662; x_wconf 71' lang='lat'>‘¹</span> <span class='ocrx_word' id='word_1_142' title='bbox 360 1642 527 1682; x_wconf 77' lang='lat' dir='ltr'>Vagorem]</span> <span class='ocrx_word' id='word_1_143' title='bbox 552 1643 705 1673; x_wconf 88' lang='lat' dir='ltr'>Nonius:</span> <span class='ocrx_word' id='word_1_144' title='bbox 730 1645 739 1660; x_wconf 90' lang='lat'>‘</span> <span class='ocrx_word' id='word_1_145' title='bbox 764 1645 882 1683; x_wconf 85' lang='lat' dir='ltr'>Vagor</span> <span class='ocrx_word' id='word_1_146' title='bbox 903 1644 971 1675; x_wconf 89' lang='lat' dir='ltr'>dic-</span> 
     </span>
     <span class='ocr_line' id='line_1_28' title="bbox 273 1693 973 1732; baseline 0.004 -10"><span class='ocrx_word' id='word_1_147' title='bbox 273 1697 342 1723; x_wconf 85' lang='lat' dir='ltr'>tum</span> <span class='ocrx_word' id='word_1_148' title='bbox 371 1703 431 1732; x_wconf 92' lang='lat' dir='ltr'>pro</span> <span class='ocrx_word' id='word_1_149' title='bbox 457 1693 603 1732; x_wconf 82' lang='lat' dir='ltr'>vagitus.</span> <span class='ocrx_word' id='word_1_150' title='bbox 650 1693 829 1725; x_wconf 83' lang='lat' dir='ltr'>Lucretius</span> <span class='ocrx_word' id='word_1_151' title='bbox 858 1694 916 1725; x_wconf 86' lang='lat' dir='ltr'>lib.</span> <span class='ocrx_word' id='word_1_152' title='bbox 935 1704 973 1726; x_wconf 84' lang='grc'>11.</span> 
     </span>
     <span class='ocr_line' id='line_1_29' title="bbox 275 1743 973 1782; baseline 0.003 -9"><span class='ocrx_word' id='word_1_153' title='bbox 275 1743 318 1773; x_wconf 85' lang='grc' dir='ltr'>Εῑ</span> <span class='ocrx_word' id='word_1_154' title='bbox 335 1749 540 1782; x_wconf 75' lang='lat' dir='ltr'>superantur</span> <span class='ocrx_word' id='word_1_155' title='bbox 558 1743 658 1773; x_wconf 89' lang='lat' dir='ltr'>item:</span> <span class='ocrx_word' id='word_1_156' title='bbox 678 1744 839 1775; x_wconf 76' lang='lat' dir='ltr'>miscetur</span> <span class='ocrx_word' id='word_1_157' title='bbox 854 1744 973 1775; x_wconf 84' lang='lat' dir='ltr'>funere</span> 
     </span>
     <span class='ocr_line' id='line_1_30' title="bbox 274 1793 973 1832; baseline 0.006 -10"><span class='ocrx_word' id='word_1_158' title='bbox 274 1793 400 1832; x_wconf 64' lang='lat' dir='ltr'>vagor!</span> <span class='ocrx_word' id='word_1_159' title='bbox 447 1794 555 1824; x_wconf 66' lang='lat' dir='ltr'>Locus</span> <span class='ocrx_word' id='word_1_160' title='bbox 575 1794 672 1824; x_wconf 85' lang='lat' dir='ltr'>Ennii</span> <span class='ocrx_word' id='word_1_161' title='bbox 695 1795 754 1826; x_wconf 82' lang='lat' dir='ltr'>lii).</span> <span class='ocrx_word' id='word_1_162' title='bbox 774 1804 843 1826; x_wconf 81' lang='lat' dir='ltr'>xvr.</span> <span class='ocrx_word' id='word_1_163' title='bbox 863 1796 973 1827; x_wconf 86' lang='lat' dir='ltr'>annal.</span> 
     </span>
     <span class='ocr_line' id='line_1_31' title="bbox 276 1843 972 1883; baseline 0.006 -11"><span class='ocrx_word' id='word_1_164' title='bbox 276 1843 340 1878; x_wconf 77' lang='lat' dir='ltr'>Qui</span> <span class='ocrx_word' id='word_1_165' title='bbox 356 1844 468 1873; x_wconf 73' lang='lat' dir='ltr'>clamos</span> <span class='ocrx_word' id='word_1_166' title='bbox 482 1845 692 1883; x_wconf 74' lang='lat' dir='ltr'>oppugnantis</span> <span class='ocrx_word' id='word_1_167' title='bbox 708 1855 820 1883; x_wconf 75' lang='lat' dir='ltr'>vag-ore</span> <span class='ocrx_word' id='word_1_168' title='bbox 844 1846 972 1876; x_wconf 70' lang='lat' dir='ltr'>volanti.</span> 
     </span>
     <span class='ocr_line' id='line_1_32' title="bbox 275 1893 972 1935; baseline 0.004 -13"><span class='ocrx_word' id='word_1_169' title='bbox 275 1893 339 1922; x_wconf 88' lang='lat' dir='ltr'>Ubi</span> <span class='ocrx_word' id='word_1_170' title='bbox 364 1893 526 1933; x_wconf 85' lang='lat' dir='ltr'>Ligurum</span> <span class='ocrx_word' id='word_1_171' title='bbox 545 1903 646 1934; x_wconf 83' lang='lat' dir='ltr'>vagor</span> <span class='ocrx_word' id='word_1_172' title='bbox 671 1894 890 1934; x_wconf 78' lang='lat' dir='ltr'>describitur,</span> <span class='ocrx_word' id='word_1_173' title='bbox 916 1896 972 1935; x_wconf 86' lang='lat' dir='ltr'>qui</span> 
     </span>
     <span class='ocr_line' id='line_1_33' title="bbox 273 1943 973 1983; baseline 0.004 -11"><span class='ocrx_word' id='word_1_174' title='bbox 273 1943 441 1973; x_wconf 78' lang='lat' dir='ltr'>AEmilium</span> <span class='ocrx_word' id='word_1_175' title='bbox 459 1949 710 1983; x_wconf 82' lang='lat' dir='ltr'>oppugnantes,</span> <span class='ocrx_word' id='word_1_176' title='bbox 734 1948 770 1975; x_wconf 90' lang='lat' dir='ltr'>et</span> <span class='ocrx_word' id='word_1_177' title='bbox 795 1944 837 1974; x_wconf 92' lang='lat' dir='ltr'>ab</span> <span class='ocrx_word' id='word_1_178' title='bbox 855 1954 894 1975; x_wconf 91' lang='lat' dir='ltr'>eo</span> <span class='ocrx_word' id='word_1_179' title='bbox 910 1954 973 1975; x_wconf 90' lang='lat' dir='ltr'>nec</span> 
     </span>
     <span class='ocr_line' id='line_1_34' title="bbox 273 1992 974 2032; baseline 0.003 -10"><span class='ocrx_word' id='word_1_180' title='bbox 273 1992 452 2032; x_wconf 85' lang='lat' dir='ltr'>opinantes</span> <span class='ocrx_word' id='word_1_181' title='bbox 478 1992 637 2032; x_wconf 87' lang='lat' dir='ltr'>impetiti,</span> <span class='ocrx_word' id='word_1_182' title='bbox 661 1994 797 2024; x_wconf 79' lang='lat' dir='ltr'>sublato</span> <span class='ocrx_word' id='word_1_183' title='bbox 827 1994 974 2025; x_wconf 73' lang='lat' dir='ltr'>clamore</span> 
     </span>
     <span class='ocr_line' id='line_1_35' title="bbox 274 2041 847 2082; baseline 0.005 -11"><span class='ocrx_word' id='word_1_184' title='bbox 274 2041 308 2071; x_wconf 88' lang='lat' dir='ltr'>iu</span> <span class='ocrx_word' id='word_1_185' title='bbox 325 2046 435 2072; x_wconf 79' lang='lat' dir='ltr'>castra</span> <span class='ocrx_word' id='word_1_186' title='bbox 451 2043 616 2082; x_wconf 87' lang='lat' dir='ltr'>compulsi</span> <span class='ocrx_word' id='word_1_187' title='bbox 635 2048 724 2074; x_wconf 89' lang='lat' dir='ltr'>sunt.</span> <span class='ocrx_word' id='word_1_188' title='bbox 749 2044 847 2074; x_wconf 81' lang='lat' dir='ltr'>Idem.</span> 
     </span>
    </p>

    <p class='ocr_par' dir='ltr' id='par_1_17' title="bbox 276 2091 977 2481">
     <span class='ocr_line' id='line_1_36' title="bbox 317 2091 974 2131; baseline 0.006 -11"><span class='ocrx_word' id='word_1_189' title='bbox 317 2095 331 2110; x_wconf 77' lang='lat' dir='ltr'>e</span> <span class='ocrx_word' id='word_1_190' title='bbox 360 2091 540 2131; x_wconf 70' lang='lat' dir='ltr'>Vugulatio]</span> <span class='ocrx_word' id='word_1_191' title='bbox 566 2092 615 2122; x_wconf 85' lang='lat' dir='ltr'>Ex</span> <span class='ocrx_word' id='word_1_192' title='bbox 634 2092 736 2122; x_wconf 87' lang='lat' dir='ltr'>verbo</span> <span class='ocrx_word' id='word_1_193' title='bbox 752 2093 884 2124; x_wconf 70' lang='lat' dir='ltr'>Portam</span> <span class='ocrx_word' id='word_1_194' title='bbox 902 2103 974 2124; x_wconf 85' lang='lat' dir='ltr'>ver—</span> 
     </span>
     <span class='ocr_line' id='line_1_37' title="bbox 276 2139 974 2184; baseline 0.006 -14"><span class='ocrx_word' id='word_1_195' title='bbox 276 2139 318 2170; x_wconf 88' lang='lat' dir='ltr'>ba</span> <span class='ocrx_word' id='word_1_196' title='bbox 336 2142 386 2170; x_wconf 85' lang='lat'>12.</span> <span class='ocrx_word' id='word_1_197' title='bbox 405 2140 476 2171; x_wconf 84' lang='lat' dir='ltr'>tab.</span> <span class='ocrx_word' id='word_1_198' title='bbox 494 2141 675 2172; x_wconf 86' lang='lat' dir='ltr'>emendata</span> <span class='ocrx_word' id='word_1_199' title='bbox 686 2147 781 2173; x_wconf 85' lang='lat' dir='ltr'>sunt:</span> <span class='ocrx_word' id='word_1_200' title='bbox 807 2143 974 2184; x_wconf 88' lang='lat' dir='ltr'>iuterpre-</span> 
     </span>
     <span class='ocr_line' id='line_1_38' title="bbox 277 2190 974 2232; baseline 0.006 -12"><span class='ocrx_word' id='word_1_201' title='bbox 277 2191 362 2221; x_wconf 84' lang='lat' dir='ltr'>tatio</span> <span class='ocrx_word' id='word_1_202' title='bbox 380 2190 472 2221; x_wconf 86' lang='lat' dir='ltr'>Festi</span> <span class='ocrx_word' id='word_1_203' title='bbox 490 2190 569 2221; x_wconf 91' lang='lat' dir='ltr'>mihi</span> <span class='ocrx_word' id='word_1_204' title='bbox 588 2201 654 2222; x_wconf 90' lang='lat' dir='ltr'>non</span> <span class='ocrx_word' id='word_1_205' title='bbox 676 2192 802 2232; x_wconf 81' lang='lat' dir='ltr'>placet.</span> <span class='ocrx_word' id='word_1_206' title='bbox 848 2193 974 2224; x_wconf 87' lang='lat' dir='ltr'>Crede—</span> 
     </span>
     <span class='ocr_line' id='line_1_39' title="bbox 277 2239 975 2282; baseline 0.007 -13"><span class='ocrx_word' id='word_1_207' title='bbox 277 2250 348 2270; x_wconf 91' lang='lat' dir='ltr'>rem</span> <span class='ocrx_word' id='word_1_208' title='bbox 366 2239 556 2280; x_wconf 79' lang='lat' dir='ltr'>significare</span> <span class='ocrx_word' id='word_1_209' title='bbox 581 2242 621 2272; x_wconf 87' lang='lat' dir='ltr'>ad</span> <span class='ocrx_word' id='word_1_210' title='bbox 646 2242 864 2282; x_wconf 77' lang='lat' dir='ltr'>quaerendum</span> <span class='ocrx_word' id='word_1_211' title='bbox 882 2244 975 2274; x_wconf 85' lang='lat' dir='ltr'>testi-</span> 
     </span>
     <span class='ocr_line' id='line_1_40' title="bbox 276 2291 974 2325; baseline 0.006 -5"><span class='ocrx_word' id='word_1_212' title='bbox 276 2291 424 2321; x_wconf 86' lang='lat' dir='ltr'>mouium</span> <span class='ocrx_word' id='word_1_213' title='bbox 442 2291 544 2322; x_wconf 85' lang='lat' dir='ltr'>licere</span> <span class='ocrx_word' id='word_1_214' title='bbox 560 2292 662 2323; x_wconf 82' lang='lat' dir='ltr'>tertio</span> <span class='ocrx_word' id='word_1_215' title='bbox 676 2292 731 2323; x_wconf 86' lang='lat' dir='ltr'>die</span> <span class='ocrx_word' id='word_1_216' title='bbox 748 2298 826 2324; x_wconf 86' lang='lat' dir='ltr'>aute</span> <span class='ocrx_word' id='word_1_217' title='bbox 840 2294 974 2325; x_wconf 87' lang='lat' dir='ltr'>domum</span> 
     </span>
     <span class='ocr_line' id='line_1_41' title="bbox 277 2341 977 2381; baseline 0.006 -10"><span class='ocrx_word' id='word_1_218' title='bbox 277 2341 450 2380; x_wconf 81' lang='lat' dir='ltr'>paulisper</span> <span class='ocrx_word' id='word_1_219' title='bbox 468 2341 602 2381; x_wconf 83' lang='lat' dir='ltr'>vagari:</span> <span class='ocrx_word' id='word_1_220' title='bbox 629 2342 687 2372; x_wconf 83' lang='lat' dir='ltr'>sed</span> <span class='ocrx_word' id='word_1_221' title='bbox 705 2352 770 2373; x_wconf 92' lang='lat' dir='ltr'>non</span> <span class='ocrx_word' id='word_1_222' title='bbox 795 2343 894 2374; x_wconf 80' lang='lat' dir='ltr'>facile</span> <span class='ocrx_word' id='word_1_223' title='bbox 920 2354 977 2375; x_wconf 86' lang='lat' dir='ltr'>an-</span> 
     </span>
     <span class='ocr_line' id='line_1_42' title="bbox 278 2391 976 2434; baseline 0.007 -14"><span class='ocrx_word' id='word_1_224' title='bbox 278 2391 446 2431; x_wconf 86' lang='lat' dir='ltr'>tiquorum</span> <span class='ocrx_word' id='word_1_225' title='bbox 473 2391 776 2431; x_wconf 83' lang='lat' dir='ltr'>interpretationes</span> <span class='ocrx_word' id='word_1_226' title='bbox 793 2399 870 2424; x_wconf 87' lang='lat' dir='ltr'>sunt</span> <span class='ocrx_word' id='word_1_227' title='bbox 896 2394 976 2434; x_wconf 80' lang='lat' dir='ltr'>reji-</span> 
     </span>
     <span class='ocr_line' id='line_1_43' title="bbox 277 2441 624 2481; baseline 0.006 -9"><span class='ocrx_word' id='word_1_228' title='bbox 277 2441 421 2473; x_wconf 82' lang='lat' dir='ltr'>cieudae.</span> <span class='ocrx_word' id='word_1_229' title='bbox 444 2442 523 2473; x_wconf 78' lang='lat' dir='ltr'>Ant.</span> <span class='ocrx_word' id='word_1_230' title='bbox 541 2444 624 2481; x_wconf 76' lang='lat' dir='ltr'>Aug.</span> 
     </span>
    </p>

    <p class='ocr_par' dir='ltr' id='par_1_18' title="bbox 277 2491 976 2582">
     <span class='ocr_line' id='line_1_44' title="bbox 326 2491 976 2534; baseline 0.005 -12"><span class='ocrx_word' id='word_1_231' title='bbox 326 2492 506 2531; x_wconf 77' lang='lat' dir='ltr'>Vngulatio]</span> <span class='ocrx_word' id='word_1_232' title='bbox 530 2494 539 2509; x_wconf 90' lang='lat'>‘</span> <span class='ocrx_word' id='word_1_233' title='bbox 556 2491 679 2533; x_wconf 74' lang='lat' dir='ltr'>pipio,’</span> <span class='ocrx_word' id='word_1_234' title='bbox 695 2499 703 2512; x_wconf 92' lang='lat'><em>‘</em></span> <span class='ocrx_word' id='word_1_235' title='bbox 718 2493 862 2534; x_wconf 87' lang='lat' dir='ltr'>Pipilo:’</span> <span class='ocrx_word' id='word_1_236' title='bbox 885 2500 892 2512; x_wconf 90' lang='lat'><em>‘</em></span> <span class='ocrx_word' id='word_1_237' title='bbox 910 2495 976 2526; x_wconf 84' lang='lat' dir='ltr'>Va-</span> 
     </span>
     <span class='ocr_line' id='line_1_45' title="bbox 277 2541 733 2582; baseline 0.007 -10"><span class='ocrx_word' id='word_1_238' title='bbox 277 2541 357 2582; x_wconf 81' lang='lat' dir='ltr'>gio,&#39;</span> <span class='ocrx_word' id='word_1_239' title='bbox 372 2544 380 2558; x_wconf 92' lang='lat'>‘</span> <span class='ocrx_word' id='word_1_240' title='bbox 397 2542 539 2582; x_wconf 64' lang='lat' dir='ltr'>Vagilo!</span> <span class='ocrx_word' id='word_1_241' title='bbox 561 2543 632 2574; x_wconf 80' lang='lat' dir='ltr'>Jos.</span> <span class='ocrx_word' id='word_1_242' title='bbox 650 2544 733 2576; x_wconf 76' lang='lat' dir='ltr'>Scal.</span> 
     </span>
    </p>

    <p class='ocr_par' dir='ltr' id='par_1_19' title="bbox 279 2592 977 2734">
     <span class='ocr_line' id='line_1_46' title="bbox 327 2592 977 2635; baseline 0.006 -13"><span class='ocrx_word' id='word_1_243' title='bbox 327 2592 510 2632; x_wconf 66' lang='lat' dir='ltr'>vag-uzano]</span> <span class='ocrx_word' id='word_1_244' title='bbox 535 2593 582 2624; x_wconf 92' lang='lat' dir='ltr'>Ut</span> <span class='ocrx_word' id='word_1_245' title='bbox 608 2602 627 2623; x_wconf 90' lang='lat' dir='ltr'>a</span> <span class='ocrx_word' id='word_1_246' title='bbox 650 2593 658 2609; x_wconf 88' lang='lat'>‘</span> <span class='ocrx_word' id='word_1_247' title='bbox 677 2593 795 2634; x_wconf 90' lang='lat' dir='ltr'>pipio,&#39;</span> <span class='ocrx_word' id='word_1_248' title='bbox 823 2594 832 2610; x_wconf 92' lang='lat'>‘</span> <span class='ocrx_word' id='word_1_249' title='bbox 851 2595 977 2635; x_wconf 87' lang='lat' dir='ltr'>pipilo,’</span> 
     </span>
     <span class='ocr_line' id='line_1_47' title="bbox 279 2642 976 2684; baseline 0.006 -13"><span class='ocrx_word' id='word_1_250' title='bbox 279 2642 324 2672; x_wconf 88' lang='lat' dir='ltr'>sic</span> <span class='ocrx_word' id='word_1_251' title='bbox 342 2652 360 2672; x_wconf 91' lang='lat' dir='ltr'>a</span> <span class='ocrx_word' id='word_1_252' title='bbox 385 2643 394 2659; x_wconf 90' lang='lat'>‘</span> <span class='ocrx_word' id='word_1_253' title='bbox 415 2642 534 2683; x_wconf 86' lang='lat' dir='ltr'>vagio,&#39;</span> <span class='ocrx_word' id='word_1_254' title='bbox 563 2643 571 2659; x_wconf 84' lang='lat'>‘</span> <span class='ocrx_word' id='word_1_255' title='bbox 586 2643 718 2683; x_wconf 82' lang='lat' dir='ltr'>vagilo‚&#39;</span> <span class='ocrx_word' id='word_1_256' title='bbox 736 2654 794 2674; x_wconf 77' lang='lat' dir='ltr'>seu</span> <span class='ocrx_word' id='word_1_257' title='bbox 813 2649 820 2661; x_wconf 89' lang='lat'><em>‘</em></span> <span class='ocrx_word' id='word_1_258' title='bbox 835 2645 976 2684; x_wconf 82' lang='lat' dir='ltr'>vagulo.&#39;</span> 
     </span>
     <span class='ocr_line' id='line_1_48' title="bbox 281 2692 971 2734; baseline 0.006 -13"><span class='ocrx_word' id='word_1_259' title='bbox 281 2693 332 2722; x_wconf 81' lang='lat' dir='ltr'>vel</span> <span class='ocrx_word' id='word_1_260' title='bbox 356 2693 364 2707; x_wconf 76' lang='lat'><strong><em>⁴</em></strong></span> <span class='ocrx_word' id='word_1_261' title='bbox 381 2692 543 2732; x_wconf 74' lang='lat' dir='ltr'>vagulor,’</span> <span class='ocrx_word' id='word_1_262' title='bbox 561 2694 569 2709; x_wconf 75' lang='lat'><em>⁴</em></span> <span class='ocrx_word' id='word_1_263' title='bbox 585 2692 790 2733; x_wconf 56' lang='lat' dir='ltr'>obvagulor?</span> <span class='ocrx_word' id='word_1_264' title='bbox 828 2694 971 2734; x_wconf 62' lang='lat' dir='ltr'>ObL-ugu-</span> 
     </span>
    </p>
   </div>
   <div class='ocr_carea' id='block_1_14' title="bbox 1025 1238 1729 2725">
    <p class='ocr_par' dir='ltr' id='par_1_20' title="bbox 1025 1238 1727 1976">
     <span class='ocr_line' id='line_1_49' title="bbox 1025 1238 1722 1280; baseline -0.007 -7"><span class='ocrx_word' id='word_1_265' title='bbox 1025 1243 1085 1273; x_wconf 83' lang='lat' dir='ltr'>lari</span> <span class='ocrx_word' id='word_1_266' title='bbox 1113 1247 1226 1274; x_wconf 80' lang='lat' dir='ltr'>autem</span> <span class='ocrx_word' id='word_1_267' title='bbox 1255 1242 1287 1273; x_wconf 84' lang='lat' dir='ltr'>iu</span> <span class='ocrx_word' id='word_1_268' title='bbox 1312 1245 1361 1272; x_wconf 83' lang='lat'>12.</span> <span class='ocrx_word' id='word_1_269' title='bbox 1386 1246 1436 1271; x_wconf 81' lang='lat' dir='ltr'>est</span> <span class='ocrx_word' id='word_1_270' title='bbox 1461 1239 1578 1280; x_wconf 83' lang='lat' dir='ltr'>vagitu</span> <span class='ocrx_word' id='word_1_271' title='bbox 1601 1242 1636 1269; x_wconf 81' lang='lat' dir='ltr'>et</span> <span class='ocrx_word' id='word_1_272' title='bbox 1655 1238 1722 1269; x_wconf 87' lang='lat' dir='ltr'>cla-</span> 
     </span>
     <span class='ocr_line' id='line_1_50' title="bbox 1026 1291 1723 1332; baseline -0.009 -9"><span class='ocrx_word' id='word_1_273' title='bbox 1026 1302 1132 1332; x_wconf 85' lang='lat' dir='ltr'>more,</span> <span class='ocrx_word' id='word_1_274' title='bbox 1157 1303 1232 1324; x_wconf 91' lang='lat' dir='ltr'>cum</span> <span class='ocrx_word' id='word_1_275' title='bbox 1259 1298 1364 1323; x_wconf 85' lang='lat' dir='ltr'>testes</span> <span class='ocrx_word' id='word_1_276' title='bbox 1391 1291 1517 1325; x_wconf 80' lang='lat' dir='ltr'>desint,</span> <span class='ocrx_word' id='word_1_277' title='bbox 1541 1299 1599 1319; x_wconf 82' lang='lat' dir='ltr'>sua</span> <span class='ocrx_word' id='word_1_278' title='bbox 1625 1298 1723 1328; x_wconf 87' lang='lat' dir='ltr'>repo-</span> 
     </span>
     <span class='ocr_line' id='line_1_51' title="bbox 1026 1339 1724 1378; baseline -0.007 -5"><span class='ocrx_word' id='word_1_279' title='bbox 1026 1353 1132 1374; x_wconf 85' lang='lat' dir='ltr'>scere.</span> <span class='ocrx_word' id='word_1_280' title='bbox 1182 1344 1241 1372; x_wconf 75' lang='lat' dir='ltr'>Cuz‘</span> <span class='ocrx_word' id='word_1_281' title='bbox 1262 1342 1469 1373; x_wconf 75' lang='lat' dir='ltr'>testimonium</span> <span class='ocrx_word' id='word_1_282' title='bbox 1488 1340 1636 1378; x_wconf 63' lang='lat' dir='ltr'>defuerit,</span> <span class='ocrx_word' id='word_1_283' title='bbox 1661 1339 1724 1369; x_wconf 85' lang='lat' dir='ltr'>hoc</span> 
     </span>
     <span class='ocr_line' id='line_1_52' title="bbox 1026 1388 1723 1433; baseline -0.009 -10"><span class='ocrx_word' id='word_1_284' title='bbox 1026 1398 1092 1431; x_wconf 82' lang='lat' dir='ltr'>est,</span> <span class='ocrx_word' id='word_1_285' title='bbox 1111 1393 1167 1433; x_wconf 88' lang='lat' dir='ltr'>qui</span> <span class='ocrx_word' id='word_1_286' title='bbox 1194 1399 1287 1423; x_wconf 84' lang='lat' dir='ltr'>certo</span> <span class='ocrx_word' id='word_1_287' title='bbox 1311 1391 1503 1423; x_wconf 78' lang='lat' dir='ltr'>testimonio</span> <span class='ocrx_word' id='word_1_288' title='bbox 1525 1388 1723 1420; x_wconf 84' lang='lat' dir='ltr'>confirmare</span> 
     </span>
     <span class='ocr_line' id='line_1_53' title="bbox 1026 1438 1724 1483; baseline -0.007 -10"><span class='ocrx_word' id='word_1_289' title='bbox 1026 1453 1090 1474; x_wconf 92' lang='lat' dir='ltr'>non</span> <span class='ocrx_word' id='word_1_290' title='bbox 1110 1443 1236 1483; x_wconf 85' lang='lat' dir='ltr'>poterit</span> <span class='ocrx_word' id='word_1_291' title='bbox 1254 1443 1398 1483; x_wconf 80' lang='lat' dir='ltr'>aliquem</span> <span class='ocrx_word' id='word_1_292' title='bbox 1420 1451 1479 1472; x_wconf 84' lang='lat' dir='ltr'>sua</span> <span class='ocrx_word' id='word_1_293' title='bbox 1503 1440 1679 1474; x_wconf 82' lang='lat' dir='ltr'>involasse,</span> <span class='ocrx_word' id='word_1_294' title='bbox 1697 1438 1724 1468; x_wconf 89' lang='lat' dir='ltr'>is</span> 
     </span>
     <span class='ocr_line' id='line_1_54' title="bbox 1027 1488 1724 1534; baseline -0.009 -10"><span class='ocrx_word' id='word_1_295' title='bbox 1027 1498 1206 1534; x_wconf 90' lang='lat' dir='ltr'>postquam</span> <span class='ocrx_word' id='word_1_296' title='bbox 1223 1503 1287 1524; x_wconf 90' lang='lat' dir='ltr'>uno</span> <span class='ocrx_word' id='word_1_297' title='bbox 1307 1497 1342 1524; x_wconf 87' lang='lat' dir='ltr'>et</span> <span class='ocrx_word' id='word_1_298' title='bbox 1364 1493 1471 1523; x_wconf 86' lang='lat' dir='ltr'>altero</span> <span class='ocrx_word' id='word_1_299' title='bbox 1495 1491 1548 1521; x_wconf 89' lang='lat' dir='ltr'>die</span> <span class='ocrx_word' id='word_1_300' title='bbox 1575 1499 1635 1520; x_wconf 87' lang='lat' dir='ltr'>sua</span> <span class='ocrx_word' id='word_1_301' title='bbox 1659 1488 1724 1519; x_wconf 79' lang='lat' dir='ltr'>sibi</span> 
     </span>
     <span class='ocr_line' id='line_1_55' title="bbox 1027 1538 1723 1583; baseline -0.009 -9"><span class='ocrx_word' id='word_1_302' title='bbox 1027 1544 1160 1574; x_wconf 82' lang='lat' dir='ltr'>restitui</span> <span class='ocrx_word' id='word_1_303' title='bbox 1179 1542 1307 1574; x_wconf 85' lang='lat' dir='ltr'>frustra</span> <span class='ocrx_word' id='word_1_304' title='bbox 1324 1542 1475 1583; x_wconf 83' lang='lat' dir='ltr'>petierit,</span> <span class='ocrx_word' id='word_1_305' title='bbox 1489 1540 1591 1572; x_wconf 85' lang='lat' dir='ltr'>tertio</span> <span class='ocrx_word' id='word_1_306' title='bbox 1607 1539 1662 1569; x_wconf 85' lang='lat' dir='ltr'>die</span> <span class='ocrx_word' id='word_1_307' title='bbox 1679 1538 1723 1568; x_wconf 90' lang='lat' dir='ltr'>ob</span> 
     </span>
     <span class='ocr_line' id='line_1_56' title="bbox 1028 1589 1725 1635; baseline -0.009 -10"><span class='ocrx_word' id='word_1_308' title='bbox 1028 1600 1176 1635; x_wconf 86' lang='lat' dir='ltr'>portum,</span> <span class='ocrx_word' id='word_1_309' title='bbox 1194 1594 1226 1624; x_wconf 90' lang='lat' dir='ltr'>id</span> <span class='ocrx_word' id='word_1_310' title='bbox 1246 1599 1310 1635; x_wconf 83' lang='lat' dir='ltr'>est,</span> <span class='ocrx_word' id='word_1_311' title='bbox 1328 1593 1370 1624; x_wconf 86' lang='lat' dir='ltr'>ad</span> <span class='ocrx_word' id='word_1_312' title='bbox 1388 1593 1522 1624; x_wconf 86' lang='lat' dir='ltr'>domum</span> <span class='ocrx_word' id='word_1_313' title='bbox 1541 1589 1725 1621; x_wconf 80' lang='lat' dir='ltr'>adversarii</span> 
     </span>
     <span class='ocr_line' id='line_1_57' title="bbox 1027 1640 1724 1685; baseline -0.007 -10"><span class='ocrx_word' id='word_1_314' title='bbox 1027 1646 1076 1675; x_wconf 86' lang='lat' dir='ltr'>sui</span> <span class='ocrx_word' id='word_1_315' title='bbox 1101 1645 1228 1683; x_wconf 80' lang='lat' dir='ltr'>veniat,</span> <span class='ocrx_word' id='word_1_316' title='bbox 1256 1644 1368 1685; x_wconf 87' lang='lat' dir='ltr'>ibique</span> <span class='ocrx_word' id='word_1_317' title='bbox 1391 1642 1627 1681; x_wconf 79' lang='lat' dir='ltr'>obvaguletur,</span> <span class='ocrx_word' id='word_1_318' title='bbox 1652 1640 1671 1671; x_wconf 91' lang='lat' dir='ltr'>i.</span> <span class='ocrx_word' id='word_1_319' title='bbox 1693 1649 1724 1671; x_wconf 91' lang='lat' dir='ltr'>e.</span> 
     </span>
     <span class='ocr_line' id='line_1_58' title="bbox 1027 1693 1725 1730; baseline -0.009 -4"><span class='ocrx_word' id='word_1_320' title='bbox 1027 1705 1103 1726; x_wconf 88' lang='lat' dir='ltr'>cum</span> <span class='ocrx_word' id='word_1_321' title='bbox 1121 1696 1265 1725; x_wconf 81' lang='lat' dir='ltr'>clamore</span> <span class='ocrx_word' id='word_1_322' title='bbox 1283 1699 1317 1724; x_wconf 90' lang='lat' dir='ltr'>et</span> <span class='ocrx_word' id='word_1_323' title='bbox 1333 1693 1485 1724; x_wconf 88' lang='lat' dir='ltr'>convicio</span> <span class='ocrx_word' id='word_1_324' title='bbox 1502 1702 1560 1721; x_wconf 78' lang='lat' dir='ltr'>sua</span> <span class='ocrx_word' id='word_1_325' title='bbox 1577 1694 1725 1730; x_wconf 82' lang='lat' dir='ltr'>repetat.</span> 
     </span>
     <span class='ocr_line' id='line_1_59' title="bbox 1031 1740 1725 1783; baseline -0.007 -9"><span class='ocrx_word' id='word_1_326' title='bbox 1031 1745 1170 1775; x_wconf 76' lang='lat' dir='ltr'>Plautus</span> <span class='ocrx_word' id='word_1_327' title='bbox 1198 1744 1281 1774; x_wconf 86' lang='lat' dir='ltr'>dicit</span> <span class='ocrx_word' id='word_1_328' title='bbox 1312 1744 1321 1760; x_wconf 88' lang='lat'>‘</span> <span class='ocrx_word' id='word_1_329' title='bbox 1341 1742 1458 1783; x_wconf 85' lang='lat' dir='ltr'>pipulo</span> <span class='ocrx_word' id='word_1_330' title='bbox 1483 1740 1619 1772; x_wconf 82' lang='lat' dir='ltr'>differre</span> <span class='ocrx_word' id='word_1_331' title='bbox 1646 1744 1725 1770; x_wconf 87' lang='lat' dir='ltr'>ante</span> 
     </span>
     <span class='ocr_line' id='line_1_60' title="bbox 1029 1790 1727 1826; baseline -0.009 -1"><span class='ocrx_word' id='word_1_332' title='bbox 1029 1794 1155 1826; x_wconf 84' lang='lat' dir='ltr'>aedes:’</span> <span class='ocrx_word' id='word_1_333' title='bbox 1191 1794 1301 1825; x_wconf 81' lang='lat' dir='ltr'>Aulul.</span> <span class='ocrx_word' id='word_1_334' title='bbox 1333 1798 1399 1825; x_wconf 81' lang='lat' dir='ltr'>act.</span> <span class='ocrx_word' id='word_1_335' title='bbox 1426 1801 1481 1823; x_wconf 82' lang='lat'>11¹.</span> <span class='ocrx_word' id='word_1_336' title='bbox 1508 1801 1555 1822; x_wconf 76' lang='lat' dir='ltr'>sc.</span> <span class='ocrx_word' id='word_1_337' title='bbox 1580 1793 1611 1821; x_wconf 86' lang='lat'>2.</span> <span class='ocrx_word' id='word_1_338' title='bbox 1641 1791 1650 1806; x_wconf 89' lang='lat'>‘</span> <span class='ocrx_word' id='word_1_339' title='bbox 1670 1790 1727 1820; x_wconf 78' lang='lat' dir='ltr'>Ita</span> 
     </span>
     <span class='ocr_line' id='line_1_61' title="bbox 1028 1839 1726 1881; baseline -0.011 -5"><span class='ocrx_word' id='word_1_340' title='bbox 1028 1855 1081 1876; x_wconf 86' lang='lat' dir='ltr'>me</span> <span class='ocrx_word' id='word_1_341' title='bbox 1109 1845 1194 1875; x_wconf 88' lang='lat' dir='ltr'>bene</span> <span class='ocrx_word' id='word_1_342' title='bbox 1213 1849 1303 1875; x_wconf 82' lang='lat' dir='ltr'>amet</span> <span class='ocrx_word' id='word_1_343' title='bbox 1321 1845 1486 1880; x_wconf 87' lang='lat' dir='ltr'>Laverna,</span> <span class='ocrx_word' id='word_1_344' title='bbox 1512 1846 1545 1872; x_wconf 88' lang='lat' dir='ltr'>te</span> <span class='ocrx_word' id='word_1_345' title='bbox 1563 1841 1647 1881; x_wconf 87' lang='lat' dir='ltr'>jam,</span> <span class='ocrx_word' id='word_1_346' title='bbox 1662 1839 1726 1869; x_wconf 82' lang='lat' dir='ltr'>nisi</span> 
     </span>
     <span class='ocr_line' id='line_1_62' title="bbox 1029 1887 1725 1934; baseline -0.01 -9"><span class='ocrx_word' id='word_1_347' title='bbox 1029 1895 1123 1925; x_wconf 85' lang='lat' dir='ltr'>reddi</span> <span class='ocrx_word' id='word_1_348' title='bbox 1141 1895 1225 1925; x_wconf 83' lang='lat' dir='ltr'>Mihi</span> <span class='ocrx_word' id='word_1_349' title='bbox 1254 1903 1330 1924; x_wconf 86' lang='lat' dir='ltr'>vasa</span> <span class='ocrx_word' id='word_1_350' title='bbox 1342 1893 1453 1934; x_wconf 79' lang='lat' dir='ltr'>jubes,</span> <span class='ocrx_word' id='word_1_351' title='bbox 1471 1891 1575 1931; x_wconf 83' lang='lat' dir='ltr'>pipilo</span> <span class='ocrx_word' id='word_1_352' title='bbox 1592 1890 1644 1920; x_wconf 84' lang='lat' dir='ltr'>hic</span> <span class='ocrx_word' id='word_1_353' title='bbox 1662 1887 1725 1919; x_wconf 85' lang='lat' dir='ltr'>dif-</span> 
     </span>
     <span class='ocr_line' id='line_1_63' title="bbox 1029 1942 1519 1976; baseline -0.008 -1"><span class='ocrx_word' id='word_1_354' title='bbox 1029 1943 1136 1976; x_wconf 84' lang='lat' dir='ltr'>feram</span> <span class='ocrx_word' id='word_1_355' title='bbox 1155 1950 1188 1975; x_wconf 69' lang='lat' dir='ltr'>le</span> <span class='ocrx_word' id='word_1_356' title='bbox 1205 1949 1283 1975; x_wconf 85' lang='lat' dir='ltr'>ante</span> <span class='ocrx_word' id='word_1_357' title='bbox 1303 1942 1415 1974; x_wconf 70' lang='lat' dir='ltr'>mdes-¹</span> <span class='ocrx_word' id='word_1_358' title='bbox 1439 1943 1519 1972; x_wconf 77' lang='lat' dir='ltr'>Duc.</span> 
     </span>
    </p>

    <p class='ocr_par' dir='ltr' id='par_1_21' title="bbox 1028 1984 1727 2231">
     <span class='ocr_line' id='line_1_64' title="bbox 1073 1984 1726 2033; baseline -0.008 -8"><span class='ocrx_word' id='word_1_359' title='bbox 1073 1993 1084 2014; x_wconf 78' lang='lat' dir='ltr'>s</span> <span class='ocrx_word' id='word_1_360' title='bbox 1112 1984 1240 2033; x_wconf 71' lang='lat' dir='ltr'>Volgus]</span> <span class='ocrx_word' id='word_1_361' title='bbox 1266 1995 1380 2024; x_wconf 84' lang='lat' dir='ltr'>Plaut.</span> <span class='ocrx_word' id='word_1_362' title='bbox 1408 1992 1439 2022; x_wconf 89' lang='lat' dir='ltr'>iu</span> <span class='ocrx_word' id='word_1_363' title='bbox 1458 1992 1531 2022; x_wconf 84' lang='lat' dir='ltr'>Mil.</span> <span class='ocrx_word' id='word_1_364' title='bbox 1548 1995 1726 2030; x_wconf 86' lang='lat' dir='ltr'>utrumque</span> 
     </span>
     <span class='ocr_line' id='line_1_65' title="bbox 1028 2040 1726 2083; baseline -0.009 -9"><span class='ocrx_word' id='word_1_365' title='bbox 1028 2045 1145 2075; x_wconf 83' lang='lat' dir='ltr'>horum</span> <span class='ocrx_word' id='word_1_366' title='bbox 1169 2044 1362 2083; x_wconf 79' lang='lat' dir='ltr'>exemplum</span> <span class='ocrx_word' id='word_1_367' title='bbox 1387 2042 1501 2081; x_wconf 86' lang='lat' dir='ltr'>ponit:</span> <span class='ocrx_word' id='word_1_368' title='bbox 1527 2040 1657 2070; x_wconf 82' lang='lat' dir='ltr'>initium</span> <span class='ocrx_word' id='word_1_369' title='bbox 1676 2049 1726 2069; x_wconf 85' lang='lat' dir='ltr'>se-</span> 
     </span>
     <span class='ocr_line' id='line_1_66' title="bbox 1029 2090 1727 2131; baseline -0.006 -7"><span class='ocrx_word' id='word_1_370' title='bbox 1029 2093 1129 2124; x_wconf 87' lang='lat' dir='ltr'>cundi</span> <span class='ocrx_word' id='word_1_371' title='bbox 1155 2098 1219 2124; x_wconf 79' lang='lat' dir='ltr'>est.</span> <span class='ocrx_word' id='word_1_372' title='bbox 1267 2093 1314 2122; x_wconf 83' lang='grc' dir='ltr'>Εα</span> <span class='ocrx_word' id='word_1_373' title='bbox 1336 2092 1422 2131; x_wconf 72' lang='lat' dir='ltr'>mihi,</span> <span class='ocrx_word' id='word_1_374' title='bbox 1447 2093 1499 2130; x_wconf 61' lang='lat' dir='ltr'>&amp;c-</span> <span class='ocrx_word' id='word_1_375' title='bbox 1544 2090 1628 2121; x_wconf 84' lang='lat' dir='ltr'>Ideo</span> <span class='ocrx_word' id='word_1_376' title='bbox 1646 2090 1727 2120; x_wconf 84' lang='lat' dir='ltr'>titu-</span> 
     </span>
     <span class='ocr_line' id='line_1_67' title="bbox 1030 2140 1726 2181; baseline -0.003 -8"><span class='ocrx_word' id='word_1_377' title='bbox 1030 2143 1079 2173; x_wconf 91' lang='lat' dir='ltr'>lus</span> <span class='ocrx_word' id='word_1_378' title='bbox 1098 2143 1154 2173; x_wconf 86' lang='lat' dir='ltr'>ille</span> <span class='ocrx_word' id='word_1_379' title='bbox 1173 2143 1204 2172; x_wconf 89' lang='lat' dir='ltr'>in</span> <span class='ocrx_word' id='word_1_380' title='bbox 1221 2142 1417 2181; x_wconf 80' lang='lat' dir='ltr'>Sitelitergo</span> <span class='ocrx_word' id='word_1_381' title='bbox 1439 2140 1542 2171; x_wconf 81' lang='lat' dir='ltr'>falsus</span> <span class='ocrx_word' id='word_1_382' title='bbox 1565 2144 1628 2171; x_wconf 89' lang='lat' dir='ltr'>est.</span> <span class='ocrx_word' id='word_1_383' title='bbox 1648 2140 1726 2171; x_wconf 77' lang='lat' dir='ltr'>Aut.</span> 
     </span>
     <span class='ocr_line' id='line_1_68' title="bbox 1030 2192 1115 2231; baseline 0 -8"><span class='ocrx_word' id='word_1_384' title='bbox 1030 2192 1115 2231; x_wconf 78' lang='lat' dir='ltr'>Aug.</span> 
     </span>
    </p>

    <p class='ocr_par' dir='ltr' id='par_1_22' title="bbox 1030 2239 1727 2473">
     <span class='ocr_line' id='line_1_69' title="bbox 1080 2239 1726 2281; baseline -0.005 -9"><span class='ocrx_word' id='word_1_385' title='bbox 1080 2240 1207 2281; x_wconf 79' lang='lat' dir='ltr'>Valgos]</span> <span class='ocrx_word' id='word_1_386' title='bbox 1231 2240 1425 2279; x_wconf 80' lang='grc' dir='ltr'>Μνημονικὸν</span> <span class='ocrx_word' id='word_1_387' title='bbox 1441 2239 1605 2280; x_wconf 77' lang='grc' dir='ltr'>ἁμάρτημα</span> <span class='ocrx_word' id='word_1_388' title='bbox 1622 2239 1726 2279; x_wconf 80' lang='lat' dir='ltr'>Festi,</span> 
     </span>
     <span class='ocr_line' id='line_1_70' title="bbox 1031 2290 1726 2333; baseline -0.001 -11"><span class='ocrx_word' id='word_1_389' title='bbox 1031 2292 1088 2333; x_wconf 88' lang='lat' dir='ltr'>qui</span> <span class='ocrx_word' id='word_1_390' title='bbox 1113 2292 1198 2323; x_wconf 87' lang='lat' dir='ltr'>citat</span> <span class='ocrx_word' id='word_1_391' title='bbox 1220 2301 1260 2322; x_wconf 83' lang='lat' dir='ltr'>ex</span> <span class='ocrx_word' id='word_1_392' title='bbox 1279 2292 1394 2332; x_wconf 71' lang='lat' dir='ltr'>Scyehe</span> <span class='ocrx_word' id='word_1_393' title='bbox 1409 2293 1538 2331; x_wconf 69' lang='lat' dir='ltr'>licurgo,</span> <span class='ocrx_word' id='word_1_394' title='bbox 1555 2290 1646 2331; x_wconf 87' lang='lat' dir='ltr'>quod</span> <span class='ocrx_word' id='word_1_395' title='bbox 1670 2290 1726 2321; x_wconf 89' lang='lat' dir='ltr'>de-</span> 
     </span>
     <span class='ocr_line' id='line_1_71' title="bbox 1030 2341 1727 2383; baseline -0.004 -10"><span class='ocrx_word' id='word_1_396' title='bbox 1030 2342 1133 2373; x_wconf 86' lang='lat' dir='ltr'>bebat</span> <span class='ocrx_word' id='word_1_397' title='bbox 1159 2353 1199 2373; x_wconf 83' lang='lat' dir='ltr'>ex</span> <span class='ocrx_word' id='word_1_398' title='bbox 1227 2343 1344 2373; x_wconf 78' lang='lat' dir='ltr'>Milite.</span> <span class='ocrx_word' id='word_1_399' title='bbox 1397 2342 1512 2383; x_wconf 79' lang='lat' dir='ltr'>Scythe</span> <span class='ocrx_word' id='word_1_400' title='bbox 1539 2343 1654 2380; x_wconf 72' lang='lat' dir='ltr'>licurgo</span> <span class='ocrx_word' id='word_1_401' title='bbox 1682 2341 1727 2370; x_wconf 86' lang='lat' dir='ltr'>le-</span> 
     </span>
     <span class='ocr_line' id='line_1_72' title="bbox 1031 2392 1727 2433; baseline -0.001 -11"><span class='ocrx_word' id='word_1_402' title='bbox 1031 2392 1177 2433; x_wconf 82' lang='lat' dir='ltr'>gendum</span> <span class='ocrx_word' id='word_1_403' title='bbox 1208 2401 1281 2423; x_wconf 89' lang='lat' dir='ltr'>esse</span> <span class='ocrx_word' id='word_1_404' title='bbox 1313 2392 1345 2422; x_wconf 89' lang='lat' dir='ltr'>in</span> <span class='ocrx_word' id='word_1_405' title='bbox 1378 2392 1618 2432; x_wconf 85' lang='lat' dir='ltr'>Conjectaneis</span> <span class='ocrx_word' id='word_1_406' title='bbox 1648 2392 1727 2422; x_wconf 89' lang='lat' dir='ltr'>olim</span> 
     </span>
     <span class='ocr_line' id='line_1_73' title="bbox 1032 2443 1415 2473; baseline -0.003 0"><span class='ocrx_word' id='word_1_407' title='bbox 1032 2443 1218 2473; x_wconf 88' lang='lat' dir='ltr'>docuimus.</span> <span class='ocrx_word' id='word_1_408' title='bbox 1243 2444 1313 2473; x_wconf 85' lang='lat' dir='ltr'>Jos.</span> <span class='ocrx_word' id='word_1_409' title='bbox 1331 2443 1415 2473; x_wconf 76' lang='lat' dir='ltr'>Scal.</span> 
     </span>
    </p>

    <p class='ocr_par' dir='ltr' id='par_1_23' title="bbox 1026 2492 1729 2725">
     <span class='ocr_line' id='line_1_74' title="bbox 1081 2492 1727 2532; baseline -0.005 -9"><span class='ocrx_word' id='word_1_410' title='bbox 1081 2493 1208 2532; x_wconf 81' lang='lat' dir='ltr'>Valgos]</span> <span class='ocrx_word' id='word_1_411' title='bbox 1233 2494 1318 2525; x_wconf 84' lang='lat' dir='ltr'>Quae</span> <span class='ocrx_word' id='word_1_412' title='bbox 1343 2493 1395 2524; x_wconf 77' lang='lat' dir='ltr'>liic</span> <span class='ocrx_word' id='word_1_413' title='bbox 1418 2493 1461 2524; x_wconf 89' lang='lat' dir='ltr'>de</span> <span class='ocrx_word' id='word_1_414' title='bbox 1486 2492 1560 2523; x_wconf 89' lang='lat' dir='ltr'>loco</span> <span class='ocrx_word' id='word_1_415' title='bbox 1584 2501 1643 2522; x_wconf 88' lang='lat' dir='ltr'>suo</span> <span class='ocrx_word' id='word_1_416' title='bbox 1660 2495 1727 2521; x_wconf 81' lang='lat' dir='ltr'>tra—</span> 
     </span>
     <span class='ocr_line' id='line_1_75' title="bbox 1026 2543 1728 2585; baseline -0.006 -10"><span class='ocrx_word' id='word_1_417' title='bbox 1026 2544 1134 2585; x_wconf 86' lang='lat' dir='ltr'>jecta,</span> <span class='ocrx_word' id='word_1_418' title='bbox 1151 2544 1198 2575; x_wconf 90' lang='lat' dir='ltr'>sic</span> <span class='ocrx_word' id='word_1_419' title='bbox 1216 2554 1257 2574; x_wconf 83' lang='lat' dir='ltr'>ex</span> <span class='ocrx_word' id='word_1_420' title='bbox 1270 2544 1415 2574; x_wconf 90' lang='lat' dir='ltr'>virorum</span> <span class='ocrx_word' id='word_1_421' title='bbox 1429 2543 1602 2573; x_wconf 85' lang='lat' dir='ltr'>doctorum</span> <span class='ocrx_word' id='word_1_422' title='bbox 1616 2551 1728 2572; x_wconf 84' lang='lat' dir='ltr'>emen-</span> 
     </span>
     <span class='ocr_line' id='line_1_76' title="bbox 1032 2591 1729 2634; baseline -0.006 -9"><span class='ocrx_word' id='word_1_423' title='bbox 1032 2595 1169 2626; x_wconf 85' lang='lat' dir='ltr'>datione</span> <span class='ocrx_word' id='word_1_424' title='bbox 1187 2593 1445 2634; x_wconf 85' lang='lat' dir='ltr'>coujungenda:</span> <span class='ocrx_word' id='word_1_425' title='bbox 1477 2593 1588 2632; x_wconf 80' lang='lat' dir='ltr'>Valgos</span> <span class='ocrx_word' id='word_1_426' title='bbox 1607 2591 1729 2631; x_wconf 78' lang='lat' dir='ltr'>Opilius</span> 
     </span>
     <span class='ocr_line' id='line_1_77' title="bbox 1030 2641 1727 2683; baseline -0.006 -9"><span class='ocrx_word' id='word_1_427' title='bbox 1030 2645 1056 2675; x_wconf 75' lang='lat' dir='ltr'><strong><em>A</em></strong></span> <span class='ocrx_word' id='word_1_428' title='bbox 1064 2645 1177 2674; x_wconf 56' lang='lat' dir='ltr'>arelius</span> <span class='ocrx_word' id='word_1_429' title='bbox 1192 2645 1303 2683; x_wconf 74' lang='lat' dir='ltr'>aliique</span> <span class='ocrx_word' id='word_1_430' title='bbox 1318 2644 1483 2683; x_wconf 76' lang='lat' dir='ltr'>complures</span> <span class='ocrx_word' id='word_1_431' title='bbox 1498 2643 1585 2672; x_wconf 67' lang='lat' dir='ltr'>niun!</span> <span class='ocrx_word' id='word_1_432' title='bbox 1601 2642 1662 2671; x_wconf 69' lang='lat' dir='ltr'>dici</span> <span class='ocrx_word' id='word_1_433' title='bbox 1675 2641 1727 2679; x_wconf 80' lang='lat' dir='ltr'>qui</span> 
     </span>
     <span class='ocr_line' id='line_1_78' title="bbox 1031 2692 1726 2725; baseline -0.009 0"><span class='ocrx_word' id='word_1_434' title='bbox 1031 2696 1167 2725; x_wconf 70' lang='lat' dir='ltr'>‹liz-ersus</span> <span class='ocrx_word' id='word_1_435' title='bbox 1184 2705 1273 2725; x_wconf 73' lang='lat' dir='ltr'>surus</span> <span class='ocrx_word' id='word_1_436' title='bbox 1288 2694 1417 2723; x_wconf 72' lang='lat' dir='ltr'>habeant</span> <span class='ocrx_word' id='word_1_437' title='bbox 1442 2703 1476 2723; x_wconf 80' lang='lat' dir='ltr'>uc</span> <span class='ocrx_word' id='word_1_438' title='bbox 1499 2693 1575 2723; x_wconf 77' lang='lat' dir='ltr'>talos</span> <span class='ocrx_word' id='word_1_439' title='bbox 1592 2692 1726 2722; x_wconf 61' lang='lat' dir='ltr'>vitiosus.</span> 
     </span>
    </p>
   </div>
  </div>
 </body>
</html>
