<?xml version="1.0" encoding="UTF-8"?>
<!DOCTYPE html PUBLIC "-//W3C//DTD XHTML 1.0 Transitional//EN"
    "http://www.w3.org/TR/xhtml1/DTD/xhtml1-transitional.dtd">
<html xmlns="http://www.w3.org/1999/xhtml" xml:lang="en" lang="en">
 <head>
  <title>
</title>
<meta http-equiv="Content-Type" content="text/html;charset=utf-8" />
  <meta name='ocr-system' content='tesseract 3.04.00' />
  <meta name='ocr-capabilities' content='ocr_page ocr_carea ocr_par ocr_line ocrx_word'/>
</head>
<body>
  <div class='ocr_page' id='page_1' title='image "./mverriiflacciqua02verruoft/mverriiflacciqua02verruoft_0320.png"; bbox 0 0 1876 3025; ppageno 0'>
   <div class='ocr_carea' id='block_1_1' title="bbox 276 166 360 206">
    <p class='ocr_par' dir='ltr' id='par_1_1' title="bbox 276 166 360 206">
     <span class='ocr_line' id='line_1_1' title="bbox 276 166 360 206; baseline 0 -1"><span class='ocrx_word' id='word_1_1' title='bbox 276 166 360 206; x_wconf 75' lang='lat'><strong>950</strong></span> 
     </span>
    </p>
   </div>
   <div class='ocr_carea' id='block_1_2' title="bbox 724 181 1284 217">
    <p class='ocr_par' dir='ltr' id='par_1_2' title="bbox 724 181 1284 217">
     <span class='ocr_line' id='line_1_2' title="bbox 724 181 1284 217; baseline 0.011 -6"><span class='ocrx_word' id='word_1_2' title='bbox 724 181 871 212; x_wconf 84' lang='lat' dir='ltr'>SEXTI</span> <span class='ocrx_word' id='word_1_3' title='bbox 908 182 1109 214; x_wconf 76' lang='lat' dir='ltr'>POMPEI!</span> <span class='ocrx_word' id='word_1_4' title='bbox 1146 186 1284 217; x_wconf 75' lang='lat' dir='ltr'><strong>FES&#39;I&#39;I</strong></span> 
     </span>
    </p>
   </div>
   <div class='ocr_carea' id='block_1_3' title="bbox 332 274 1724 338">
    <p class='ocr_par' dir='ltr' id='par_1_3' title="bbox 332 274 1724 338">
     <span class='ocr_line' id='line_1_3' title="bbox 332 274 1724 338; baseline 0.011 -26"><span class='ocrx_word' id='word_1_5' title='bbox 332 274 395 314; x_wconf 87' lang='lat' dir='ltr'><strong>ita</strong></span> <span class='ocrx_word' id='word_1_6' title='bbox 418 277 464 314; x_wconf 89' lang='lat' dir='ltr'><strong>ut</strong></span> <span class='ocrx_word' id='word_1_7' title='bbox 484 274 592 315; x_wconf 87' lang='lat' dir='ltr'><strong>solet</strong></span> <span class='ocrx_word' id='word_1_8' title='bbox 610 288 619 316; x_wconf 93' lang='lat'><strong>:</strong></span> <span class='ocrx_word' id='word_1_9' title='bbox 645 279 687 316; x_wconf 84' lang='lat' dir='ltr'><strong>et</strong></span> <span class='ocrx_word' id='word_1_10' title='bbox 708 276 844 317; x_wconf 79' lang='lat' dir='ltr'><strong>alias:</strong></span> <span class='ocrx_word' id='word_1_11' title='bbox 876 277 996 319; x_wconf 92' lang='lat' dir='ltr'><strong>Dum</strong></span> <span class='ocrx_word' id='word_1_12' title='bbox 1017 280 1223 332; x_wconf 61' lang='lat' dir='ltr'><strong>taeniamj</strong></span> <span class='ocrx_word' id='word_1_13' title='bbox 1256 284 1332 336; x_wconf 91' lang='lat' dir='ltr'><strong>qui</strong></span> <span class='ocrx_word' id='word_1_14' title='bbox 1349 284 1504 325; x_wconf 88' lang='lat' dir='ltr'><strong>vulnus</strong></span> <span class='ocrx_word' id='word_1_15' title='bbox 1525 286 1724 338; x_wconf 83' lang='lat' dir='ltr'><strong>vinciret,</strong></span> 
     </span>
    </p>
   </div>
   <div class='ocr_carea' id='block_1_4' title="bbox 331 342 455 395">
    <p class='ocr_par' dir='ltr' id='par_1_4' title="bbox 331 342 455 395">
     <span class='ocr_line' id='line_1_4' title="bbox 331 342 455 395; baseline -0.016 -13"><span class='ocrx_word' id='word_1_16' title='bbox 331 342 455 395; x_wconf 84' lang='lat' dir='ltr'><strong>petit.</strong></span> 
     </span>
    </p>
   </div>
   <div class='ocr_carea' id='block_1_5' title="bbox 515 342 1724 396">
    <p class='ocr_par' dir='ltr' id='par_1_5' title="bbox 515 342 1724 396">
     <span class='ocr_line' id='line_1_5' title="bbox 515 342 1724 396; baseline 0.012 -14"><span class='ocrx_word' id='word_1_17' title='bbox 515 342 679 384; x_wconf 86' lang='lat' dir='ltr'><strong>Ennius</strong></span> <span class='ocrx_word' id='word_1_18' title='bbox 700 344 744 384; x_wconf 89' lang='lat' dir='ltr'><strong>in</strong></span> <span class='ocrx_word' id='word_1_19' title='bbox 764 344 1043 390; x_wconf 79' lang='lat' dir='ltr'><strong>Alexandro:</strong></span> <span class='ocrx_word' id='word_1_20' title='bbox 1075 348 1249 391; x_wconf 86' lang='lat' dir='ltr'><strong>Volans</strong></span> <span class='ocrx_word' id='word_1_21' title='bbox 1270 352 1324 392; x_wconf 90' lang='lat' dir='ltr'><strong>de</strong></span> <span class='ocrx_word' id='word_1_22' title='bbox 1345 353 1459 394; x_wconf 82' lang='lat' dir='ltr'><strong>coelo</strong></span> <span class='ocrx_word' id='word_1_23' title='bbox 1481 367 1578 395; x_wconf 89' lang='lat' dir='ltr'><strong>cum</strong></span> <span class='ocrx_word' id='word_1_24' title='bbox 1601 367 1724 396; x_wconf 86' lang='lat' dir='ltr'>coro—</span> 
     </span>
    </p>
   </div>
   <div class='ocr_carea' id='block_1_6' title="bbox 330 410 1723 471">
    <p class='ocr_par' dir='ltr' id='par_1_6' title="bbox 330 410 1723 471">
     <span class='ocr_line' id='line_1_6' title="bbox 330 410 1723 471; baseline 0.011 -22"><span class='ocrx_word' id='word_1_25' title='bbox 330 422 404 459; x_wconf 86' lang='lat' dir='ltr'><strong>na,</strong></span> <span class='ocrx_word' id='word_1_26' title='bbox 436 414 478 452; x_wconf 89' lang='lat' dir='ltr'><strong>et</strong></span> <span class='ocrx_word' id='word_1_27' title='bbox 510 411 667 452; x_wconf 76' lang='lat' dir='ltr'><strong>taeniis.</strong></span> <span class='ocrx_word' id='word_1_28' title='bbox 726 410 878 453; x_wconf 85' lang='lat' dir='ltr'><strong>Attius</strong></span> <span class='ocrx_word' id='word_1_29' title='bbox 905 413 951 454; x_wconf 91' lang='lat' dir='ltr'><strong>in</strong></span> <span class='ocrx_word' id='word_1_30' title='bbox 983 415 1292 471; x_wconf 84' lang='lat' dir='ltr'>Neoptolemo:</span> <span class='ocrx_word' id='word_1_31' title='bbox 1325 421 1544 462; x_wconf 82' lang='lat' dir='ltr'><strong>Decorare</strong></span> <span class='ocrx_word' id='word_1_32' title='bbox 1565 427 1634 463; x_wconf 87' lang='lat' dir='ltr'><strong>est</strong></span> <span class='ocrx_word' id='word_1_33' title='bbox 1653 436 1723 464; x_wconf 83' lang='lat' dir='ltr'><strong>sa-</strong></span> 
     </span>
    </p>
   </div>
   <div class='ocr_carea' id='block_1_7' title="bbox 331 476 961 532">
    <p class='ocr_par' dir='ltr' id='par_1_7' title="bbox 331 476 961 532">
     <span class='ocr_line' id='line_1_7' title="bbox 331 476 961 532; baseline 0.008 -14"><span class='ocrx_word' id='word_1_34' title='bbox 331 476 458 528; x_wconf 80' lang='lat' dir='ltr'><strong>tius,k</strong></span> <span class='ocrx_word' id='word_1_35' title='bbox 480 492 608 532; x_wconf 85' lang='lat' dir='ltr'><strong>quam</strong></span> <span class='ocrx_word' id='word_1_36' title='bbox 629 480 783 520; x_wconf 88' lang='lat' dir='ltr'><strong>urbem</strong></span> <span class='ocrx_word' id='word_1_37' title='bbox 799 482 961 523; x_wconf 87' lang='lat' dir='ltr'><strong>taeniis.</strong></span> 
     </span>
    </p>
   </div>
   <div class='ocr_carea' id='block_1_8' title="bbox 270 544 1719 803">
    <p class='ocr_par' dir='ltr' id='par_1_8' title="bbox 273 544 1719 664">
     <span class='ocr_line' id='line_1_8' title="bbox 273 544 1719 608; baseline 0.008 -22"><span class='ocrx_word' id='word_1_38' title='bbox 273 544 556 599; x_wconf 73' lang='lat' dir='ltr'><strong>Taep0c0n4¹</strong></span> <span class='ocrx_word' id='word_1_39' title='bbox 591 547 870 600; x_wconf 83' lang='lat' dir='ltr'><strong>appellarunt</strong></span> <span class='ocrx_word' id='word_1_40' title='bbox 904 549 1054 591; x_wconf 86' lang='lat' dir='ltr'><strong>Graeci</strong></span> <span class='ocrx_word' id='word_1_41' title='bbox 1101 565 1234 604; x_wconf 86' lang='lat' dir='ltr'><strong>genus</strong></span> <span class='ocrx_word' id='word_1_42' title='bbox 1281 555 1502 597; x_wconf 88' lang='lat' dir='ltr'><strong>scribendi</strong></span> <span class='ocrx_word' id='word_1_43' title='bbox 1542 557 1719 608; x_wconf 74' lang='lat' dir='ltr'><strong>[PAUL.</strong></span> 
     </span>
     <span class='ocr_line' id='line_1_9' title="bbox 330 614 1502 664; baseline 0.008 -11"><span class='ocrx_word' id='word_1_44' title='bbox 330 614 536 654; x_wconf 85' lang='lat' dir='ltr'><strong>deorsum</strong></span> <span class='ocrx_word' id='word_1_45' title='bbox 558 627 727 664; x_wconf 85' lang='lat' dir='ltr'><strong>versus,</strong></span> <span class='ocrx_word' id='word_1_46' title='bbox 747 619 795 657; x_wconf 91' lang='lat' dir='ltr'><strong>ut</strong></span> <span class='ocrx_word' id='word_1_47' title='bbox 813 629 927 658; x_wconf 88' lang='lat' dir='ltr'>nunc</span> <span class='ocrx_word' id='word_1_48' title='bbox 950 617 1233 661; x_wconf 81' lang='lat' dir='ltr'>dextrorsum</span> <span class='ocrx_word' id='word_1_49' title='bbox 1253 623 1502 664; x_wconf 85' lang='lat' dir='ltr'><strong>scribimus.</strong></span> 
     </span>
    </p>

    <p class='ocr_par' dir='ltr' id='par_1_9' title="bbox 270 681 1716 803">
     <span class='ocr_line' id='line_1_10' title="bbox 270 681 1716 745; baseline 0.008 -24"><span class='ocrx_word' id='word_1_50' title='bbox 270 681 496 734; x_wconf 85' lang='lat' dir='ltr'>Taepocon</span> <span class='ocrx_word' id='word_1_51' title='bbox 511 686 526 711; x_wconf 85' lang='lat'>⁵</span> <span class='ocrx_word' id='word_1_52' title='bbox 549 682 671 723; x_wconf 82' lang='lat' dir='ltr'><strong>soliti</strong></span> <span class='ocrx_word' id='word_1_53' title='bbox 691 687 794 724; x_wconf 88' lang='lat' dir='ltr'><strong>sunt</strong></span> <span class='ocrx_word' id='word_1_54' title='bbox 820 685 1045 738; x_wconf 84' lang='lat' dir='ltr'><strong>appellare</strong></span> <span class='ocrx_word' id='word_1_55' title='bbox 1066 686 1213 728; x_wconf 80' lang='lat' dir='ltr'><strong>Graeci</strong></span> <span class='ocrx_word' id='word_1_56' title='bbox 1249 702 1387 741; x_wconf 83' lang='lat' dir='ltr'><strong>genus</strong></span> <span class='ocrx_word' id='word_1_57' title='bbox 1423 692 1527 731; x_wconf 88' lang='lat' dir='ltr'><strong>scri·</strong></span> <span class='ocrx_word' id='word_1_58' title='bbox 1550 691 1716 745; x_wconf 78' lang='lat' dir='ltr'><strong>[FEST.</strong></span> 
     </span>
     <span class='ocr_line' id='line_1_11' title="bbox 327 748 1648 803; baseline 0.009 -14"><span class='ocrx_word' id='word_1_59' title='bbox 327 748 460 790; x_wconf 87' lang='lat' dir='ltr'><strong>bendi</strong></span> <span class='ocrx_word' id='word_1_60' title='bbox 482 749 683 791; x_wconf 88' lang='lat' dir='ltr'><strong>deorsum</strong></span> <span class='ocrx_word' id='word_1_61' title='bbox 706 764 877 803; x_wconf 86' lang='lat' dir='ltr'><strong>versus,</strong></span> <span class='ocrx_word' id='word_1_62' title='bbox 898 757 948 794; x_wconf 88' lang='lat' dir='ltr'><strong>ut</strong></span> <span class='ocrx_word' id='word_1_63' title='bbox 966 766 1084 795; x_wconf 89' lang='lat' dir='ltr'>nunc</span> <span class='ocrx_word' id='word_1_64' title='bbox 1105 754 1379 797; x_wconf 73' lang='lat' dir='ltr'>dextrorsum</span> <span class='ocrx_word' id='word_1_65' title='bbox 1402 758 1648 801; x_wconf 84' lang='lat' dir='ltr'><strong>scribimus.</strong></span> 
     </span>
    </p>
   </div>
   <div class='ocr_carea' id='block_1_9' title="bbox 875 901 994 914">
    <p class='ocr_par' dir='ltr' id='par_1_10' title="bbox 875 901 994 914">
     <span class='ocr_line' id='line_1_12' title="bbox 875 901 994 914; baseline 0.008 -1"><span class='ocrx_word' id='word_1_66' title='bbox 875 901 894 911; x_wconf 66' lang='lat' dir='ltr'><em>O</em></span> <span class='ocrx_word' id='word_1_67' title='bbox 904 902 994 914; x_wconf 57' lang='lat'><strong>00000</strong></span> 
     </span>
    </p>
   </div>
   <div class='ocr_carea' id='block_1_10' title="bbox 999 902 1114 916">
    <p class='ocr_par' dir='ltr' id='par_1_11' title="bbox 999 902 1114 916">
     <span class='ocr_line' id='line_1_13' title="bbox 999 902 1114 916; baseline 0.017 -2"><span class='ocrx_word' id='word_1_68' title='bbox 999 902 1114 916; x_wconf 62' lang='lat' dir='ltr'><strong>eeeeee</strong></span> 
     </span>
    </p>
   </div>
   <div class='ocr_carea' id='block_1_11' title="bbox 266 997 1717 1086">
    <p class='ocr_par' dir='ltr' id='par_1_12' title="bbox 266 997 1717 1086">
     <span class='ocr_line' id='line_1_14' title="bbox 310 997 1717 1045; baseline 0.006 -18"><span class='ocrx_word' id='word_1_69' title='bbox 310 1000 330 1028; x_wconf 84' lang='grc'>4</span> <span class='ocrx_word' id='word_1_70' title='bbox 354 997 447 1029; x_wconf 83' lang='lat' dir='ltr'><strong>vett.</strong></span> <span class='ocrx_word' id='word_1_71' title='bbox 464 997 546 1029; x_wconf 87' lang='lat' dir='ltr'><strong>libb.</strong></span> <span class='ocrx_word' id='word_1_72' title='bbox 567 998 754 1041; x_wconf 81' lang='lat' dir='ltr'><strong>Tanpercon,</strong></span> <span class='ocrx_word' id='word_1_73' title='bbox 774 1000 961 1042; x_wconf 79' lang='lat' dir='ltr'><strong>Taenpocon,</strong></span> <span class='ocrx_word' id='word_1_74' title='bbox 988 1004 1157 1044; x_wconf 79' lang='lat' dir='ltr'><strong>Taenpton,</strong></span> <span class='ocrx_word' id='word_1_75' title='bbox 1176 1003 1388 1044; x_wconf 73' lang='lat' dir='ltr'><strong>Tultenpocon,</strong></span> <span class='ocrx_word' id='word_1_76' title='bbox 1408 1004 1580 1044; x_wconf 81' lang='lat' dir='ltr'><strong>Tempeton,</strong></span> <span class='ocrx_word' id='word_1_77' title='bbox 1601 1005 1717 1045; x_wconf 61' lang='grc' dir='ltr'><strong>Τιήμοτ</strong></span> 
     </span>
     <span class='ocr_line' id='line_1_15' title="bbox 266 1042 1021 1086; baseline 0.008 -14"><span class='ocrx_word' id='word_1_78' title='bbox 266 1052 334 1082; x_wconf 84' lang='lat' dir='ltr'><strong>con,</strong></span> <span class='ocrx_word' id='word_1_79' title='bbox 354 1042 614 1082; x_wconf 55' lang='lat' dir='ltr'><strong>&#39;sumamma—5</strong></span> <span class='ocrx_word' id='word_1_80' title='bbox 641 1043 721 1074; x_wconf 88' lang='lat' dir='ltr'><strong>Vet.</strong></span> <span class='ocrx_word' id='word_1_81' title='bbox 737 1044 811 1075; x_wconf 87' lang='lat' dir='ltr'><strong>cod.</strong></span> <span class='ocrx_word' id='word_1_82' title='bbox 831 1044 1021 1086; x_wconf 78' lang='lat' dir='ltr'><strong>Tanpercon.</strong></span> 
     </span>
    </p>
   </div>
   <div class='ocr_carea' id='block_1_12' title="bbox 923 1208 1063 1242">
    <p class='ocr_par' dir='ltr' id='par_1_13' title="bbox 923 1208 1063 1242">
     <span class='ocr_line' id='line_1_16' title="bbox 923 1208 1063 1242; baseline -0.007 -1"><span class='ocrx_word' id='word_1_83' title='bbox 923 1208 1063 1242; x_wconf 82' lang='lat' dir='ltr'>NOTAE</span> 
     </span>
    </p>
   </div>
   <div class='ocr_carea' id='block_1_13' title="bbox 254 1304 967 2818">
    <p class='ocr_par' dir='ltr' id='par_1_14' title="bbox 256 1304 967 2158">
     <span class='ocr_line' id='line_1_17' title="bbox 266 1304 966 1346; baseline 0.001 -11"><span class='ocrx_word' id='word_1_84' title='bbox 266 1304 418 1345; x_wconf 77' lang='lat' dir='ltr'><strong>Hesycll.</strong></span> <span class='ocrx_word' id='word_1_85' title='bbox 434 1306 585 1346; x_wconf 80' lang='grc' dir='ltr'>Κηρείαις,</span> <span class='ocrx_word' id='word_1_86' title='bbox 597 1306 775 1337; x_wconf 81' lang='grc' dir='ltr'>ἐπιθανάτια</span> <span class='ocrx_word' id='word_1_87' title='bbox 787 1306 966 1346; x_wconf 78' lang='grc' dir='ltr'>ἐντετυλιγ-</span> 
     </span>
     <span class='ocr_line' id='line_1_18' title="bbox 263 1357 964 1397; baseline 0 -9"><span class='ocrx_word' id='word_1_88' title='bbox 263 1357 358 1395; x_wconf 77' lang='grc' dir='ltr'>μέναε</span> <span class='ocrx_word' id='word_1_89' title='bbox 384 1358 489 1397; x_wconf 84' lang='lat' dir='ltr'>Lege,</span> <span class='ocrx_word' id='word_1_90' title='bbox 518 1359 652 1394; x_wconf 84' lang='grc' dir='ltr'>Κηρεΐαι,</span> <span class='ocrx_word' id='word_1_91' title='bbox 682 1357 701 1388; x_wconf 78' lang='grc' dir='ltr'>ἃ</span> <span class='ocrx_word' id='word_1_92' title='bbox 717 1357 765 1387; x_wconf 80' lang='grc' dir='ltr'><strong>ἐπὶ</strong></span> <span class='ocrx_word' id='word_1_93' title='bbox 782 1357 902 1397; x_wconf 82' lang='grc' dir='ltr'>θανάτῳ</span> <span class='ocrx_word' id='word_1_94' title='bbox 918 1359 964 1388; x_wconf 91' lang='grc' dir='ltr'><strong>ἐν-</strong></span> 
     </span>
     <span class='ocr_line' id='line_1_19' title="bbox 263 1406 965 1449; baseline -0.001 -10"><span class='ocrx_word' id='word_1_95' title='bbox 263 1406 482 1446; x_wconf 74' lang='grc' dir='ltr'>τετυλιγμένα,</span> <span class='ocrx_word' id='word_1_96' title='bbox 497 1408 528 1438; x_wconf 93' lang='lat' dir='ltr'><strong>id</strong></span> <span class='ocrx_word' id='word_1_97' title='bbox 547 1415 612 1447; x_wconf 89' lang='lat' dir='ltr'><strong>est,</strong></span> <span class='ocrx_word' id='word_1_98' title='bbox 628 1414 636 1426; x_wconf 85' lang='lat'><em>¹</em></span> <span class='ocrx_word' id='word_1_99' title='bbox 648 1409 785 1449; x_wconf 82' lang='grc' dir='ltr'>Κηρεῖαι,</span> <span class='ocrx_word' id='word_1_100' title='bbox 797 1418 871 1449; x_wconf 82' lang='lat' dir='ltr'><strong>quae</strong></span> <span class='ocrx_word' id='word_1_101' title='bbox 887 1413 965 1449; x_wconf 88' lang='lat' dir='ltr'><strong>post</strong></span> 
     </span>
     <span class='ocr_line' id='line_1_20' title="bbox 263 1458 964 1491; baseline 0 -1"><span class='ocrx_word' id='word_1_102' title='bbox 263 1465 408 1490; x_wconf 84' lang='lat' dir='ltr'><strong>mortem</strong></span> <span class='ocrx_word' id='word_1_103' title='bbox 421 1460 560 1490; x_wconf 79' lang='lat' dir='ltr'><strong>mortuis</strong></span> <span class='ocrx_word' id='word_1_104' title='bbox 572 1458 813 1491; x_wconf 87' lang='lat' dir='ltr'><strong>involvuntur.&#39;</strong></span> <span class='ocrx_word' id='word_1_105' title='bbox 838 1460 885 1490; x_wconf 89' lang='lat' dir='ltr'><strong>Iis</strong></span> <span class='ocrx_word' id='word_1_106' title='bbox 899 1460 964 1491; x_wconf 89' lang='lat' dir='ltr'><strong>Ro-</strong></span> 
     </span>
     <span class='ocr_line' id='line_1_21' title="bbox 263 1510 967 1552; baseline 0 -11"><span class='ocrx_word' id='word_1_107' title='bbox 263 1512 354 1542; x_wconf 86' lang='lat' dir='ltr'><strong>mani</strong></span> <span class='ocrx_word' id='word_1_108' title='bbox 378 1520 444 1541; x_wconf 90' lang='lat' dir='ltr'><strong>non</strong></span> <span class='ocrx_word' id='word_1_109' title='bbox 471 1510 668 1550; x_wconf 83' lang='lat' dir='ltr'><strong>utebantur,</strong></span> <span class='ocrx_word' id='word_1_110' title='bbox 685 1511 774 1552; x_wconf 89' lang='lat' dir='ltr'>quod</span> <span class='ocrx_word' id='word_1_111' title='bbox 798 1510 967 1542; x_wconf 86' lang='lat' dir='ltr'><strong>cadavera</strong></span> 
     </span>
     <span class='ocr_line' id='line_1_22' title="bbox 263 1561 962 1593; baseline -0.001 -1"><span class='ocrx_word' id='word_1_112' title='bbox 263 1561 513 1592; x_wconf 81' lang='lat' dir='ltr'>comburerent.</span> <span class='ocrx_word' id='word_1_113' title='bbox 558 1563 613 1592; x_wconf 90' lang='lat' dir='ltr'><strong>De</strong></span> <span class='ocrx_word' id='word_1_114' title='bbox 630 1562 693 1592; x_wconf 90' lang='lat' dir='ltr'><strong>illis</strong></span> <span class='ocrx_word' id='word_1_115' title='bbox 711 1561 820 1592; x_wconf 83' lang='lat' dir='ltr'><strong>taeniis</strong></span> <span class='ocrx_word' id='word_1_116' title='bbox 838 1562 962 1593; x_wconf 83' lang='lat' dir='ltr'><strong>intelli-</strong></span> 
     </span>
     <span class='ocr_line' id='line_1_23' title="bbox 262 1612 964 1653; baseline 0 -11"><span class='ocrx_word' id='word_1_117' title='bbox 262 1612 313 1653; x_wconf 82' lang='lat' dir='ltr'><strong>git</strong></span> <span class='ocrx_word' id='word_1_118' title='bbox 326 1612 578 1650; x_wconf 80' lang='lat' dir='ltr'><strong>Artemidorus,</strong></span> <span class='ocrx_word' id='word_1_119' title='bbox 595 1623 669 1643; x_wconf 90' lang='lat' dir='ltr'><strong>cum</strong></span> <span class='ocrx_word' id='word_1_120' title='bbox 687 1613 818 1648; x_wconf 82' lang='lat' dir='ltr'><strong>scribit,</strong></span> <span class='ocrx_word' id='word_1_121' title='bbox 841 1612 871 1643; x_wconf 78' lang='grc' dir='ltr'><strong>οἱ</strong></span> <span class='ocrx_word' id='word_1_122' title='bbox 890 1612 964 1643; x_wconf 83' lang='grc' dir='ltr'>ἀπο-</span> 
     </span>
     <span class='ocr_line' id='line_1_24' title="bbox 261 1662 963 1702; baseline 0 -9"><span class='ocrx_word' id='word_1_123' title='bbox 261 1662 404 1694; x_wconf 82' lang='grc' dir='ltr'>θανόντες</span> <span class='ocrx_word' id='word_1_124' title='bbox 429 1662 627 1702; x_wconf 83' lang='grc' dir='ltr'>ἐσχισμένοις</span> <span class='ocrx_word' id='word_1_125' title='bbox 652 1663 841 1694; x_wconf 80' lang='grc' dir='ltr'>ἐνειλοῦνται</span> <span class='ocrx_word' id='word_1_126' title='bbox 874 1662 963 1702; x_wconf 85' lang='grc' dir='ltr'>ῥάκε-</span> 
     </span>
     <span class='ocr_line' id='line_1_25' title="bbox 259 1713 962 1754; baseline -0.001 -9"><span class='ocrx_word' id='word_1_127' title='bbox 259 1725 321 1753; x_wconf 74' lang='grc' dir='ltr'><strong>σιν,</strong></span> <span class='ocrx_word' id='word_1_128' title='bbox 349 1714 388 1744; x_wconf 83' lang='grc' dir='ltr'><strong>ὡς</strong></span> <span class='ocrx_word' id='word_1_129' title='bbox 411 1713 451 1744; x_wconf 83' lang='grc' dir='ltr'><strong>τὰ</strong></span> <span class='ocrx_word' id='word_1_130' title='bbox 475 1713 589 1754; x_wconf 82' lang='grc' dir='ltr'>βρέφη,</span> <span class='ocrx_word' id='word_1_131' title='bbox 621 1714 670 1744; x_wconf 80' lang='grc' dir='ltr'><strong>καὶ</strong></span> <span class='ocrx_word' id='word_1_132' title='bbox 694 1713 792 1753; x_wconf 75' lang='grc' dir='ltr'>χαμαὶ</span> <span class='ocrx_word' id='word_1_133' title='bbox 817 1714 962 1744; x_wconf 84' lang='grc' dir='ltr'>τίθενται.</span> 
     </span>
     <span class='ocr_line' id='line_1_26' title="bbox 258 1764 961 1805; baseline 0.003 -11"><span class='ocrx_word' id='word_1_134' title='bbox 258 1764 300 1794; x_wconf 85' lang='lat' dir='ltr'><strong>Id</strong></span> <span class='ocrx_word' id='word_1_135' title='bbox 325 1770 389 1805; x_wconf 81' lang='lat' dir='ltr'><strong>est,</strong></span> <span class='ocrx_word' id='word_1_136' title='bbox 416 1765 425 1780; x_wconf 84' lang='lat'><em>⁴</em></span> <span class='ocrx_word' id='word_1_137' title='bbox 449 1765 573 1796; x_wconf 85' lang='lat' dir='ltr'><strong>mortui</strong></span> <span class='ocrx_word' id='word_1_138' title='bbox 600 1765 713 1796; x_wconf 86' lang='lat' dir='ltr'><strong>scissis</strong></span> <span class='ocrx_word' id='word_1_139' title='bbox 742 1766 961 1796; x_wconf 87' lang='lat' dir='ltr'><strong>involvuntur</strong></span> 
     </span>
     <span class='ocr_line' id='line_1_27' title="bbox 257 1815 959 1856; baseline 0 -11"><span class='ocrx_word' id='word_1_140' title='bbox 257 1815 385 1854; x_wconf 82' lang='lat' dir='ltr'><strong>linteis,</strong></span> <span class='ocrx_word' id='word_1_141' title='bbox 409 1819 445 1845; x_wconf 87' lang='lat' dir='ltr'><strong>ut</strong></span> <span class='ocrx_word' id='word_1_142' title='bbox 463 1815 572 1856; x_wconf 82' lang='lat' dir='ltr'><strong>pueri,</strong></span> <span class='ocrx_word' id='word_1_143' title='bbox 587 1820 622 1846; x_wconf 87' lang='lat' dir='ltr'><strong>et</strong></span> <span class='ocrx_word' id='word_1_144' title='bbox 637 1816 727 1847; x_wconf 83' lang='lat' dir='ltr'><strong>humi</strong></span> <span class='ocrx_word' id='word_1_145' title='bbox 745 1815 959 1846; x_wconf 87' lang='lat' dir='ltr'><strong>conduntur.’</strong></span> 
     </span>
     <span class='ocr_line' id='line_1_28' title="bbox 256 1865 958 1898; baseline 0.003 -2"><span class='ocrx_word' id='word_1_146' title='bbox 256 1865 350 1896; x_wconf 88' lang='lat' dir='ltr'><strong>Hinc</strong></span> <span class='ocrx_word' id='word_1_147' title='bbox 384 1866 490 1897; x_wconf 88' lang='lat' dir='ltr'><strong>Divus</strong></span> <span class='ocrx_word' id='word_1_148' title='bbox 517 1866 617 1898; x_wconf 86' lang='lat' dir='ltr'><strong>Joan.</strong></span> <span class='ocrx_word' id='word_1_149' title='bbox 650 1875 702 1897; x_wconf 77' lang='lat' dir='ltr'><strong>xi.</strong></span> <span class='ocrx_word' id='word_1_150' title='bbox 734 1867 776 1897; x_wconf 87' lang='lat' dir='ltr'><strong>de</strong></span> <span class='ocrx_word' id='word_1_151' title='bbox 808 1867 958 1898; x_wconf 85' lang='lat' dir='ltr'>Lazaro:</span> 
     </span>
     <span class='ocr_line' id='line_1_29' title="bbox 259 1915 960 1955; baseline 0.003 -9"><span class='ocrx_word' id='word_1_152' title='bbox 259 1916 384 1954; x_wconf 81' lang='grc' dir='ltr'>ἐξῆλθεν</span> <span class='ocrx_word' id='word_1_153' title='bbox 400 1917 416 1946; x_wconf 89' lang='grc' dir='ltr'>ὁ</span> <span class='ocrx_word' id='word_1_154' title='bbox 431 1918 585 1954; x_wconf 81' lang='grc' dir='ltr'>τεθνηκὼς</span> <span class='ocrx_word' id='word_1_155' title='bbox 606 1915 764 1955; x_wconf 82' lang='grc' dir='ltr'>δεδεμένος</span> <span class='ocrx_word' id='word_1_156' title='bbox 779 1917 852 1948; x_wconf 81' lang='grc' dir='ltr'>τοὺς</span> <span class='ocrx_word' id='word_1_157' title='bbox 866 1917 960 1948; x_wconf 85' lang='grc' dir='ltr'><strong><em>πόδας</em></strong></span> 
     </span>
     <span class='ocr_line' id='line_1_30' title="bbox 257 1967 958 2007; baseline 0.001 -10"><span class='ocrx_word' id='word_1_158' title='bbox 257 1967 308 1997; x_wconf 82' lang='grc' dir='ltr'><strong>καὶ</strong></span> <span class='ocrx_word' id='word_1_159' title='bbox 323 1967 380 1998; x_wconf 82' lang='grc' dir='ltr'><strong>τὰς</strong></span> <span class='ocrx_word' id='word_1_160' title='bbox 394 1969 501 2006; x_wconf 79' lang='grc' dir='ltr'>χεῖρας</span> <span class='ocrx_word' id='word_1_161' title='bbox 516 1967 649 2007; x_wconf 76' lang='grc' dir='ltr'><strong><em>κειρίαις,</em></strong></span> <span class='ocrx_word' id='word_1_162' title='bbox 670 1969 678 1984; x_wconf 88' lang='lat'>‘</span> <span class='ocrx_word' id='word_1_163' title='bbox 690 1968 734 1998; x_wconf 83' lang='lat' dir='ltr'><strong>Et</strong></span> <span class='ocrx_word' id='word_1_164' title='bbox 751 1968 865 1998; x_wconf 86' lang='lat' dir='ltr'><strong>statim</strong></span> <span class='ocrx_word' id='word_1_165' title='bbox 883 1977 958 2007; x_wconf 86' lang='lat' dir='ltr'><strong>pro-</strong></span> 
     </span>
     <span class='ocr_line' id='line_1_31' title="bbox 257 2016 958 2058; baseline 0 -10"><span class='ocrx_word' id='word_1_166' title='bbox 257 2016 319 2048; x_wconf 87' lang='lat' dir='ltr'><strong>diit</strong></span> <span class='ocrx_word' id='word_1_167' title='bbox 334 2018 390 2058; x_wconf 85' lang='lat' dir='ltr'><strong>qui</strong></span> <span class='ocrx_word' id='word_1_168' title='bbox 408 2016 523 2048; x_wconf 86' lang='lat' dir='ltr'><strong>fuerat</strong></span> <span class='ocrx_word' id='word_1_169' title='bbox 539 2023 702 2056; x_wconf 68' lang='lat' dir='ltr'><strong>mortum,</strong></span> <span class='ocrx_word' id='word_1_170' title='bbox 714 2018 838 2057; x_wconf 78' lang='lat' dir='ltr'><strong>ligatus</strong></span> <span class='ocrx_word' id='word_1_171' title='bbox 854 2018 958 2058; x_wconf 86' lang='lat' dir='ltr'><strong>pedes</strong></span> 
     </span>
     <span class='ocr_line' id='line_1_32' title="bbox 257 2068 958 2099; baseline 0.001 -1"><span class='ocrx_word' id='word_1_172' title='bbox 257 2073 293 2098; x_wconf 83' lang='lat' dir='ltr'><strong>et</strong></span> <span class='ocrx_word' id='word_1_173' title='bbox 307 2078 425 2099; x_wconf 84' lang='lat' dir='ltr'><strong>manus</strong></span> <span class='ocrx_word' id='word_1_174' title='bbox 443 2068 590 2099; x_wconf 60' lang='lat' dir='ltr'><strong>institis!</strong></span> <span class='ocrx_word' id='word_1_175' title='bbox 631 2069 719 2099; x_wconf 87' lang='lat' dir='ltr'><strong>Nam</strong></span> <span class='ocrx_word' id='word_1_176' title='bbox 737 2069 862 2099; x_wconf 69' lang='lat' dir='ltr'><strong>institae</strong></span> <span class='ocrx_word' id='word_1_177' title='bbox 879 2073 958 2099; x_wconf 89' lang='lat' dir='ltr'><strong>suut</strong></span> 
     </span>
     <span class='ocr_line' id='line_1_33' title="bbox 257 2117 628 2158; baseline -0.003 -9"><span class='ocrx_word' id='word_1_178' title='bbox 257 2117 387 2158; x_wconf 83' lang='lat' dir='ltr'><strong>fasciae,</strong></span> <span class='ocrx_word' id='word_1_179' title='bbox 404 2119 508 2150; x_wconf 87' lang='lat' dir='ltr'><strong>limbi.</strong></span> <span class='ocrx_word' id='word_1_180' title='bbox 530 2119 628 2149; x_wconf 82' lang='lat' dir='ltr'><strong>Idem.</strong></span> 
     </span>
    </p>

    <p class='ocr_par' dir='ltr' id='par_1_15' title="bbox 257 2167 957 2353">
     <span class='ocr_line' id='line_1_34' title="bbox 300 2167 956 2210; baseline -0.003 -10"><span class='ocrx_word' id='word_1_181' title='bbox 300 2167 308 2188; x_wconf 82' lang='lat'><strong>¹</strong></span> <span class='ocrx_word' id='word_1_182' title='bbox 330 2170 414 2201; x_wconf 84' lang='lat' dir='ltr'><strong>Dum</strong></span> <span class='ocrx_word' id='word_1_183' title='bbox 432 2168 576 2210; x_wconf 66' lang='lat' dir='ltr'><strong>toeniztm]</strong></span> <span class='ocrx_word' id='word_1_184' title='bbox 604 2168 669 2199; x_wconf 90' lang='lat' dir='ltr'><strong>Hic</strong></span> <span class='ocrx_word' id='word_1_185' title='bbox 686 2168 814 2199; x_wconf 78' lang='lat' dir='ltr'><strong>toeniam</strong></span> <span class='ocrx_word' id='word_1_186' title='bbox 831 2168 956 2209; x_wconf 86' lang='lat' dir='ltr'><strong>simpli-</strong></span> 
     </span>
     <span class='ocr_line' id='line_1_35' title="bbox 257 2218 957 2259; baseline 0 -9"><span class='ocrx_word' id='word_1_187' title='bbox 257 2220 344 2251; x_wconf 88' lang='lat' dir='ltr'><strong>citer</strong></span> <span class='ocrx_word' id='word_1_188' title='bbox 382 2219 508 2259; x_wconf 83' lang='lat' dir='ltr'><strong>vittam,</strong></span> <span class='ocrx_word' id='word_1_189' title='bbox 539 2218 706 2257; x_wconf 80' lang='lat' dir='ltr'><strong>fascidlam</strong></span> <span class='ocrx_word' id='word_1_190' title='bbox 737 2219 957 2259; x_wconf 86' lang='lat' dir='ltr'><strong>interpretor.</strong></span> 
     </span>
     <span class='ocr_line' id='line_1_36' title="bbox 259 2268 957 2311; baseline -0.003 -10"><span class='ocrx_word' id='word_1_191' title='bbox 259 2270 383 2311; x_wconf 81' lang='lat' dir='ltr'>Neque</span> <span class='ocrx_word' id='word_1_192' title='bbox 406 2269 584 2310; x_wconf 85' lang='lat' dir='ltr'><strong>quicquam</strong></span> <span class='ocrx_word' id='word_1_193' title='bbox 614 2269 656 2300; x_wconf 87' lang='lat' dir='ltr'><strong>ad</strong></span> <span class='ocrx_word' id='word_1_194' title='bbox 684 2268 799 2299; x_wconf 88' lang='lat' dir='ltr'><strong>Verrii</strong></span> <span class='ocrx_word' id='word_1_195' title='bbox 823 2274 957 2300; x_wconf 87' lang='lat' dir='ltr'><strong>senteu-</strong></span> 
     </span>
     <span class='ocr_line' id='line_1_37' title="bbox 257 2321 574 2353; baseline -0.006 0"><span class='ocrx_word' id='word_1_196' title='bbox 257 2323 338 2353; x_wconf 86' lang='lat' dir='ltr'><strong>tiam</strong></span> <span class='ocrx_word' id='word_1_197' title='bbox 356 2321 450 2352; x_wconf 87' lang='lat' dir='ltr'><strong>facit.</strong></span> <span class='ocrx_word' id='word_1_198' title='bbox 477 2321 574 2351; x_wconf 79' lang='lat' dir='ltr'><strong>Idem.</strong></span> 
     </span>
    </p>

    <p class='ocr_par' dir='ltr' id='par_1_16' title="bbox 255 2370 955 2666">
     <span class='ocr_line' id='line_1_38' title="bbox 299 2370 955 2412; baseline -0.003 -9"><span class='ocrx_word' id='word_1_199' title='bbox 299 2372 313 2393; x_wconf 66' lang='grc' dir='ltr'><strong>Κ</strong></span> <span class='ocrx_word' id='word_1_200' title='bbox 337 2372 496 2403; x_wconf 78' lang='lat' dir='ltr'><strong>Decorure</strong></span> <span class='ocrx_word' id='word_1_201' title='bbox 523 2376 568 2403; x_wconf 79' lang='lat' dir='ltr'><strong>est</strong></span> <span class='ocrx_word' id='word_1_202' title='bbox 599 2371 712 2412; x_wconf 76' lang='lat' dir='ltr'><strong>satius]</strong></span> <span class='ocrx_word' id='word_1_203' title='bbox 737 2371 898 2412; x_wconf 84' lang='lat' dir='ltr'><strong>Suspicor</strong></span> <span class='ocrx_word' id='word_1_204' title='bbox 922 2370 955 2401; x_wconf 88' lang='lat' dir='ltr'><strong>in</strong></span> 
     </span>
     <span class='ocr_line' id='line_1_39' title="bbox 256 2421 952 2464; baseline -0.004 -10"><span class='ocrx_word' id='word_1_205' title='bbox 256 2432 356 2454; x_wconf 88' lang='lat' dir='ltr'><strong>versu</strong></span> <span class='ocrx_word' id='word_1_206' title='bbox 373 2423 428 2464; x_wconf 90' lang='lat' dir='ltr'><strong>qui</strong></span> <span class='ocrx_word' id='word_1_207' title='bbox 443 2423 529 2453; x_wconf 83' lang='lat' dir='ltr'><strong>bunc</strong></span> <span class='ocrx_word' id='word_1_208' title='bbox 548 2423 765 2463; x_wconf 80' lang='lat' dir='ltr'><strong>praecedebat</strong></span> <span class='ocrx_word' id='word_1_209' title='bbox 781 2421 823 2452; x_wconf 88' lang='lat' dir='ltr'><strong>de</strong></span> <span class='ocrx_word' id='word_1_210' title='bbox 840 2421 952 2461; x_wconf 89' lang='lat' dir='ltr'><strong>sepul-</strong></span> 
     </span>
     <span class='ocr_line' id='line_1_40' title="bbox 255 2469 955 2505; baseline -0.003 0"><span class='ocrx_word' id='word_1_211' title='bbox 255 2483 313 2505; x_wconf 87' lang='lat' dir='ltr'><strong>cro</strong></span> <span class='ocrx_word' id='word_1_212' title='bbox 328 2474 476 2504; x_wconf 88' lang='lat' dir='ltr'><strong>locutum</strong></span> <span class='ocrx_word' id='word_1_213' title='bbox 494 2472 640 2505; x_wconf 82' lang='lat' dir='ltr'><strong>Attium.</strong></span> <span class='ocrx_word' id='word_1_214' title='bbox 686 2473 798 2504; x_wconf 82' lang='lat' dir='ltr'><strong>Satius</strong></span> <span class='ocrx_word' id='word_1_215' title='bbox 822 2478 873 2503; x_wconf 82' lang='lat' dir='ltr'><strong>est</strong></span> <span class='ocrx_word' id='word_1_216' title='bbox 896 2469 955 2503; x_wconf 61' lang='lat' dir='ltr'><strong>dess</strong></span> 
     </span>
     <span class='ocr_line' id='line_1_41' title="bbox 256 2524 954 2565; baseline -0.004 -9"><span class='ocrx_word' id='word_1_217' title='bbox 256 2534 374 2557; x_wconf 79' lang='lat' dir='ltr'><strong>corare</strong></span> <span class='ocrx_word' id='word_1_218' title='bbox 400 2524 593 2565; x_wconf 86' lang='lat' dir='ltr'><strong>sepulcrum</strong></span> <span class='ocrx_word' id='word_1_219' title='bbox 617 2524 741 2562; x_wconf 62' lang='lat' dir='ltr'><strong>tamis,</strong></span> <span class='ocrx_word' id='word_1_220' title='bbox 771 2533 870 2564; x_wconf 89' lang='lat' dir='ltr'><strong>quam</strong></span> <span class='ocrx_word' id='word_1_221' title='bbox 899 2532 954 2553; x_wconf 88' lang='lat' dir='ltr'><strong>ur-</strong></span> 
     </span>
     <span class='ocr_line' id='line_1_42' title="bbox 256 2574 953 2614; baseline -0.004 -7"><span class='ocrx_word' id='word_1_222' title='bbox 256 2577 344 2607; x_wconf 87' lang='lat' dir='ltr'><strong>bem.</strong></span> <span class='ocrx_word' id='word_1_223' title='bbox 384 2575 558 2606; x_wconf 84' lang='lat' dir='ltr'><strong>Fruterius</strong></span> <span class='ocrx_word' id='word_1_224' title='bbox 575 2574 714 2614; x_wconf 85' lang='lat' dir='ltr'><strong>legebat</strong></span> <span class='ocrx_word' id='word_1_225' title='bbox 730 2574 815 2605; x_wconf 77' lang='lat' dir='ltr'><strong>Deos</strong></span> <span class='ocrx_word' id='word_1_226' title='bbox 831 2583 953 2614; x_wconf 80' lang='lat' dir='ltr'><strong>ornare,</strong></span> 
     </span>
     <span class='ocr_line' id='line_1_43' title="bbox 256 2624 901 2666; baseline -0.005 -8"><span class='ocrx_word' id='word_1_227' title='bbox 256 2627 314 2658; x_wconf 89' lang='lat' dir='ltr'><strong>lib.</strong></span> <span class='ocrx_word' id='word_1_228' title='bbox 331 2635 372 2656; x_wconf 90' lang='lat'><strong>11.</strong></span> <span class='ocrx_word' id='word_1_229' title='bbox 398 2636 473 2666; x_wconf 87' lang='lat' dir='ltr'><strong>cap.</strong></span> <span class='ocrx_word' id='word_1_230' title='bbox 489 2629 520 2656; x_wconf 92' lang='lat'><strong>5.</strong></span> <span class='ocrx_word' id='word_1_231' title='bbox 536 2625 779 2655; x_wconf 76' lang='lat' dir='ltr'><strong>verisimilium.</strong></span> <span class='ocrx_word' id='word_1_232' title='bbox 805 2624 901 2655; x_wconf 81' lang='lat' dir='ltr'><strong>Idem.</strong></span> 
     </span>
    </p>

    <p class='ocr_par' dir='ltr' id='par_1_17' title="bbox 254 2674 952 2818">
     <span class='ocr_line' id='line_1_44' title="bbox 296 2674 952 2717; baseline -0.005 -10"><span class='ocrx_word' id='word_1_233' title='bbox 296 2678 302 2697; x_wconf 82' lang='lat'><strong>¹</strong></span> <span class='ocrx_word' id='word_1_234' title='bbox 341 2676 506 2717; x_wconf 78' lang='lat' dir='ltr'><strong>Toepocon]</strong></span> <span class='ocrx_word' id='word_1_235' title='bbox 540 2676 752 2706; x_wconf 73' lang='lat' dir='ltr'><strong>varietatem</strong></span> <span class='ocrx_word' id='word_1_236' title='bbox 788 2674 952 2705; x_wconf 87' lang='lat' dir='ltr'><strong>librorum</strong></span> 
     </span>
     <span class='ocr_line' id='line_1_45' title="bbox 254 2725 952 2766; baseline -0.006 -8"><span class='ocrx_word' id='word_1_237' title='bbox 254 2729 286 2758; x_wconf 87' lang='lat' dir='ltr'><strong>in</strong></span> <span class='ocrx_word' id='word_1_238' title='bbox 303 2728 454 2766; x_wconf 85' lang='lat' dir='ltr'><strong>margine</strong></span> <span class='ocrx_word' id='word_1_239' title='bbox 466 2725 569 2757; x_wconf 80' lang='lat' dir='ltr'><strong>scribi</strong></span> <span class='ocrx_word' id='word_1_240' title='bbox 583 2726 773 2757; x_wconf 82' lang='lat' dir='ltr'><strong>curavimus</strong></span> <span class='ocrx_word' id='word_1_241' title='bbox 791 2736 796 2753; x_wconf 76' lang='lat'>1</span> <span class='ocrx_word' id='word_1_242' title='bbox 822 2725 881 2756; x_wconf 84' lang='lat' dir='ltr'><strong>sed</strong></span> <span class='ocrx_word' id='word_1_243' title='bbox 899 2725 952 2755; x_wconf 93' lang='lat' dir='ltr'><strong>cui</strong></span> 
     </span>
     <span class='ocr_line' id='line_1_46' title="bbox 254 2774 952 2818; baseline -0.006 -9"><span class='ocrx_word' id='word_1_244' title='bbox 254 2778 498 2818; x_wconf 78' lang='lat' dir='ltr'><strong>adhaereamus,</strong></span> <span class='ocrx_word' id='word_1_245' title='bbox 530 2786 594 2808; x_wconf 87' lang='lat' dir='ltr'><strong>nou</strong></span> <span class='ocrx_word' id='word_1_246' title='bbox 627 2775 800 2807; x_wconf 84' lang='lat' dir='ltr'><strong>babemus.</strong></span> <span class='ocrx_word' id='word_1_247' title='bbox 852 2774 952 2807; x_wconf 75' lang='lat' dir='ltr'>Quod</span> 
     </span>
    </p>
   </div>
   <div class='ocr_carea' id='block_1_14' title="bbox 1006 1307 1715 2767">
    <p class='ocr_par' dir='ltr' id='par_1_18' title="bbox 1013 1307 1715 1651">
     <span class='ocr_line' id='line_1_47' title="bbox 1017 1307 1715 1340; baseline 0.004 -4"><span class='ocrx_word' id='word_1_248' title='bbox 1017 1316 1097 1337; x_wconf 78' lang='lat' dir='ltr'>vero</span> <span class='ocrx_word' id='word_1_249' title='bbox 1115 1307 1227 1339; x_wconf 81' lang='lat' dir='ltr'><strong>Cicer.</strong></span> <span class='ocrx_word' id='word_1_250' title='bbox 1245 1307 1304 1340; x_wconf 89' lang='lat' dir='ltr'><strong>lib.</strong></span> <span class='ocrx_word' id='word_1_251' title='bbox 1321 1317 1360 1339; x_wconf 89' lang='lat'><strong>11.</strong></span> <span class='ocrx_word' id='word_1_252' title='bbox 1376 1308 1419 1338; x_wconf 80' lang='lat' dir='ltr'><strong>de</strong></span> <span class='ocrx_word' id='word_1_253' title='bbox 1448 1307 1567 1338; x_wconf 89' lang='lat' dir='ltr'><strong>Divin.</strong></span> <span class='ocrx_word' id='word_1_254' title='bbox 1595 1308 1715 1339; x_wconf 82' lang='lat' dir='ltr'><strong>asserit</strong></span> 
     </span>
     <span class='ocr_line' id='line_1_48' title="bbox 1016 1358 1714 1400; baseline 0.004 -13"><span class='ocrx_word' id='word_1_255' title='bbox 1016 1358 1179 1398; x_wconf 80' lang='lat' dir='ltr'><strong>Sibyllam</strong></span> <span class='ocrx_word' id='word_1_256' title='bbox 1193 1359 1345 1400; x_wconf 87' lang='lat' dir='ltr'><strong>quaedam</strong></span> <span class='ocrx_word' id='word_1_257' title='bbox 1360 1358 1462 1389; x_wconf 89' lang='lat' dir='ltr'><strong>verba</strong></span> <span class='ocrx_word' id='word_1_258' title='bbox 1480 1359 1527 1390; x_wconf 84' lang='lat' dir='ltr'><strong>ita</strong></span> <span class='ocrx_word' id='word_1_259' title='bbox 1541 1358 1714 1400; x_wconf 87' lang='lat' dir='ltr'><strong>reliquisse</strong></span> 
     </span>
     <span class='ocr_line' id='line_1_49' title="bbox 1016 1409 1714 1450; baseline 0.001 -11"><span class='ocrx_word' id='word_1_260' title='bbox 1016 1409 1155 1449; x_wconf 81' lang='lat' dir='ltr'><strong>scripta,</strong></span> <span class='ocrx_word' id='word_1_261' title='bbox 1185 1419 1259 1450; x_wconf 82' lang='lat' dir='ltr'><strong>quae</strong></span> <span class='ocrx_word' id='word_1_262' title='bbox 1289 1419 1331 1440; x_wconf 85' lang='lat' dir='ltr'><strong>ex</strong></span> <span class='ocrx_word' id='word_1_263' title='bbox 1359 1409 1476 1449; x_wconf 86' lang='lat' dir='ltr'><strong>primis</strong></span> <span class='ocrx_word' id='word_1_264' title='bbox 1502 1409 1714 1450; x_wconf 86' lang='lat' dir='ltr'><strong>singulorum</strong></span> 
     </span>
     <span class='ocr_line' id='line_1_50' title="bbox 1016 1459 1709 1501; baseline 0.004 -13"><span class='ocrx_word' id='word_1_265' title='bbox 1016 1468 1173 1489; x_wconf 88' lang='lat' dir='ltr'><strong>versuum</strong></span> <span class='ocrx_word' id='word_1_266' title='bbox 1200 1459 1308 1490; x_wconf 85' lang='lat' dir='ltr'><strong>literis</strong></span> <span class='ocrx_word' id='word_1_267' title='bbox 1332 1459 1595 1495; x_wconf 77' lang='lat' dir='ltr'><strong>conficerentur,</strong></span> <span class='ocrx_word' id='word_1_268' title='bbox 1633 1469 1709 1501; x_wconf 79' lang='lat' dir='ltr'><strong>quae</strong></span> 
     </span>
     <span class='ocr_line' id='line_1_51' title="bbox 1013 1509 1714 1551; baseline 0 -11"><span class='ocrx_word' id='word_1_269' title='bbox 1013 1509 1056 1540; x_wconf 90' lang='lat' dir='ltr'><strong>ab</strong></span> <span class='ocrx_word' id='word_1_270' title='bbox 1070 1509 1190 1540; x_wconf 85' lang='lat' dir='ltr'><strong>eodem</strong></span> <span class='ocrx_word' id='word_1_271' title='bbox 1211 1510 1393 1550; x_wconf 79' lang='grc' dir='ltr'>ἆκροστιχὶς</span> <span class='ocrx_word' id='word_1_272' title='bbox 1408 1511 1643 1551; x_wconf 84' lang='lat' dir='ltr'><strong>appellantur,</strong></span> <span class='ocrx_word' id='word_1_273' title='bbox 1658 1510 1714 1540; x_wconf 82' lang='lat' dir='ltr'><strong>ha·</strong></span> 
     </span>
     <span class='ocr_line' id='line_1_52' title="bbox 1015 1560 1712 1602; baseline 0.001 -11"><span class='ocrx_word' id='word_1_274' title='bbox 1015 1560 1074 1591; x_wconf 85' lang='lat' dir='ltr'><strong>bet</strong></span> <span class='ocrx_word' id='word_1_275' title='bbox 1091 1561 1214 1602; x_wconf 89' lang='lat' dir='ltr'><strong>aliquid</strong></span> <span class='ocrx_word' id='word_1_276' title='bbox 1232 1571 1307 1592; x_wconf 88' lang='lat' dir='ltr'><strong>cum</strong></span> <span class='ocrx_word' id='word_1_277' title='bbox 1323 1562 1385 1592; x_wconf 90' lang='lat' dir='ltr'><strong>hoc</strong></span> <span class='ocrx_word' id='word_1_278' title='bbox 1396 1561 1565 1592; x_wconf 89' lang='lat' dir='ltr'><strong>scribendi</strong></span> <span class='ocrx_word' id='word_1_279' title='bbox 1586 1571 1712 1601; x_wconf 85' lang='lat' dir='ltr'>genere</span> 
     </span>
     <span class='ocr_line' id='line_1_53' title="bbox 1014 1612 1401 1651; baseline -0.003 -9"><span class='ocrx_word' id='word_1_280' title='bbox 1014 1621 1203 1642; x_wconf 84' lang='lat' dir='ltr'><strong>commune.</strong></span> <span class='ocrx_word' id='word_1_281' title='bbox 1225 1612 1401 1651; x_wconf 80' lang='lat' dir='ltr'><strong>Ant.Aug.</strong></span> 
     </span>
    </p>

    <p class='ocr_par' dir='ltr' id='par_1_19' title="bbox 1016 1661 1711 1743">
     <span class='ocr_line' id='line_1_54' title="bbox 1062 1661 1711 1703; baseline 0.002 -11"><span class='ocrx_word' id='word_1_282' title='bbox 1062 1661 1225 1703; x_wconf 83' lang='lat' dir='ltr'><strong>Toepocon]</strong></span> <span class='ocrx_word' id='word_1_283' title='bbox 1251 1661 1421 1702; x_wconf 84' lang='lat' dir='ltr'><strong>OEdipode</strong></span> <span class='ocrx_word' id='word_1_284' title='bbox 1447 1670 1531 1701; x_wconf 88' lang='lat' dir='ltr'><strong>opus</strong></span> <span class='ocrx_word' id='word_1_285' title='bbox 1555 1665 1618 1692; x_wconf 88' lang='lat' dir='ltr'><strong>est.</strong></span> <span class='ocrx_word' id='word_1_286' title='bbox 1640 1662 1711 1693; x_wconf 77' lang='lat' dir='ltr'><strong>Jos.</strong></span> 
     </span>
     <span class='ocr_line' id='line_1_55' title="bbox 1016 1711 1101 1743; baseline -0.024 0"><span class='ocrx_word' id='word_1_287' title='bbox 1016 1711 1101 1743; x_wconf 80' lang='lat' dir='ltr'><strong>Scal.</strong></span> 
     </span>
    </p>

    <p class='ocr_par' dir='ltr' id='par_1_20' title="bbox 1007 1761 1711 2359">
     <span class='ocr_line' id='line_1_56' title="bbox 1059 1761 1711 1803; baseline 0.002 -10"><span class='ocrx_word' id='word_1_288' title='bbox 1059 1762 1227 1802; x_wconf 80' lang='lat' dir='ltr'><strong>Taepocon]</strong></span> <span class='ocrx_word' id='word_1_289' title='bbox 1252 1761 1450 1800; x_wconf 83' lang='lat' dir='ltr'><strong>Hebraeam,</strong></span> <span class='ocrx_word' id='word_1_290' title='bbox 1466 1762 1519 1792; x_wconf 91' lang='lat' dir='ltr'><strong>vel</strong></span> <span class='ocrx_word' id='word_1_291' title='bbox 1534 1762 1711 1803; x_wconf 83' lang='lat' dir='ltr'><strong>Syriacam</strong></span> 
     </span>
     <span class='ocr_line' id='line_1_57' title="bbox 1013 1813 1711 1855; baseline 0.001 -12"><span class='ocrx_word' id='word_1_292' title='bbox 1013 1823 1131 1844; x_wconf 85' lang='lat' dir='ltr'><strong>vocem</strong></span> <span class='ocrx_word' id='word_1_293' title='bbox 1159 1818 1256 1853; x_wconf 83' lang='lat' dir='ltr'>puto,</span> <span class='ocrx_word' id='word_1_294' title='bbox 1281 1813 1468 1853; x_wconf 71' lang='lat' dir='ltr'><strong>praesertim</strong></span> <span class='ocrx_word' id='word_1_295' title='bbox 1496 1822 1571 1843; x_wconf 81' lang='lat' dir='ltr'><strong>cum</strong></span> <span class='ocrx_word' id='word_1_296' title='bbox 1591 1823 1634 1844; x_wconf 88' lang='lat' dir='ltr'><strong>ea</strong></span> <span class='ocrx_word' id='word_1_297' title='bbox 1651 1813 1711 1855; x_wconf 88' lang='lat' dir='ltr'><strong>Sy-</strong></span> 
     </span>
     <span class='ocr_line' id='line_1_58' title="bbox 1012 1863 1711 1905; baseline 0 -10"><span class='ocrx_word' id='word_1_298' title='bbox 1012 1874 1124 1895; x_wconf 90' lang='lat' dir='ltr'><strong>rorum</strong></span> <span class='ocrx_word' id='word_1_299' title='bbox 1141 1864 1313 1895; x_wconf 87' lang='lat' dir='ltr'><strong>scribendi</strong></span> <span class='ocrx_word' id='word_1_300' title='bbox 1330 1863 1465 1894; x_wconf 89' lang='lat' dir='ltr'><strong>modum</strong></span> <span class='ocrx_word' id='word_1_301' title='bbox 1487 1869 1607 1903; x_wconf 87' lang='lat' dir='ltr'>notet;</span> <span class='ocrx_word' id='word_1_302' title='bbox 1634 1864 1711 1905; x_wconf 80' lang='lat' dir='ltr'><strong>Syri</strong></span> 
     </span>
     <span class='ocr_line' id='line_1_59' title="bbox 1011 1914 1710 1949; baseline 0 -3"><span class='ocrx_word' id='word_1_303' title='bbox 1011 1916 1098 1946; x_wconf 88' lang='lat' dir='ltr'><strong>enim</strong></span> <span class='ocrx_word' id='word_1_304' title='bbox 1125 1925 1191 1946; x_wconf 87' lang='lat' dir='ltr'><strong>non</strong></span> <span class='ocrx_word' id='word_1_305' title='bbox 1208 1925 1226 1946; x_wconf 86' lang='lat' dir='ltr'><strong>a</strong></span> <span class='ocrx_word' id='word_1_306' title='bbox 1250 1915 1373 1946; x_wconf 84' lang='lat' dir='ltr'><strong>dextra</strong></span> <span class='ocrx_word' id='word_1_307' title='bbox 1400 1914 1442 1945; x_wconf 90' lang='lat' dir='ltr'><strong>ad</strong></span> <span class='ocrx_word' id='word_1_308' title='bbox 1468 1915 1649 1949; x_wconf 78' lang='lat' dir='ltr'><strong>sinistram,</strong></span> <span class='ocrx_word' id='word_1_309' title='bbox 1671 1920 1710 1947; x_wconf 89' lang='lat' dir='ltr'><strong>ut</strong></span> 
     </span>
     <span class='ocr_line' id='line_1_60' title="bbox 1011 1966 1707 2003; baseline -0.003 -5"><span class='ocrx_word' id='word_1_310' title='bbox 1011 1967 1155 1998; x_wconf 81' lang='lat' dir='ltr'><strong>Hebraei-</strong></span> <span class='ocrx_word' id='word_1_311' title='bbox 1170 1972 1204 1997; x_wconf 83' lang='lat' dir='ltr'><strong>et</strong></span> <span class='ocrx_word' id='word_1_312' title='bbox 1221 1966 1384 2003; x_wconf 77' lang='lat' dir='ltr'><strong>Clialdaei,</strong></span> <span class='ocrx_word' id='word_1_313' title='bbox 1407 1966 1495 1996; x_wconf 84' lang='lat' dir='ltr'><strong>vela</strong></span> <span class='ocrx_word' id='word_1_314' title='bbox 1511 1966 1649 1997; x_wconf 86' lang='lat' dir='ltr'><strong>sinistra</strong></span> <span class='ocrx_word' id='word_1_315' title='bbox 1665 1966 1707 1996; x_wconf 87' lang='lat' dir='ltr'><strong>ad</strong></span> 
     </span>
     <span class='ocr_line' id='line_1_61' title="bbox 1009 2016 1710 2055; baseline -0.003 -7"><span class='ocrx_word' id='word_1_316' title='bbox 1009 2018 1178 2055; x_wconf 75' lang='lat' dir='ltr'><strong>dextram,</strong></span> <span class='ocrx_word' id='word_1_317' title='bbox 1216 2022 1254 2046; x_wconf 86' lang='lat' dir='ltr'><strong>ut</strong></span> <span class='ocrx_word' id='word_1_318' title='bbox 1284 2016 1398 2046; x_wconf 71' lang='lat' dir='ltr'><strong>Graeci</strong></span> <span class='ocrx_word' id='word_1_319' title='bbox 1423 2021 1457 2046; x_wconf 87' lang='lat' dir='ltr'><strong>et</strong></span> <span class='ocrx_word' id='word_1_320' title='bbox 1486 2016 1609 2053; x_wconf 84' lang='lat' dir='ltr'><strong>Latini,</strong></span> <span class='ocrx_word' id='word_1_321' title='bbox 1649 2016 1710 2047; x_wconf 83' lang='lat' dir='ltr'><strong>sed</strong></span> 
     </span>
     <span class='ocr_line' id='line_1_62' title="bbox 1008 2066 1711 2107; baseline -0.001 -9"><span class='ocrx_word' id='word_1_322' title='bbox 1008 2067 1165 2098; x_wconf 83' lang='lat' dir='ltr'><strong>deorsum</strong></span> <span class='ocrx_word' id='word_1_323' title='bbox 1192 2075 1318 2100; x_wconf 72' lang='lat' dir='ltr'><strong>versus,</strong></span> <span class='ocrx_word' id='word_1_324' title='bbox 1348 2075 1367 2095; x_wconf 86' lang='lat' dir='ltr'><strong>a</strong></span> <span class='ocrx_word' id='word_1_325' title='bbox 1396 2066 1510 2106; x_wconf 83' lang='lat' dir='ltr'><strong>capite</strong></span> <span class='ocrx_word' id='word_1_326' title='bbox 1535 2066 1576 2096; x_wconf 89' lang='lat' dir='ltr'><strong>ad</strong></span> <span class='ocrx_word' id='word_1_327' title='bbox 1607 2067 1711 2107; x_wconf 82' lang='lat' dir='ltr'><strong>pedes</strong></span> 
     </span>
     <span class='ocr_line' id='line_1_63' title="bbox 1008 2115 1710 2147; baseline 0 0"><span class='ocrx_word' id='word_1_328' title='bbox 1008 2127 1125 2147; x_wconf 88' lang='lat' dir='ltr'><strong>versus</strong></span> <span class='ocrx_word' id='word_1_329' title='bbox 1164 2125 1242 2147; x_wconf 90' lang='lat' dir='ltr'><strong>suos</strong></span> <span class='ocrx_word' id='word_1_330' title='bbox 1285 2115 1426 2147; x_wconf 88' lang='lat' dir='ltr'><strong>ducunt.</strong></span> <span class='ocrx_word' id='word_1_331' title='bbox 1486 2115 1710 2147; x_wconf 87' lang='lat' dir='ltr'><strong>Doctissimus</strong></span> 
     </span>
     <span class='ocr_line' id='line_1_64' title="bbox 1007 2166 1709 2199; baseline -0.001 0"><span class='ocrx_word' id='word_1_332' title='bbox 1007 2167 1192 2199; x_wconf 78' lang='lat' dir='ltr'><strong>Martinius</strong></span> <span class='ocrx_word' id='word_1_333' title='bbox 1225 2166 1359 2197; x_wconf 87' lang='lat' dir='ltr'><strong>derivat</strong></span> <span class='ocrx_word' id='word_1_334' title='bbox 1388 2176 1406 2195; x_wconf 92' lang='lat' dir='ltr'><strong>a</strong></span> <span class='ocrx_word' id='word_1_335' title='bbox 1438 2175 1520 2197; x_wconf 85' lang='lat' dir='ltr'><strong>voce</strong></span> <span class='ocrx_word' id='word_1_336' title='bbox 1560 2166 1709 2198; x_wconf 83' lang='lat' dir='ltr'><strong>Hebraea</strong></span> 
     </span>
     <span class='ocr_line' id='line_1_65' title="bbox 1011 2216 1706 2260; baseline -0.003 -11"><span class='ocrx_word' id='word_1_337' title='bbox 1011 2228 1087 2260; x_wconf 78' lang='lat' dir='ltr'><strong>quae</strong></span> <span class='ocrx_word' id='word_1_338' title='bbox 1116 2216 1286 2258; x_wconf 81' lang='lat' dir='ltr'><strong>siguificat</strong></span> <span class='ocrx_word' id='word_1_339' title='bbox 1310 2217 1458 2253; x_wconf 69' lang='lat' dir='ltr'><strong>invertes,</strong></span> <span class='ocrx_word' id='word_1_340' title='bbox 1484 2223 1519 2248; x_wconf 87' lang='lat' dir='ltr'><strong>et</strong></span> <span class='ocrx_word' id='word_1_341' title='bbox 1543 2227 1603 2258; x_wconf 88' lang='lat' dir='ltr'><strong>pro</strong></span> <span class='ocrx_word' id='word_1_342' title='bbox 1620 2220 1706 2249; x_wconf 82' lang='lat' dir='ltr'><strong>deor-</strong></span> 
     </span>
     <span class='ocr_line' id='line_1_66' title="bbox 1008 2267 1707 2309; baseline -0.001 -9"><span class='ocrx_word' id='word_1_343' title='bbox 1008 2280 1078 2300; x_wconf 84' lang='lat' dir='ltr'><strong>sum</strong></span> <span class='ocrx_word' id='word_1_344' title='bbox 1095 2269 1177 2309; x_wconf 83' lang='lat' dir='ltr'><strong>legit</strong></span> <span class='ocrx_word' id='word_1_345' title='bbox 1193 2271 1374 2307; x_wconf 78' lang='lat' dir='ltr'><strong>retrorsum,</strong></span> <span class='ocrx_word' id='word_1_346' title='bbox 1391 2269 1482 2308; x_wconf 77' lang='lat' dir='ltr'><strong>quasi</strong></span> <span class='ocrx_word' id='word_1_347' title='bbox 1503 2267 1547 2298; x_wconf 89' lang='lat' dir='ltr'><strong>ibi</strong></span> <span class='ocrx_word' id='word_1_348' title='bbox 1564 2268 1707 2299; x_wconf 85' lang='lat' dir='ltr'><strong>Hebrae-</strong></span> 
     </span>
     <span class='ocr_line' id='line_1_67' title="bbox 1008 2318 1567 2359; baseline -0.005 -8"><span class='ocrx_word' id='word_1_349' title='bbox 1008 2330 1106 2351; x_wconf 83' lang='lat' dir='ltr'><strong>orum</strong></span> <span class='ocrx_word' id='word_1_350' title='bbox 1125 2319 1295 2359; x_wconf 86' lang='lat' dir='ltr'><strong>scriptura</strong></span> <span class='ocrx_word' id='word_1_351' title='bbox 1312 2323 1460 2350; x_wconf 81' lang='lat' dir='ltr'><strong>notetur.</strong></span> <span class='ocrx_word' id='word_1_352' title='bbox 1485 2318 1567 2349; x_wconf 74' lang='lat' dir='ltr'><strong>Duc.</strong></span> 
     </span>
    </p>

    <p class='ocr_par' dir='ltr' id='par_1_21' title="bbox 1006 2368 1708 2767">
     <span class='ocr_line' id='line_1_68' title="bbox 1053 2368 1706 2410; baseline -0.002 -9"><span class='ocrx_word' id='word_1_353' title='bbox 1053 2369 1250 2410; x_wconf 81' lang='lat' dir='ltr'><strong>Legendum</strong></span> <span class='ocrx_word' id='word_1_354' title='bbox 1269 2368 1476 2408; x_wconf 66' lang='grc' dir='ltr'><em>ΤοὶῐρονεΙιοη,</em></span> <span class='ocrx_word' id='word_1_355' title='bbox 1494 2368 1557 2400; x_wconf 78' lang='grc' dir='ltr'>Ιιοε</span> <span class='ocrx_word' id='word_1_356' title='bbox 1580 2373 1644 2404; x_wconf 83' lang='lat' dir='ltr'><strong>est,</strong></span> <span class='ocrx_word' id='word_1_357' title='bbox 1669 2370 1706 2399; x_wconf 85' lang='grc' dir='ltr'><strong>τὸ</strong></span> 
     </span>
     <span class='ocr_line' id='line_1_69' title="bbox 1009 2418 1708 2461; baseline -0.003 -9"><span class='ocrx_word' id='word_1_358' title='bbox 1009 2421 1058 2452; x_wconf 82' lang='grc' dir='ltr'><strong>ἐπ’</strong></span> <span class='ocrx_word' id='word_1_359' title='bbox 1086 2420 1193 2461; x_wconf 84' lang='grc' dir='ltr'>ὄρχον,</span> <span class='ocrx_word' id='word_1_360' title='bbox 1218 2419 1274 2449; x_wconf 91' lang='lat' dir='ltr'><strong>ubi</strong></span> <span class='ocrx_word' id='word_1_361' title='bbox 1303 2419 1410 2449; x_wconf 79' lang='lat' dir='ltr'><strong>literae</strong></span> <span class='ocrx_word' id='word_1_362' title='bbox 1439 2424 1515 2449; x_wconf 87' lang='lat' dir='ltr'><strong>sunt</strong></span> <span class='ocrx_word' id='word_1_363' title='bbox 1538 2419 1585 2448; x_wconf 79' lang='grc' dir='ltr'><strong>ἐπ’</strong></span> <span class='ocrx_word' id='word_1_364' title='bbox 1602 2418 1708 2459; x_wconf 81' lang='grc' dir='ltr'>ὄρχον,</span> 
     </span>
     <span class='ocr_line' id='line_1_70' title="bbox 1009 2468 1705 2508; baseline -0.006 -4"><span class='ocrx_word' id='word_1_365' title='bbox 1009 2482 1070 2504; x_wconf 88' lang='lat' dir='ltr'><strong>seu</strong></span> <span class='ocrx_word' id='word_1_366' title='bbox 1094 2470 1174 2502; x_wconf 83' lang='grc' dir='ltr'>κατὰ</span> <span class='ocrx_word' id='word_1_367' title='bbox 1196 2468 1307 2508; x_wconf 82' lang='grc' dir='ltr'>στίχος</span> <span class='ocrx_word' id='word_1_368' title='bbox 1327 2468 1514 2507; x_wconf 77' lang='lat' dir='ltr'><strong>dispositae,</strong></span> <span class='ocrx_word' id='word_1_369' title='bbox 1532 2468 1638 2500; x_wconf 75' lang='lat' dir='ltr'><strong>instar</strong></span> <span class='ocrx_word' id='word_1_370' title='bbox 1655 2479 1705 2500; x_wconf 86' lang='lat' dir='ltr'><strong>ar-</strong></span> 
     </span>
     <span class='ocr_line' id='line_1_71' title="bbox 1007 2519 1706 2559; baseline -0.006 -6"><span class='ocrx_word' id='word_1_371' title='bbox 1007 2524 1137 2556; x_wconf 86' lang='lat' dir='ltr'><strong>borum,</strong></span> <span class='ocrx_word' id='word_1_372' title='bbox 1155 2522 1186 2552; x_wconf 88' lang='lat' dir='ltr'><strong>iu</strong></span> <span class='ocrx_word' id='word_1_373' title='bbox 1205 2519 1378 2557; x_wconf 81' lang='lat' dir='ltr'><strong>viridario,</strong></span> <span class='ocrx_word' id='word_1_374' title='bbox 1394 2529 1411 2548; x_wconf 81' lang='lat' dir='ltr'><strong>a</strong></span> <span class='ocrx_word' id='word_1_375' title='bbox 1429 2528 1558 2549; x_wconf 87' lang='lat' dir='ltr'><strong>summa</strong></span> <span class='ocrx_word' id='word_1_376' title='bbox 1584 2520 1706 2559; x_wconf 79' lang='lat' dir='ltr'><strong>pagina</strong></span> 
     </span>
     <span class='ocr_line' id='line_1_72' title="bbox 1009 2571 1705 2607; baseline -0.007 0"><span class='ocrx_word' id='word_1_377' title='bbox 1009 2575 1051 2607; x_wconf 79' lang='lat' dir='ltr'><strong>ad</strong></span> <span class='ocrx_word' id='word_1_378' title='bbox 1068 2574 1226 2606; x_wconf 86' lang='lat' dir='ltr'><strong>infimam.</strong></span> <span class='ocrx_word' id='word_1_379' title='bbox 1272 2571 1440 2602; x_wconf 77' lang='lat' dir='ltr'><strong>Palmaria</strong></span> <span class='ocrx_word' id='word_1_380' title='bbox 1456 2571 1527 2601; x_wconf 60' lang='lat' dir='ltr'><strong>haec</strong></span> <span class='ocrx_word' id='word_1_381' title='bbox 1547 2571 1705 2603; x_wconf 82' lang='lat' dir='ltr'><strong>emenda-</strong></span> 
     </span>
     <span class='ocr_line' id='line_1_73' title="bbox 1008 2622 1703 2662; baseline -0.01 -3"><span class='ocrx_word' id='word_1_382' title='bbox 1008 2628 1055 2659; x_wconf 77' lang='lat' dir='ltr'><strong>tio</strong></span> <span class='ocrx_word' id='word_1_383' title='bbox 1081 2625 1226 2656; x_wconf 78' lang='lat' dir='ltr'><strong>debetur</strong></span> <span class='ocrx_word' id='word_1_384' title='bbox 1251 2624 1345 2653; x_wconf 79' lang='lat' dir='ltr'><strong>Joun.</strong></span> <span class='ocrx_word' id='word_1_385' title='bbox 1365 2622 1469 2659; x_wconf 72' lang='lat' dir='ltr'><strong>Croio,</strong></span> <span class='ocrx_word' id='word_1_386' title='bbox 1487 2622 1543 2662; x_wconf 89' lang='lat' dir='ltr'><strong>qui</strong></span> <span class='ocrx_word' id='word_1_387' title='bbox 1560 2631 1631 2652; x_wconf 85' lang='lat' dir='ltr'><strong>eam</strong></span> <span class='ocrx_word' id='word_1_388' title='bbox 1646 2623 1703 2653; x_wconf 81' lang='lat' dir='ltr'><strong>lia-</strong></span> 
     </span>
     <span class='ocr_line' id='line_1_74' title="bbox 1006 2672 1701 2712; baseline -0.009 -4"><span class='ocrx_word' id='word_1_389' title='bbox 1006 2678 1065 2708; x_wconf 88' lang='lat' dir='ltr'><strong>bet</strong></span> <span class='ocrx_word' id='word_1_390' title='bbox 1090 2676 1273 2707; x_wconf 83' lang='lat' dir='ltr'><strong>Observat.</strong></span> <span class='ocrx_word' id='word_1_391' title='bbox 1292 2673 1322 2702; x_wconf 92' lang='lat' dir='ltr'><strong>in</strong></span> <span class='ocrx_word' id='word_1_392' title='bbox 1336 2673 1378 2703; x_wconf 82' lang='lat' dir='ltr'><strong>N.</strong></span> <span class='ocrx_word' id='word_1_393' title='bbox 1390 2672 1426 2701; x_wconf 78' lang='lat' dir='ltr'><strong>T.</strong></span> <span class='ocrx_word' id='word_1_394' title='bbox 1443 2681 1518 2711; x_wconf 85' lang='lat' dir='ltr'><strong>cap.</strong></span> <span class='ocrx_word' id='word_1_395' title='bbox 1535 2680 1593 2701; x_wconf 80' lang='lat' dir='ltr'><strong>ix..</strong></span> <span class='ocrx_word' id='word_1_396' title='bbox 1614 2672 1701 2712; x_wconf 82' lang='lat' dir='ltr'>quod</span> 
     </span>
     <span class='ocr_line' id='line_1_75' title="bbox 1006 2723 1702 2767; baseline -0.009 -9"><span class='ocrx_word' id='word_1_397' title='bbox 1006 2727 1237 2767; x_wconf 75' lang='lat' dir='ltr'><strong>dignissimum</strong></span> <span class='ocrx_word' id='word_1_398' title='bbox 1260 2729 1311 2755; x_wconf 86' lang='lat' dir='ltr'><strong>est</strong></span> <span class='ocrx_word' id='word_1_399' title='bbox 1338 2723 1441 2753; x_wconf 86' lang='lat' dir='ltr'><strong>lectu.</strong></span> <span class='ocrx_word' id='word_1_400' title='bbox 1476 2723 1571 2754; x_wconf 83' lang='lat' dir='ltr'><strong>Joan.</strong></span> <span class='ocrx_word' id='word_1_401' title='bbox 1602 2724 1702 2753; x_wconf 79' lang='lat' dir='ltr'><strong>Cleri-</strong></span> 
     </span>
    </p>
   </div>
   <div class='ocr_carea' id='block_1_15' title="bbox 1004 2789 1067 2810">
    <p class='ocr_par' dir='ltr' id='par_1_22' title="bbox 1004 2789 1067 2810">
     <span class='ocr_line' id='line_1_76' title="bbox 1004 2789 1067 2810; baseline -0.016 0"><span class='ocrx_word' id='word_1_402' title='bbox 1004 2789 1067 2810; x_wconf 82' lang='lat' dir='ltr'><strong>cns.</strong></span> 
     </span>
    </p>
   </div>
  </div>
 </body>
</html>
