1876 3025
283 158 367 199 846

740 167 889 197 SEXTI
927 165 1128 195 POMPEH
1163 165 1299 196 FESTI

285 264 556 318 Seliquastra
586 263 741 304 sedilia
768 262 937 315 antiqui
973 260 1143 313 generis
1179 260 1474 315 appellantur,
1498 258 1539 299 D
1571 257 1732 311 [FEST.

340 332 465 372 litera
482 331 526 370 in
545 331 582 371 L
603 343 831 379 conversa,
852 334 899 369 ut
928 328 1061 368 etiam
1082 328 1126 368 in
1149 328 1259 369 sella
1277 328 1442 368 factum
1466 329 1547 375 est,
1570 331 1615 365 et.
1632 324 1733 365 sub-

341 399 483 448 sellio,
505 402 548 439 et
566 397 695 445 solio,
720 410 818 450 quae
839 408 927 435 non
948 395 1095 434 minus
1112 408 1138 435 a
1155 394 1344 435 sedendo
1366 394 1483 435 dicta
1504 398 1621 433 sunt.

287 467 418 508 Sellae
441 465 606 507 curulis
623 470 638 486 0
669 464 797 504 locus
817 462 857 502 in
888 461 990 502 circo
1011 460 1131 502 datus
1151 469 1208 502 est
1233 461 1391 502 Valerio
1412 459 1607 500 dictatori
1629 470 1737 511 pos-

343 536 537 587 terisque
554 533 670 587 ejus¹¹
696 529 856 570 honoris
884 543 1021 579 causa,
1047 536 1090 568 ut
1104 531 1306 583 proxime
1329 529 1541 569 sacellum
1564 523 1737 567 Μαι-εἰῶ

343 607 580 655 spectarent,
597 599 699 639 unde
721 598 984 652 aspiciebant
1003 596 1252 651 spectacula
1275 595 1552 651 magistratus.

289 670 553 711 Sementinae
575 669 695 709 feriae
713 674 729 698 Ρ
759 668 928 707 fuerunt
949 665 1180 714 institutae,
1209 665 1337 718 qu‘asi
1367 677 1425 704 ex
1455 664 1511 703 iis
1561 661 1739 715 [PAun.

343 737 487 790 fruges
509 736 796 789 grandescere
817 734 1043 788 possint.¹2

290 805 448 854 Semis,
470 804 726 852 semodius‚‘¹
758 802 981 843 semuncia
1016 815 1074 842 ex
1107 800 1269 841 Graeco
1300 798 1544 847 trahuntur,
1576 795 1739 849 [FEST.

347 874 461 914 sicut
482 877 527 912 et
548 873 637 913 alia
656 871 883 920 nonnulla,
906 883 1003 924 quae
1024 870 1053 910 S
1086 869 1255 910 literam
1278 881 1357 921 pro
1380 865 1645 920 aspiratione
1664 875 1740 903 eo-

899 1012 1014 1022 ““““

1019 1010 1134 1023 ‘‘‘‘‘‘

337 1107 373 1135 ll
400 1103 459 1134 Ed.
477 1103 564 1135 Scal.
576 1108 583 1119 ‘
598 1101 835 1144 posteriusque
852 1099 1027 1139 ejus.'—l2
1053 1099 1113 1130 Vir
1129 1098 1219 1130 doct.
1235 1097 1266 1127 in
1285 1105 1390 1136 marg.
1407 1093 1559 1136 ejusdem
1583 1092 1638 1124 eil.
1663 1101 1742 1124 con-

286 1147 367 1188 jicit
381 1150 515 1187 possent.

885 1241 887 1243 ’
946 1239 1084 1272 NOTAE

335 1326 349 1340 0
372 1320 464 1351 Sellae
495 1317 628 1358 curulis]
665 1317 750 1348 Haec
787 1317 989 1357 ignoramus.

294 1372 372 1403 Ant.
389 1371 473 1410 Aug.

338 1421 443 1460 Seltoe]
467 1420 573 1450 Puto:
607 1418 699 1449 Seltoe
727 1417 826 1448 curuli
851 1418 934 1448 locus
958 1416 991 1447 in

293 1473 386 1510 circo,
415 1473 491 1502 item
511 1470 652 1509 proximo
677 1468 790 1508 lictori,
813 1466 991 1507 posteriori-

295 1523 406 1562 busque
418 1520 576 1552 lictoribus
590 1519 730 1559 proxime
740 1518 883 1548 sacellum
900 1517 991 1547 Mur-

296 1573 354 1602 ciae
363 1571 444 1610 fuit,
459 1572 495 1601 de
511 1580 568 1610 quo
583 1570 644 1600 Ioco
655 1567 860 1608 despiciebant
874 1570 992 1607 specta-

294 1622 361 1652 cula
376 1622 592 1660 magistratus.
638 1619 760 1659 Neque
785 1619 815 1647 id
833 1617 993 1647 abhorret

296 1681 316 1702 a
329 1671 575 1702 consuetudine
590 1670 755 1706 Romana,
769 1673 805 1698 nt
817 1667 993 1707 magistra-

296 1727 349 1752 tus
367 1721 400 1751 in
425 1720 508 1751 sella
531 1719 640 1750 curuli
663 1719 717 1759 qui
743 1717 838 1747 ludos
860 1716 993 1754 ederet,

295 1777 355 1802 aut
371 1771 454 1801 alius
469 1770 591 1811 quivis,
608 1770 648 1800 ad
667 1770 789 1809 primas
806 1773 911 1798 metas
927 1772 993 1797 sta-

297 1827 360 1852 ret.
397 1822 485 1851 Nam
503 1820 544 1851 ad
557 1829 613 1850 eas
631 1821 712 1851 Deae
729 1820 871 1850 Murciae
889 1818 994 1848 sacel-

297 1872 364 1902 lum
382 1870 485 1901 fuisse
504 1871 551 1901 ait
566 1871 807 1901 Tertullianus.
847 1869 921 1900 Non
935 1869 993 1899 iin-

297 1921 404 1961 probo
423 1928 548 1961 tamen,
576 1921 616 1951 ad
642 1921 801 1951 sacellum
819 1918 996 1950 Mercurii.

298 1973 388 2003 Nam
422 1977 456 2002 et
486 1972 528 2002 ad
558 1972 684 2002 circum
719 1970 899 2001 maximum
930 1967 996 1999 suit

299 2023 389 2053 aedes
406 2022 478 2061 ejus
495 2022 572 2051 Dei.
595 2021 663 2051 Jos.
681 2020 765 2051 Scal.

341 2073 431 2102 Selloe
455 2071 586 2111 curulis]
607 2071 704 2101 Idem
730 2070 844 2100 Livius
868 2068 928 2099 lib.
958 2076 994 2098 n.

297 2124 306 2139 ‘
320 2122 479 2157 Valeri0‚'
496 2122 615 2162 inquit,
636 2122 645 2137 ‘
659 2120 814 2151 dictatori
830 2127 930 2158 super
946 2127 995 2147 so-

298 2176 375 2206 litos
392 2175 534 2205 honores
556 2174 649 2203 locus
673 2172 707 2202 in
725 2171 825 2202 Circo
843 2169 903 2209 ipsi
922 2178 996 2208 pos-

299 2226 450 2266 terisque
469 2224 509 2255 ad
528 2223 758 2264 spectaculum
777 2221 899 2251 datus.’
912 2219 997 2250 Ideo

300 2280 412 2306 autem
426 2274 578 2314 proxime
588 2272 747 2303 sacellum
759 2268 998 2310 Murciae,quia

304 2325 387 2356 illud
416 2330 489 2355 erat
514 2324 547 2354 in
572 2324 683 2357 Circo,
710 2321 766 2351 ubi
790 2320 894 2350 Meiae
926 2321 997 2349 sive

301 2376 476 2416 oppidum.
521 2374 620 2404 Varr.
645 2373 706 2403 lib.
732 2380 784 2403 1v.
815 2375 822 2388 ‘
840 2370 880 2401 In
898 2370 997 2401 Circo

301 2426 410 2466 primo
449 2424 536 2455 uude
572 2423 753 2454 mittuntur
783 2421 874 2462 equi,
910 2429 998 2450 nnnc

301 2477 462 2507 dicuutur
478 2474 655 2505 Carceres.
682 2472 821 2504 Naevius
837 2470 998 2511 oppidum

303 2525 467 2566 appellat.
511 2524 676 2554 Carceres
700 2521 784 2552 dicti
801 2519 889 2561 qnod
906 2519 998 2550 coer-

304 2580 426 2607 centur
456 2573 547 2614 equi,
569 2582 611 2603 ne
640 2571 719 2602 inde
750 2577 874 2601 exeant
905 2575 997 2601 ante-

303 2636 402 2667 quam
433 2625 650 2665 magistratus
682 2621 803 2652 misit:
836 2620 999 2660 oppidum

304 2677 393 2718 quod
417 2686 437 2708 a
458 2676 543 2707 muri
568 2679 667 2715 parte
696 2672 807 2713 pinnis
834 2672 997 2703 turribus-

305 2736 371 2769 que
387 2735 542 2759 carceres
565 2725 642 2757 olim
659 2723 808 2756 fuerunt.
853 2721 1001 2762 Scripsit

1046 1315 1179 1346 Poeta:
1208 1313 1357 1344 dictator
1378 1310 1434 1341 nbi
1452 1318 1586 1340 currum
1605 1307 1746 1346 insidet,

1047 1364 1244 1406 pervehitur
1261 1372 1365 1403 usque
1382 1361 1421 1391 ad
1438 1359 1614 1400 oppidum.
1660 1358 1744 1389 luti-

1046 1426 1118 1447 mus
1136 1416 1254 1446 Circus
1277 1413 1317 1444 ad
1339 1412 1502 1443 Mur-tium
1528 1416 1683 1446 vocatus,
1707 1412 1745 1438 ut

1046 1466 1213 1497 Procilius
1241 1463 1365 1497 aiebat,
1383 1461 1426 1493 ab
1451 1461 1577 1497 urceis;
1606 1459 1695 1499 quod
1717 1458 1744 1488 is

1046 1518 1140 1548 locus
1163 1521 1255 1546 esset
1278 1515 1367 1544 inter
1396 1511 1529 1552 figuloS.
1577 1509 1644 1540 Alii
1671 1518 1746 1540 esse

1046 1568 1165 1598 dicunt
1193 1577 1211 1596 a
1234 1569 1381 1596 murteto
1407 1562 1626 1599 declinatum,
1654 1559 1745 1600 quod

1047 1618 1093 1649 ibi
1109 1618 1140 1647 id
1159 1616 1277 1648 fuerit.
1323 1615 1426 1655 Cujus
1443 1612 1614 1651 vestigium
1630 1615 1746 1641 manet

1048 1668 1137 1709 quod
1164 1668 1212 1708 ibi·
1231 1666 1398 1697 Sacellum
1424 1664 1522 1694 etiam
1546 1671 1635 1692 nunc
1652 1661 1747 1691 Mur-

1050 1720 1104 1749 tiae
1122 1716 1290 1748 Veneris)
1334 1714 1398 1746 Ubi
1413 1711 1598 1744 notandum
1614 1720 1746 1741 versum

1050 1768 1140 1799 illum
1159 1777 1258 1808 quem
1282 1767 1392 1796 Varro
1410 1762 1548 1794 adducit
1565 1770 1606 1790 ex
1624 1759 1746 1798 Poeta,

1050 1821 1122 1850 sive
1139 1819 1195 1848 ille
1215 1817 1365 1850 Naevius,
1384 1815 1454 1845 sive
1479 1811 1607 1843 Ennius
1633 1810 1688 1848 sit,
1705 1819 1747 1840 ex

1050 1870 1153 1899 liocce
1180 1867 1271 1898 Festi
1296 1867 1371 1896 loco
1395 1863 1539 1894 fortasse
1562 1862 1669 1892 lucem
1693 1870 1749 1891 ca-

1050 1927 1151 1959 pere:
1182 1927 1241 1957 per
1266 1917 1479 1946 Dictator-em
1502 1912 1589 1942 enini
1617 1911 1747 1941 Valeri-

1050 1979 1104 1999 um
1123 1967 1297 2006 intelligit,
1312 1975 1373 2005 per
1385 1973 1530 1998 currum,
1547 1962 1663 1994 sellam
1682 1960 1748 1992 Cn-

1051 2018 1182 2049 ruteni?
1207 2018 1288 2048 Duc.

1094 2072 1109 2094 Ρ
1133 2066 1322 2098 Sementinoe
1338 2064 1450 2104 seriae]
1473 2062 1693 2103 Conceptivae
1715 2071 1749 2093 e-

1052 2124 1140 2157 rant,
1167 2128 1232 2148 non
1253 2123 1373 2147 statae.
1418 2115 1514 2145 varr.
1529 2114 1585 2145 lib.
1604 2123 1638 2144 v.
1666 2115 1675 2130 ‘
1690 2114 1749 2144 Se-

1052 2169 1209 2199 mentinae
1229 2167 1337 2206 feriae,
1357 2166 1429 2196 dies
1452 2166 1477 2195 is
1494 2165 1550 2205 qui
1569 2175 1588 2195 a
1608 2163 1750 2194 Pontifi-

1052 2219 1146 2250 cibus
1178 2219 1301 2257 dictus,
1329 2217 1522 2256 appellatur
1545 2224 1564 2244 a
1586 2219 1749 2252 semente,

1051 2270 1138 2310 quod
1150 2268 1287 2298 sationis
1301 2276 1403 2298 causa
1413 2263 1600 2304 susceptas!
1618 2264 1684 2294 Die
1695 2266 1748 2294 24.

1051 2319 1205 2350 Jauuarii
1223 2316 1495 2347 celebrabantur.
1543 2314 1584 2344 Et
1599 2318 1680 2344 tunc
1698 2323 1750 2343 sa·

1053 2378 1121 2405 cra,
1138 2369 1170 2398 in
1195 2367 1267 2398 aede
1289 2365 1445 2403 Telluris,
1468 2363 1594 2394 Telluri
1621 2363 1750 2394 fiebant

1053 2424 1088 2450 et
1117 2418 1244 2449 Cereri.
1301 2415 1390 2446 Vide
1422 2414 1524 2445 Ovid.
1560 2414 1621 2444 lib.
1650 2422 1683 2444 v.
1714 2418 1750 2443 et

1052 2469 1153 2500 Varr.
1185 2468 1227 2498 de
1259 2467 1308 2497 Re
1340 2466 1436 2497 Rust.
1467 2465 1526 2496 lib.
1557 2474 1581 2496 1.
1613 2474 1688 2504 cap.
1716 2467 1748 2494 2.

1055 2519 1153 2550 Idem.

1096 2574 1111 2595 q
1123 2568 1236 2608 Semis,
1250 2565 1418 2606 semodius]
1434 2565 1553 2604 Seruis,
1566 2564 1751 2603 semodius,

1054 2619 1226 2650 semuncia
1250 2629 1268 2648 a
1294 2618 1417 2648 Graeco
1434 2615 1486 2654 ἥμι
1510 2616 1691 2654 ducuntur,
1715 2620 1750 2645 et

1055 2679 1116 2710 pro
1131 2668 1333 2708 aspiratione
1350 2667 1475 2697 liabent
1492 2667 1603 2707 s‚qua
1620 2665 1749 2696 ratione

1055 2726 1090 2752 et
1107 2719 1211 2751 multa
1228 2719 1304 2750 alia.
1330 2717 1427 2747 Idem.
