1876 3025
205 199 269 229 DE
303 192 575 226 vssnssoRuM
611 183 1020 220 smNiFrcATroNE
1055 181 1149 211 ms.
1184 178 1297 208 xlx.
1329 176 1419 206 XX.
1479 163 1565 205 999

114 295 335 337 VastumP
365 302 445 344 pro
479 297 709 339 magnum:
740 280 918 336 ponitur
955 283 1099 319 tamen
1121 277 1162 315 et
1189 284 1271 325 pro
1294 269 1428 311 inani.
1486 267 1565 307 At-

168 364 278 404 tius:
309 358 336 400 J
343 372 412 399 am
442 357 556 397 hanc
587 353 739 393 urbem
766 350 877 390 ferro
901 352 1071 388 vastam
1093 341 1224 383 faciet
1246 339 1420 380 Peleus.
1480 335 1568 375 Pa-

169 429 381 471 ouvius:q
413 422 595 474 Quales,
632 420 825 462 scabres,
860 414 1030 470 quod¹2
1061 410 1235 453 inculta
1269 404 1566 448 vastitudine?

171 495 287 537 unde
309 492 512 540 vastitas,
533 495 577 530 et
599 485 837 529 vastitudo.

113 566 307 608 Vastum
330 575 409 616 pro
433 571 632 612 magnum
652 569 662 597 ε
696 553 874 609 ponitur
896 557 1043 592 tamen
1063 553 1107 589 et
1128 560 1207 600 pro
1228 544 1361 586 inani.
1392 541 1569 591 [PAUL.

171 633 324 674 Attius
342 643 351 671 :
385 628 519 669 Hanc
541 626 693 667 urbem
714 622 825 663 ferro
844 624 1020 662 vastam
1040 616 1176 657 faciet
1194 627 1203 655 :
1235 611 1348 653 unde
1371 609 1570 656 vastitas,

175 704 221 742 et
248 695 488 740 vastitudo.

118 768 365 810 Vaticanus
388 763 518 806 collis
532 767 544 783 ¹'
575 758 825 814 appellatus
845 759 926 804 est,
954 752 1072 808 quod
1097 763 1150 792 eo
1173 749 1335 803 potitus
1359 746 1413 787 sit
1432 757 1574 800 popu-

175 836 246 876 lus
270 834 503 875 Romanus
524 834 674 870 vatum
695 835 908 878 responso
930 819 1131 874 expulsis
1155 815 1372 858 Etruscis.

120 902 190 944 Ve
213 903 370 949 victis,S
400 900 446 940 in
467 894 749 951 proverbium
768 891 945 931 venisse
967 886 1259 933 existimatur,
1281 895 1377 923 cum
1409 880 1576 934 [Fsssrr.

178 971 324 1012 Roma
360 972 495 1021 capta
527 979 554 1006 a
585 961 828 1004 Senonibus
851 956 995 999 Gallis
1032 966 1184 995 aurum
1206 963 1264 992 ex
1284 947 1575 990 conventione

180 1044 223 1080 et
243 1043 378 1092 pacto
401 1033 741 1089 appenderetur,
774 1031 823 1068 ut
851 1024 1115 1071 recederent,
1138 1019 1259 1074 quod
1283 1016 1444 1070 iniquis
1465 1028 1577 1069 pon-

182 1107 361 1148 deribus
391 1104 512 1156 exigi
540 1115 567 1143 a
597 1097 796 1140 barbaris
819 1097 1024 1148 querente
1046 1088 1134 1143 Ap.
1151 1086 1355 1135 Claudio,
1379 1084 1577 1125 Brennus

732 1235 870 1248 oooooo

175 1316 214 1344 12
239 1312 292 1344 1d.
309 1310 389 1343 ibid.
406 1319 565 1351 quamque.

873 1233 972 1246 ttttt

784 1401 927 1434 NOTAE

131 1484 201 1515 huic
221 1493 295 1514 mere
325 1483 486 1514 machoera’
516 1481 636 1520 objicio,
659 1478 829 1518 mastigia?

138 1535 290 1574 Vapulare
300 1543 355 1572 ego
365 1537 397 1564 te
409 1533 601 1564 vehementer
608 1530 715 1569 jubeo,
730 1539 767 1560 ne
783 1538 828 1560 me

133 1585 268 1616 territes.
293 1584 403 1615 Idem.

175 1639 192 1659 P
210 1634 349 1674 Vastum]
366 1633 537 1665 Pacuvius
551 1633 582 1663 in
595 1633 727 1663 Teucro
739 1629 830 1669 apud

137 1684 285 1716 Nonium
301 1695 309 1714 :
336 1689 343 1701 ¹
356 1684 441 1716 Quae
457 1682 625 1713 desideria
639 1681 808 1712 alumnum
822 1680 829 1709 !

136 1734 363 1775 poenitudines
385 1733 523 1772 Quales,
545 1733 757 1773 Scapresque
784 1730 833 1761 in-

138 1786 230 1817 culta
248 1784 451 1816 vastitudine
466 1784 485 1815 !’
509 1783 586 1815 Ant.
603 1784 688 1822 Aug.

187 1834 333 1875 Vastum]
357 1835 482 1865 Versus
501 1833 641 1864 Pacuvii
658 1833 690 1863 in
705 1832 836 1863 Teucro

138 1887 186 1917 ita
201 1886 269 1925 legi
284 1885 409 1916 debent
427 1895 433 1913 z
461 1885 540 1920 Quae
561 1882 715 1914 desiderio
740 1884 837 1913 alum-

140 1946 225 1975 num,
239 1935 430 1975 poenitudine
443 1934 582 1975 Squales,
591 1933 837 1973 scabresque‚in-

144 1986 226 2016 culta
241 1984 441 2015 vastitudine.
478 1984 537 2014 Ait
561 1983 651 2014 illam
670 1982 839 2014 desiderio

143 2036 325 2074 alumnum,
342 2033 566 2075 poenitudine,
582 2038 617 2064 et
634 2032 840 2064 vastitudine

142 2085 313 2126 squalere,
328 2094 367 2115 ac
384 2084 556 2115 scabrere.
578 2084 645 2114 dos.
659 2083 743 2114 Scal.

190 2134 337 2174 Vastum]
360 2134 456 2174 Virg.
478 2143 534 2165 111.
551 2132 684 2165 AEneid.
709 2134 718 2150 ‘
735 2133 842 2163 Terra

145 2187 262 2227 procul
292 2184 396 2215 vastis
420 2185 544 2216 colitur
567 2183 739 2215 Mavortia
755 2192 844 2214 carn-

148 2235 225 2276 pis.’
262 2235 380 2274 Vastis,
402 2234 436 2265 id
456 2239 521 2273 est,
535 2234 677 2273 magnis.
722 2234 767 2264 Et
783 2233 843 2263 lib.

148 2295 202 2319 lx.
225 2286 234 2303 ‘
251 2286 336 2317 Haec
352 2294 415 2325 ego
434 2289 528 2315 vasta
546 2282 658 2314 dabo!
687 2283 795 2321 Vasta,
810 2282 846 2313 id

148 2340 213 2375 est,
241 2336 364 2375 inania,
388 2335 470 2366 sola.
525 2335 571 2365 Et
593 2333 731 2365 Servius
749 2342 774 2364 1.
791 2333 846 2364 ΙΕ-

148 2387 239 2419 neid.
272 2387 402 2418 ‘Vasto
435 2395 496 2426 pro
522 2385 677 2416 desolato
703 2384 847 2416 Veteres

150 2438 334 2479 ponebant,
350 2442 383 2468 et
401 2437 503 2468 etiam
522 2446 583 2476 pro
601 2435 747 2476 magno!
793 2436 849 2467 Sic

151 2489 287 2519 Sallust.
306 2487 434 2526 Livius,
451 2489 513 2517 διο.
539 2487 619 2517 Dae.

195 2546 210 2565 q
236 2536 408 2576 Pacuvius]
436 2537 546 2577 Hujus
568 2546 684 2567 versus
708 2536 755 2567 ita
782 2536 850 2576 legi

146 2591 249 2632 jubet
274 2589 399 2625 Scalig.
427 2588 504 2622 Quoe
520 2587 672 2617 desiderio
687 2588 853 2623 alumnum,

154 2641 342 2681 paenitudine
368 2639 506 2678 Squales,
527 2638 716 2676 scabresqne,
736 2638 852 2667 inculta

160 2693 355 2722 mstttusime.
382 2690 440 2720 Ait
458 2689 545 2719 illam
561 2688 731 2718 desiderio
748 2690 851 2719 alum-

161 2751 237 2772 uum
255 2739 465 2782 poenitudine
482 2744 517 2770 et
531 2738 736 2770 vastitudine
755 2748 853 2778 squa-

883 1477 954 1507 lere
971 1483 1010 1505 ac
1031 1472 1203 1509 scabrere,
1222 1469 1286 1499 hoc
1309 1471 1372 1503 est,
1398 1464 1585 1507 squalidam

884 1532 920 1559 et
935 1526 1085 1558 scabram
1104 1531 1190 1554 esse.
1229 1519 1328 1560 Apud
1347 1518 1509 1554 Nonium,
1527 1516 1586 1557 qni

884 1585 938 1610 ter
959 1577 1049 1607 hunc
1073 1576 1183 1606 locum
1209 1569 1361 1608 adducit,
1385 1567 1587 1608 legebatur:

888 1629 966 1664 Quae
995 1624 1151 1658 desiderio
1185 1623 1352 1658 alumnum,
1387 1618 1609 1659 paenitudine„

886 1678 1011 1719 swale,
1039 1676 1214 1714 scabreque,
1240 1672 1360 1702 inculta
1388 1668 1589 1700 vastitudine.

889 1730 976 1762 Quae
1008 1737 1090 1758 vera
1128 1725 1231 1756 lectio
1258 1731 1332 1753 esse
1361 1724 1485 1761 potest.
1532 1718 1590 1749 Sic

891 1780 1024 1821 squales
1041 1782 1077 1820 et
1093 1775 1229 1808 scabres
1251 1771 1387 1803 nomina
1411 1769 1591 1810 conjunxit

892 1831 1003 1862 Varro
1029 1827 1169 1859 Manio:
1203 1830 1211 1843 ¹
1226 1823 1318 1864 Ager
1338 1820 1591 1860 derelinquere-

893 1886 948 1912 tur
965 1890 1003 1911 ac
1022 1878 1151 1919 periret
1168 1875 1285 1917 squale
1302 1873 1501 1911 scabreque,
1518 1870 1592 1900 illu-

894 1931 947 1961 vie
962 1936 997 1961 et
1012 1927 1243 1960 vastitudine)
1266 1924 1366 1954 Idem.

935 1987 947 2002 ¹
976 1979 1141 2011 Vaticanus
1165 1975 1265 2016 collis]
1290 1974 1355 2005 Vel
1380 1982 1400 2003 a
1422 1971 1594 2002 Vaticano

894 2030 1052 2071 De0‚qui
1070 2033 1104 2059 et
1126 2022 1412 2064 Vatiganus‚quod
1427 2021 1595 2062 vagitibus

893 2081 1073 2113 infantium
1091 2077 1304 2119 praesideret.
1328 2074 1427 2105 Idem.

936 2137 947 2152 ⁸
975 2132 1019 2163 Ve
1048 2129 1156 2169 victis]
1179 2127 1296 2159 Utitur
1322 2126 1385 2156 hoc
1414 2121 1597 2164 proverbio

900 2184 1012 2215 Plaut.
1029 2182 1061 2212 in
1085 2179 1213 2211 Pseud.
1238 2183 1270 2208 et
1296 2177 1368 2207 Liv.
1396 2175 1454 2206 lib.
1476 2184 1510 2205 v.
1535 2182 1597 2213 pro

901 2233 969 2275 Ap.
996 2231 1140 2264 Claudio
1168 2231 1209 2261 P.
1233 2227 1419 2268 Sulpicium
1442 2230 1521 2256 tunc
1538 2225 1597 2254 Tr.

902 2285 978 2316 Mil.
991 2283 1080 2325 quod
1098 2279 1304 2313 verisimilius
1317 2283 1382 2316 est,
1400 2286 1474 2308 cum
1492 2277 1599 2306 Bren-

901 2345 945 2367 no
973 2335 1016 2366 de
1049 2332 1181 2364 foedere
1219 2330 1329 2370 egisse
1360 2327 1492 2359 scribit.
1523 2327 1600 2357 Ant.

905 2387 990 2424 Aug.

954 2436 998 2467 Ve
1018 2433 1126 2474 victis]
1152 2431 1268 2463 Livius
1292 2429 1347 2460 lib.
1377 2437 1411 2459 v.
1438 2431 1521 2458 sect.
1547 2428 1601 2456 48.

905 2488 914 2504 ⁶
930 2486 993 2517 Rei
1019 2484 1212 2515 faedissimae
1239 2490 1300 2522 per
1323 2489 1371 2518 se,
1396 2478 1534 2518 adjecta
1554 2478 1601 2507 iu-

906 2536 1053 2576 dignitas
1076 2539 1140 2564 est.
1187 2531 1346 2563 Pondere
1369 2528 1410 2558 ab
1428 2527 1538 2558 Gallis
1556 2526 1601 2556 al-

906 2588 976 2617 lata
991 2585 1116 2625 iniqua,
1132 2588 1167 2614 et
1183 2583 1320 2614 tribuno
1344 2582 1532 2613 recusante,
1546 2576 1603 2605 ad-

907 2637 998 2667 ditus
1013 2636 1054 2666 ab
1071 2634 1236 2665 insolente
1255 2631 1355 2661 Gallo
1368 2628 1508 2668 ponderi
1523 2627 1603 2657 Gla-

908 2688 1003 2718 dius:
1020 2685 1202 2724 auditaque
1219 2679 1432 2712 intoleranda
1447 2677 1604 2709 Romanis

910 2746 988 2772 vox,
1005 2745 1055 2767 vae
1073 2734 1172 2765 victis
1187 2730 1283 2763 esse.'
1312 2730 1391 2760 Dae,
