1876 3025
457 133 603 164 SEX'rt
638 131 836 162 POMPEH
874 130 1008 162 FuST'l
1048 129 1140 159 [AB.
1176 128 1290 158 ΧΙΙΙ.

152 235 241 271 atque
267 230 300 261 id
327 238 443 260 merum
469 228 627 266 infucahat
644 237 742 269 quam
759 227 856 265 infus-

154 281 243 311 cabut
274 280 415 317 malunt,
446 289 521 309 cum
552 278 709 316 infuscare
749 277 857 308 verius

155 337 295 371 putem:
321 329 423 371 quod,
449 339 524 360 cum
553 329 706 368 generosi
724 328 790 359 vini
810 329 857 358 ni-

157 382 248 422 grior
275 382 317 412 sit
345 380 450 419 color,
477 380 615 411 dilutior
639 380 744 411 mixta
772 389 860 421 aqua

155 432 348 472 fus‹·iorqne
366 431 541 462 reddatur.
567 431 615 461 Ia'.
632 431 709 462 ibid.

202 483 375 513 PAG.526.
394 481 522 521 Opima]
541 480 593 512 Ab
604 482 680 522 Ope
692 480 860 522 cognomi-

157 539 239 565 nata
252 543 325 564 esse
339 533 530 564 constituit.
554 533 632 564 Non
644 533 861 570 commiserit,

157 589 196 616 ut
235 585 368 625 opinor,
406 584 589 624 piaculum,
620 584 675 624 qui
710 583 861 613 censivam

158 636 346 676 scripserit,
363 635 450 676 quod
477 635 579 666 Coxis
599 643 786 673 cognomen
810 633 862 664 fu-

158 688 226 718 isse
243 688 406 727 legimus:
431 686 488 716 sed
505 696 580 727 quae
598 685 639 716 de
657 685 776 725 opimis
789 695 863 726 spo-

158 739 211 769 liis
228 738 358 775 scribit,
374 747 391 767 e
408 747 442 767 re.
461 736 563 768 fuerit
585 746 659 767 cum
679 736 863 767 Plutarcho

161 787 332 826 conferre,
357 787 446 829 quod
470 793 504 818 et
529 797 589 818 nos
604 787 786 828 aliquando
813 786 863 818 fa-

162 839 300 870 cie-nnis.
327 839 459 869 Turneb.
476 838 529 870 lib.
548 847 621 869 XVI.
636 848 701 878 cap.
715 840 767 868 29.

210 889 353 930 Opima]
383 889 427 920 Ut
458 899 524 929 quae
554 889 605 930 [p.
636 891 710 919 528.
737 888 794 918 lin.
822 888 867 928 7.]

163 950 206 972 ea
233 942 414 980 scriptura,
439 950 512 981 quae
530 940 561 969 in
586 938 768 979 Augustini
793 938 865 969 edi-

164 992 256 1022 tione
284 991 413 1022 clrartae
439 990 623 1030 marginem
650 989 788 1025 insidet,
807 999 866 1029 pro

168 1053 246 1073 vera
277 1042 472 1082 recipiatur,
501 1046 536 1072 et
571 1041 644 1080 ipsa
673 1041 777 1071 verba
808 1049 867 1070 no-

166 1104 243 1124 vum
274 1093 418 1123 habeant
446 1092 592 1130 initium,
616 1092 703 1122 hunc
734 1091 766 1121 iu
798 1100 867 1120 mo-

166 1144 243 1174 duni
260 1155 268 1175 z
292 1147 325 1173 ut
350 1143 403 1183 qui
423 1146 546 1183 optuma
562 1142 772 1181 legesuerint,
789 1142 867 1181 adji-

165 1195 194 1226 ci
206 1196 295 1231 solet,
305 1204 373 1225 cum
383 1193 509 1234 quidam
518 1194 721 1232 magistratus
737 1196 870 1224 creatur.

169 1245 286 1277 Oarrio
300 1244 418 1286 Antiq.
435 1245 516 1275 lect.
533 1248 710 1275 comment.
727 1252 783 1275 11¹.
797 1253 825 1274 c.
840 1247 870 1275 1.

212 1298 304 1328 PAG.
317 1300 391 1328 532.
418 1295 508 1335 Oroe]
528 1296 686 1327 Caecilius
703 1295 872 1326 AEsclirio-

169 1358 232 1379 ne:
261 1350 358 1379 Orum
372 1347 507 1387 reperire
528 1348 655 1382 nullam,
680 1348 758 1386 quod
780 1357 871 1385 expe-

170 1401 267 1439 diam,
288 1409 380 1440 queo:
405 1398 457 1430 hic
473 1408 548 1438 ego,
566 1408 624 1438 qua
639 1407 685 1428 mc
700 1399 874 1438 expediam,

170 1460 238 1481 non
253 1451 351 1490 paulo
365 1449 559 1480 concinnius
571 1448 777 1487 scribebam,
789 1455 823 1479 et
839 1448 873 1479 id

172 1501 347 1533 Caecilium
371 1501 543 1541 scripsisse
567 1501 771 1530 asserebam.
794 1500 874 1530 Lud-

177 1554 288 1584 Carrio
302 1553 412 1593 Antiq.
428 1554 499 1584 lect.
516 1555 677 1583 comment.
689 1562 756 1592 cap.
774 1554 826 1583 13.

220 1604 352 1644 Orcum]
380 1605 537 1643 Uragum:
562 1613 682 1643 apage,
702 1613 766 1633 nou
791 1602 879 1633 (lixit

173 1657 237 1686 hoc
251 1656 411 1686 Verrius:
438 1655 495 1684 sed
516 1654 650 1693 Urgum,
664 1653 791 1684 duabus
805 1653 880 1683 lite-

177 1716 221 1738 ris
239 1707 460 1742 mutantibus,
482 1716 544 1736 nec
561 1706 689 1745 inepte,
705 1705 790 1735 dixit
805 1704 879 1745 Lip-

175 1759 239 1789 sius
256 1758 366 1798 Epist.
387 1758 518 1790 Quaest.
531 1757 590 1787 lib.
609 1765 665 1787 ιιι.
682 1756 791 1796 Epist.
808 1757 860 1786 20.

224 1810 314 1840 PAG.
332 1812 406 1840 54⁷2.
447 1808 591 1849 Oscines]
613 1808 723 1848 Vulgo
741 1807 772 1837 in
790 1807 881 1847 pico-

179 1871 250 1892 rum
283 1860 494 1901 generalibus
522 1859 686 1890 Martium
718 1857 882 1888 audimus.

179 1912 325 1943 Veteres
351 1912 453 1942 etiam
478 1911 587 1951 picum
614 1909 793 1941 Feronium
818 1917 883 1938 non

181 1968 310 1993 tantum
334 1963 500 1993 Martium
527 1969 761 1998 numeravere,
787 1964 823 1989 ut
851 1959 884 1988 in

185 2013 358 2044 oscinibus
382 2011 488 2043 refert
513 2012 646 2043 Festus.
679 2009 812 2042 Tur-neb.
829 2010 884 2040 lib.

185 2074 242 2095 ΙΙΙ.
260 2075 329 2102 cup.
348 2066 398 2094 ll.

229 2113 372 2154 Oscines]
399 2113 527 2144 Oscines
551 2121 622 2143 aves
642 2112 765 2152 Appius
791 2112 886 2142 Clau-

183 2169 253 2199 dius
279 2177 342 2198 esse
365 2166 422 2206 ait,
446 2176 514 2206 quoe
540 2175 591 2196 ore
611 2168 755 2196 canentes
761 2165 886 2203 saciant

183 2219 365 2259 auspicium,
399 2221 431 2247 ut
459 2226 581 2256 corvuS,
608 2216 731 2257 cornix,
761 2219 886 2246 noctua.

185 2270 289 2300 Alites
304 2271 419 2306 autem,
440 2277 508 2307 quoe
524 2268 583 2297 alis
598 2276 633 2297 ac
649 2267 767 2304 volatu,
781 2270 815 2297 ut
834 2266 888 2296 bu-

187 2323 248 2357 teo,
264 2318 433 2358 sanqualis,
453 2317 570 2357 aquila,
591 2317 799 2352 immussulus,
822 2317 889 2346 vul-

187 2370 300 2401 turius.
326 2369 422 2399 Picus
437 2371 539 2397 autem
555 2367 708 2405 Martius,
727 2366 890 2397 Feronius-

187 2431 253 2462 que,
271 2424 301 2451 et
319 2430 425 2460 parra,
449 2421 479 2449 et
493 2418 524 2448 in
537 2418 698 2454 oscinibus,
711 2420 741 2448 et
757 2417 789 2447 z'n
806 2417 890 2447 aliti-

190 2472 244 2502 bus
256 2471 417 2502 habentur.
463 2469 548 2501 Quae
566 2467 680 2507 verba,
693 2467 743 2499 uti
760 2477 778 2497 a
794 2466 892 2497 nobis

191 2522 362 2560 descripta
400 2524 490 2559 sunt,
529 2523 625 2548 recta
657 2512 730 2548 esse
767 2517 893 2547 indicat

190 2572 320 2603 Paulus
344 2572 376 2601 in
396 2579 478 2600 voce
501 2570 509 2585 ‘
528 2567 662 2607 Alites,'
690 2568 740 2598 liis
758 2568 892 2598 verbis:

190 2626 199 2640 ‘
219 2624 322 2654 Alites
338 2622 455 2651 volatu
472 2618 621 2658 auspicia
633 2617 802 2649 facientes
820 2618 894 2647 istae

196 2675 425 2716 putabantur)
471 2669 575 2709 Aves,
610 2669 668 2704 ait,
693 2675 750 2700 aut
779 2668 896 2699 oscines

195 2728 284 2762 sunt,
301 2728 357 2754 aut
377 2725 547 2762 praepetes:
573 2720 702 2750 oscines
725 2724 802 2750 suut
821 2729 894 2760 quae

196 2784 253 2806 ore
276 2774 392 2805 futura
417 2773 625 2814 praedicant:
649 2774 798 2811 pmpetes
822 2780 896 2811 quae

1491 115 1601 157 1221

908 226 1022 256 volatu
1038 224 1214 265 augurium
1231 221 1432 262 significant,
1450 231 1525 252 cum
1542 221 1610 251 sint

909 285 1081 316 prospera.
1128 274 1278 315 Higinus
1301 277 1406 311 certe,
1438 271 1610 302 referente

911 327 1044 367 Agellio
1068 326 1125 357 lib.
1149 334 1198 356 vr.
1222 334 1297 364 cap.
1324 326 1354 354 6.
1387 323 1545 362 Proepetes
1569 321 1610 351 ab

910 378 1106 419 Auguribus
1138 376 1304 418 appellari
1330 374 1490 405 censebat
1519 383 1612 413 aves,

912 441 987 471 quae
1011 435 1068 461 aut
1084 433 1275 469 opportune
1294 425 1531 467 praevolarent,
1555 428 1615 454 aut

912 476 1049 511 idoneas
1066 479 1164 510 sedes
1188 480 1372 518 caperent:
1396 475 1454 505 sed
1476 484 1540 505 nec
1564 474 1614 513 ip-

912 542 964 563 sas
981 537 1111 562 tantum
1126 539 1204 561 aves
1222 539 1295 570 quae
1313 525 1512 567 prosperius
1531 535 1615 565 prae-

916 584 1079 617 volarenl‚
1097 591 1210 612 verum
1226 579 1327 610 etiam
1341 578 1446 614 locos,
1462 585 1544 617 quos
1562 585 1615 607 ca-

915 634 1066 675 piebant,
1092 631 1180 673 qnod
1209 629 1320 661 idonei
1351 627 1538 668 felicesque
1566 635 1617 656 es-

915 691 1000 724 sent,
1022 686 1172 725 praepetcs
1196 682 1304 713 dictos
1323 679 1477 719 Agellins
1501 676 1619 708 existi-

915 742 1007 768 mat:
1031 739 1181 776 proepetes
1195 738 1306 765 autem
1322 740 1402 762 aves
1419 728 1569 769 quidam,
1582 732 1620 758 nt

916 797 959 817 ex
984 788 1087 818 Festo
1114 785 1286 822 discimus,
1312 781 1389 812 inde
1415 780 1523 811 dictas
1547 787 1619 810 cre-

917 837 1044 868 debant
1060 836 1147 877 quod
1163 833 1349 866 secundum
1368 830 1555 871 auspicium
1572 828 1622 859 fa-

917 893 1035 919 cerent
1060 887 1300 927 praevolantes,
1327 891 1431 923 seque
1460 884 1540 911 ante
1565 888 1622 910 au-

918 939 1109 978 spicantem
1131 935 1303 967 ferentes:
1329 933 1395 968 alii,
1410 931 1499 974 quod
1522 934 1624 961 antea.

919 989 1124 1026 indicarent,
1163 996 1264 1028 quam
1303 988 1494 1026 peteretur.
1556 980 1624 1011 Alii

919 1039 1007 1081 quod
1035 1038 1328 1079 praetervolarent.
1365 1035 1481 1076 Atque
1494 1032 1536 1063 de
1548 1041 1624 1062 san-

921 1091 1020 1131 quale
1040 1094 1073 1120 et
1097 1088 1288 1119 immussulo
1306 1087 1434 1118 Paulus
1451 1089 1486 1115 et
1501 1084 1624 1115 Festus

923 1142 989 1172 suis
1013 1140 1206 1181 singulatim
1224 1138 1307 1169 locis
1328 1139 1490 1170 tractant,
1507 1133 1626 1175 quibus

924 1191 1082 1223 addenda
1112 1196 1190 1221 sunt
1219 1200 1292 1231 quae
1329 1186 1462 1219 Plinius
1496 1185 1554 1216 lib.
1590 1193 1625 1214 x.

926 1244 1052 1274 Natur.
1079 1242 1158 1273 hist.
1189 1251 1263 1281 cap.
1291 1243 1322 1271 7.
1355 1237 1461 1269 tradit
1493 1237 1527 1266 in
1557 1236 1628 1266 boec

925 1295 1028 1324 verba
1046 1304 1054 1323 ε
1078 1293 1086 1309 ‘
1105 1291 1308 1332 Sauqualein
1331 1298 1427 1320 avem
1445 1291 1547 1327 atque
1568 1285 1627 1315 im-

926 1344 1110 1374 mussulum
1141 1341 1296 1381 Augures
1330 1338 1467 1370 Romani
1499 1345 1628 1376 magnae

926 1393 1123 1436 quaestionis
1146 1392 1280 1423 habent.
1315 1388 1554 1421 Immussulnm
1572 1386 1630 1417 ali-

928 1445 984 1486 qui
1001 1443 1143 1475 vnlturis
1169 1442 1297 1483 pullum
1324 1439 1532 1470 arbitrantur
1548 1445 1634 1475 esse,

929 1500 963 1526 et
994 1494 1186 1534 sanqualem
1224 1489 1421 1530 ossifraga.
1464 1487 1632 1518 Masurius

930 1547 1126 1587 sanqualem
1155 1542 1349 1581 ossifragam
1375 1540 1458 1571 (licit
1472 1549 1557 1576 esse,
1573 1538 1633 1568 im-

931 1597 1112 1628 mussulum
1128 1599 1237 1626 autem
1255 1593 1380 1634 pullum
1396 1590 1514 1632 aquilae
1526 1589 1634 1630 prius-

934 1658 1032 1689 quam
1057 1647 1183 1678 albicet
1202 1643 1334 1675 cauda.’
1368 1643 1558 1672 Buteonem
1578 1648 1634 1668 ve-

935 1709 984 1737 ro,
1002 1697 1090 1728 idem
1108 1695 1260 1736 ejusdem
1277 1693 1351 1724 libri
1369 1702 1446 1731 cap.
1463 1694 1493 1722 7.
1512 1690 1636 1729 accipi-

934 1751 994 1782 tris
1010 1759 1113 1790 genus
1131 1756 1204 1778 esse
1221 1745 1353 1784 scribit,
1369 1742 1551 1774 Triorclien
1567 1739 1636 1770 dic-

935 1807 1004 1832 tum
1031 1811 1049 1830 a
1075 1807 1213 1829 numero
1239 1796 1390 1833 testium,
1408 1792 1636 1831 familiamque

938 1853 1052 1883 Romae
1090 1860 1131 1880 ex
1169 1858 1209 1879 eo
1248 1846 1530 1885 cognominatam,
1561 1851 1637 1872 cnm

938 1912 1100 1944 prospero
1126 1900 1277 1940 auspicio
1302 1898 1334 1928 in
1358 1896 1454 1926 ducis
1482 1893 1558 1924 navi
1587 1902 1638 1923 se·

937 1955 1052 1985 disset.
1077 1952 1262 1983 Brissonius
1278 1948 1469 1987 deformulis
1484 1946 1537 1976 lib.
1557 1954 1582 1975 1.

979 2005 1069 2035 PAG.
1097 2005 1172 2033 545.
1213 2000 1368 2030 Osculana
1394 1995 1514 2036 pugna]
1553 1995 1639 2026 Quae

938 2056 1109 2087 Osculana
1133 2062 1246 2094 pugna
1273 2060 1292 2081 a
1318 2051 1418 2080 Festo
1436 2047 1641 2088 appellatur,

937 2114 972 2138 et
991 2105 1162 2147 proverbii
1178 2104 1253 2134 loco
1269 2108 1476 2139 numeroque
1495 2095 1644 2127 refertur

938 2159 980 2190 de
1006 2158 1045 2189 iis
1065 2157 1120 2198 qni
1139 2155 1218 2186 victi
1245 2153 1396 2189 vincunt,
1414 2159 1454 2180 ea
1472 2148 1643 2179 Asculana

940 2211 1052 2252 potius
1083 2208 1152 2239 (lici
1175 2205 1279 2237 debet
1307 2201 1471 2233 victoria:
1498 2209 1574 2229 nam
1601 2198 1643 2228 ad

940 2261 1100 2292 Asculum
1116 2267 1156 2288 ea
1170 2257 1367 2295 depugnata
1385 2260 1496 2291 pugna
1508 2248 1572 2279 fuit
1586 2248 1643 2279 ad—

941 2321 1053 2342 versus
1069 2307 1250 2349 Pyrrhum,
1273 2305 1299 2334 si
1328 2301 1513 2334 Plutarcho
1535 2299 1642 2330 credi-

942 2371 1036 2399 mus3
1064 2366 1263 2399 quamquam
1291 2354 1378 2393 apud
1399 2352 1536 2382 Festum
1562 2349 1646 2380 ordo

943 2413 1115 2451 seriesque
1130 2408 1306 2437 verborum
1321 2403 1507 2434 Osculanam
1521 2405 1648 2431 tuetur.

946 2461 1075 2493 Turneb.
1090 2459 1167 2490 libro
1186 2467 1239 2488 ιιι.
1255 2466 1321 2496 cap.
1336 2457 1388 2484 11.

988 2513 1080 2542 PAG.
1110 2512 1184 2541 546.
1220 2503 1400 2544 Ostentum]
1430 2502 1540 2534 Attius
1571 2502 1649 2532 Hac-

944 2563 1021 2600 clzz's‚
1050 2569 1202 2601 proesens:
1233 2560 1370 2598 praesto:
1403 2552 1648 2594 propemodum

946 2613 1142 2652 deploratus
1176 2610 1281 2641 locus.
1321 2604 1454 2637 scribe:
1494 2603 1650 2633 Pentheus

948 2664 1072 2693 Proesto
1096 2660 1229 2692 cerritus
1256 2657 1342 2689 uobis
1368 2666 1400 2686 se
1425 2657 1550 2693 stupens
1568 2654 1650 2683 ultro

947 2717 1101 2745 ostentum
1116 2710 1237 2742 obtulit.
1261 2712 1312 2739 est
1336 2706 1423 2738 enim
1446 2715 1488 2735 ex
1506 2703 1652 2734 Bacchis

949 2764 1105 2805 Euripid.
1130 2762 1213 2793 Scal.
1225 2762 1256 2792 z'n
1274 2757 1419 2790 Varronis
1430 2756 1482 2787 lib.
1497 2755 1650 2795 quintum.
