1876 3025
348 146 412 176 DE
445 144 718 176 VERBORUM
755 143 1169 175 SIGNIFICATIONE
1204 142 1298 175 LIB.
1331 145 1459 176 XVlI.

1516 135 1603 179 855

153 242 261 284 Sero
289 241 470 295 sapiunt
503 240 739 295 Phryges,¹¹
770 240 1048 295 proverbium
1070 243 1139 281 est
1159 244 1312 281 natum
1333 253 1360 281 a
1377 241 1601 295 Trojanis,

209 310 285 364 qui
304 310 474 351 decimo
497 308 686 362 denique
708 321 818 350 anno
840 308 954 349 velle
976 312 1200 362 coeperant
1221 307 1455 359 Helenam,
1479 323 1601 362 quae-

210 391 293 432 que
315 391 412 419 cum
432 390 483 418 ea
504 382 630 418 erant
649 381 792 430 rapta,
814 376 994 417 reddere
1015 376 1218 418 Achivis.

153 444 324 498 Serpsit
344 444 512 498 antiqui
538 456 617 497 pro
640 444 853 497 serpserit
883 444 954 485 usi
984 448 1108 485 sunt:
1137 443 1251 485 unde
1284 457 1372 485 ser·
1422 443 1601 495 [PAUL-

210 511 328 564 pulae
359 511 505 561 dictae,
541 524 653 565 quas
689 524 802 552 nunc
837 515 1064 566 serpentes
1097 511 1298 561 dicimus,
1333 524 1391 552 ex
1421 510 1600 562 Graeco,

210 580 331 633 quod
366 579 431 620 illi
464 581 611 633 ἑρπετὰ,
647 592 729 619 nos
761 591 840 633 pro
862 578 1133 633 aspiratione
1153 591 1300 619 eorum
1324 576 1355 618 S
1378 579 1503 620 litera
1523 592 1601 633 po-

210 647 312 697 sita,
332 652 383 688 ut
402 646 458 697 ἓξ,
478 660 574 697 sex,
593 649 701 695 ἑπτὰ,
725 649 909 700 septem.

156 712 312 768 Serpsit
334 715 395 754 usi
415 720 507 754 sunt
528 714 699 768 antiqui
720 726 801 767 pro
822 712 1066 766 serpserit?
1086 712 1192 754 unde
1210 711 1402 753 videntur
1435 713 1600 767 [FEST.

206 782 381 835 serpulae
400 782 546 832 dictae,
569 794 681 836 quas
701 794 815 822 nunc
835 787 1039 835 serpentes
1054 780 1221 821 dicimus
1238 795 1285 823 ex
1304 779 1475 832 Graeco,
1495 782 1601 835 quia

206 850 273 892 illi
291 852 440 906 ἑρπετὰ,
462 862 543 891 nos
565 863 644 903 pro
666 848 914 903 aspiratione
935 863 1070 889 eorum
1093 849 1122 891 S
1146 850 1279 890 litera
1296 850 1458 904 posita,
1479 853 1528 892 ut
1545 847 1601 898 ἓξ,

207 930 288 967 sex,
310 919 419 967 ἑπτοὶ,
441 923 600 970 septem.

150 984 338 1039 Serpula
357 985 582 1038 serpserit,
604 984 666 1026 ait
685 983 840 1039 (idem)
861 984 1074 1036 Messala,
1098 998 1276 1040 serpens
1298 986 1541 1040 inrepserit.

151 1052 308 1095 Serray
338 1053 529 1107 praeliari
563 1052 737 1102 dicitur,
769 1065 866 1094 cuin
899 1053 1081 1094 assidue
1101 1053 1341 1103 acceditur,
1361 1053 1600 1095 receditur-

801 1176 943 1208 NOTAE

150 1251 184 1282 in
201 1251 310 1283 veteri
326 1252 494 1293 scriptura
509 1251 616 1282 variat
631 1250 752 1282 lectio:
770 1260 845 1282 cum

149 1306 324 1333 exaratum
340 1302 384 1332 sit
400 1301 518 1337 Setius,
535 1311 603 1333 non
619 1301 738 1332 Serius.
784 1301 848 1332 Le-

149 1353 295 1393 gendum
323 1362 426 1394 ergo:
453 1353 572 1388 Secius,
592 1362 611 1384 ιι
625 1362 711 1384 secus
724 1352 846 1384 videtur

146 1403 272 1434 dictum.
295 1403 368 1435 Jos.
385 1404 473 1435 Scal.

191 1454 316 1495 Serius]
340 1455 443 1486 Errat
464 1455 553 1486 Scal.
599 1455 688 1486 Nam
708 1463 750 1486 ex
772 1463 846 1486 ver-

148 1504 200 1536 bis
235 1505 325 1537 Attii
357 1510 493 1537 constat
525 1505 707 1547 legendum
734 1507 847 1537 serius.

147 1557 236 1589 Dac.

190 1613 204 1628 ¹¹
228 1607 306 1639 Sero
330 1608 453 1649 sapiunt
477 1606 639 1649 Phryges]
665 1606 777 1638 Cicer.
803 1606 847 1637 E-

146 1658 228 1698 pist.
253 1658 312 1689 lib.
341 1668 405 1690 vu.
433 1659 544 1699 Epist.
568 1660 619 1689 16.
664 1657 673 1674 ‘
693 1657 733 1688 In
757 1666 847 1698 equo

146 1709 291 1749 Trojano
322 1709 387 1740 scis
411 1718 484 1739 esse
509 1709 543 1739 in
574 1712 738 1750 extremo,
770 1716 846 1738 sero

146 1759 308 1801 sapiunt!
353 1761 408 1791 De
424 1759 590 1800 Trojanis,
603 1759 750 1800 quicum
768 1758 847 1789 ulti-

146 1810 209 1841 mis
249 1814 499 1851 premerentur,
537 1809 624 1840 velle
667 1812 846 1849 coeperant

148 1861 315 1892 Helenam
341 1860 495 1899 reddere,
522 1860 642 1901 Dictys
668 1859 845 1891 Cretensis

148 1911 207 1942 lib.
224 1919 274 1943 1v.
299 1912 308 1928 ‘
323 1911 483 1942 Ceterum
499 1910 649 1952 Trojani,
665 1910 722 1941 ubi
738 1910 844 1941 hostis

145 1961 248 1992 muris
265 1960 408 1992 infestus
428 1961 532 2001 magis
545 1961 720 2002 magisque
736 1961 846 1998 saevit,

146 2021 256 2053 neque
276 2012 348 2053 jam
372 2011 554 2043 resistendi
577 2012 744 2042 moenibus
767 2021 845 2052 spes

145 2063 288 2095 ulterius
314 2068 380 2103 est,
401 2067 460 2094 aut
484 2063 571 2094 vires
587 2063 715 2102 valent,
732 2063 846 2094 cuncti

145 2123 305 2155 proceres
331 2114 534 2146 seditionem
556 2113 720 2145 adversus
748 2113 846 2145 Pria-

145 2175 235 2197 mum
258 2166 442 2207 extollunt,
466 2171 570 2207 atque
593 2166 665 2206 ejus
687 2166 845 2206 regulos:

146 2215 293 2257 denique
311 2216 423 2248 accito
439 2216 557 2256 AEnea,
577 2215 724 2257 filiisque
739 2215 846 2247 Ante-

148 2266 250 2306 noris,
265 2267 454 2298 decernunt
467 2267 559 2297 inter
577 2276 614 2298 se
631 2267 680 2297 uti
700 2266 845 2305 Helena,

147 2325 222 2347 cum
239 2316 287 2348 liis
302 2326 376 2359 quae
394 2317 510 2348 ablata
525 2321 635 2357 erant,
661 2316 702 2347 ad
727 2317 846 2348 Mene-

147 2367 234 2398 laum
253 2367 457 2400 duceretur!
483 2369 580 2400 Idem.

188 2422 204 2437 Χ
229 2417 351 2458 Serpsit
372 2419 492 2459 antiqui
513 2429 570 2459 pro
591 2418 754 2459 serpserit]
780 2417 845 2448 Ea-

148 2467 225 2499 dem
259 2478 336 2509 quae
367 2479 470 2510 supra
498 2470 531 2500 iu
564 2470 714 2510 Epitom.
770 2469 845 2499 Nisi

148 2518 237 2559 quod
263 2529 336 2559 quae
361 2519 448 2550 infra
472 2525 658 2561 sequuntur
676 2529 751 2550 cum
771 2519 844 2550 istis

148 2571 195 2601 sic
227 2571 456 2602 continuanda
485 2576 564 2602 sunt
594 2571 657 2603 hoc
690 2569 805 2610 modo,
830 2579 845 2600 s

148 2622 240 2651 litera
261 2621 373 2661 posita,
397 2625 431 2652 ut
458 2620 500 2661 ἓξ,
522 2631 592 2661 sex,
607 2620 700 2662 ἑπτὰ,
716 2624 844 2662 septem.

148 2672 280 2711 Serpula
300 2672 423 2711 serpsit,
442 2672 487 2702 ait
511 2672 656 2710 Blessala,
674 2673 706 2703 id
721 2676 765 2703 est
782 2682 845 2702 ser-

146 2731 222 2761 pens
247 2722 421 2762 inrepserit.
455 2722 532 2754 Non
548 2722 686 2754 dubium
700 2723 779 2764 quin
799 2722 845 2753 ita

897 1251 1018 1283 Festus
1049 1251 1237 1292 scripserit.
1281 1250 1375 1282 Viris
1399 1249 1520 1290 doctis,
1542 1249 1601 1290 qui

897 1302 957 1334 illa
971 1302 1180 1343 disjunxere,
1203 1300 1287 1333 illud
1312 1301 1485 1342 imposuit,
1509 1300 1602 1341 quod

898 1352 958 1384 ubi
986 1352 1100 1393 Pauli,
1121 1352 1248 1384 ibidem
1270 1352 1372 1383 etiam
1387 1351 1480 1383 Festi
1496 1351 1602 1382 verba

897 1403 999 1436 finem
1023 1413 1146 1445 capere
1170 1403 1405 1443 crediderunt,
1427 1403 1601 1433 immemo-

898 1463 952 1486 res
976 1455 1110 1486 scilicet
1138 1454 1317 1485 barbarum
1352 1457 1602 1485 racematorem

898 1514 967 1536 non
992 1505 1080 1537 tanti
1104 1504 1221 1536 facere
1236 1504 1406 1536 Veterum
1429 1504 1601 1544 exempla,

898 1560 937 1587 ut
960 1555 992 1586 in
1017 1555 1056 1586 iis
1069 1554 1307 1587 describundis
1322 1564 1463 1595 operam
1480 1554 1602 1585 abuta-

900 1609 978 1637 tur:
997 1605 1056 1646 qui
1071 1605 1124 1636 vel
1136 1603 1226 1636 infra
1241 1605 1276 1635 in
1293 1605 1302 1622 ‘
1316 1613 1412 1635 serra
1428 1604 1579 1645 praeliari
1593 1602 1600 1613 ¹

899 1655 994 1686 nobis
1008 1654 1113 1686 verba
1128 1655 1269 1686 Catonis
1286 1654 1469 1686 inviderat.
1487 1654 1587 1686 Idem.

941 1711 954 1733 Y
979 1706 1090 1747 Serra]
1115 1705 1230 1737 Verba
1256 1705 1394 1737 Catonis
1417 1704 1600 1736 manifesto

899 1766 970 1797 prae
998 1766 1033 1788 se
1067 1755 1182 1787 ferunt
1215 1755 1320 1795 aliud,
1345 1764 1384 1787 ac
1410 1755 1519 1786 visum
1547 1759 1601 1786 est

900 1807 1032 1848 Verrio,
1054 1807 1149 1848 cujus
1174 1807 1208 1838 in
1227 1807 1290 1838 hac
1314 1816 1350 1837 re
1377 1807 1600 1847 supinitatem

898 1863 934 1889 et
970 1858 1214 1898 negligentiam
1252 1857 1524 1889 animadvertere
1561 1858 1602 1888 li·

899 1914 967 1942 cet.
995 1910 1095 1940 Serra
1109 1909 1211 1945 enim,
1227 1913 1262 1940 et
1274 1908 1405 1949 globus,
1422 1913 1458 1939 et
1474 1907 1600 1947 forfex,

897 1964 975 1991 sunt
996 1958 1147 1999 σχήματα
1170 1958 1379 1990 instruendae
1405 1959 1506 1990 aciei.
1530 1959 1601 1989 Jos.

897 2011 981 2042 Scal.

940 2061 1037 2093 Serra
1058 2060 1213 2102 proeliam‘]
1234 2059 1346 2091 Variae
1367 2058 1514 2091 acierum
1532 2057 1600 2090 for-

897 2122 960 2144 mae
978 2112 1140 2144 Romanis
1156 2116 1343 2152 usurpatae.
1387 2110 1428 2142 In
1445 2110 1496 2140 his
1521 2114 1529 2127 ‘
1541 2120 1599 2141 cu-

898 2163 1003 2200 neus,'
1043 2169 1052 2182 ‘
1070 2163 1214 2204 globus,'
1255 2163 1264 2180 ‘
1279 2161 1414 2198 forfex,'
1450 2162 1459 2178 ‘
1478 2160 1604 2201 turris,'

898 2214 1037 2254 ‘serra,'
1065 2213 1119 2245 hic
1149 2223 1168 2244 a
1198 2213 1329 2244 Catone
1358 2215 1600 2243 memorantur.

901 2266 1022 2296 Cuneus
1040 2274 1116 2296 cum
1133 2268 1279 2304 angusta
1303 2263 1337 2294 in
1359 2262 1473 2294 fronte
1497 2262 1601 2300 acies,

898 2315 1062 2356 paulatim
1076 2324 1112 2345 se
1130 2318 1317 2345 retrorsum
1335 2312 1469 2354 pandit,
1482 2312 1515 2343 in
1530 2321 1601 2342 mo-

900 2366 980 2397 dum
997 2366 1106 2397 literae
1120 2370 1158 2401 Δ,
1182 2364 1272 2395 unde
1296 2367 1332 2394 et
1356 2363 1516 2402 trigonum
1543 2371 1600 2392 vo-

901 2420 994 2447 cant.
1041 2414 1171 2453 Globus,
1194 2424 1268 2445 cum
1285 2413 1394 2453 figura
1410 2412 1549 2453 globosa
1566 2416 1600 2442 et

901 2469 934 2498 iu
952 2467 1131 2498 rotundum
1148 2466 1336 2497 instruitur.
1375 2463 1505 2502 Forsex,
1521 2473 1597 2504 quae

901 2524 934 2550 et
945 2519 1085 2559 forceps,
1099 2517 1271 2549 contraria
1284 2525 1405 2555 cuneo,
1421 2514 1598 2545 latioribus

902 2570 1019 2611 primis
1044 2574 1079 2600 et
1094 2569 1236 2609 apertis,
1253 2577 1292 2598 ac
1309 2565 1472 2607 paulatim
1490 2565 1523 2595 in
1542 2573 1599 2594 an-

902 2626 1039 2660 gustum
1063 2618 1296 2649 desinentibus
1321 2617 1353 2646 in
1371 2614 1505 2646 modum
1522 2614 1599 2644 lite-

901 2680 946 2701 rae
962 2669 1004 2699 V.
1041 2668 1164 2707 Turris,
1176 2677 1251 2698 cum
1263 2667 1403 2697 militum
1418 2663 1551 2694 ordines
1565 2663 1598 2693 in

900 2720 1028 2762 quadro
1057 2719 1281 2751 instruuntur,
1330 2716 1423 2747 Serra
1440 2723 1513 2746 cuin
1531 2723 1598 2744 nia—
