1876 3025
508 153 570 182 DE
612 151 776 183 SEXTO
819 149 1034 180 POMPEIO
1080 148 1243 179 FESTO.
1484 131 1595 174 1237

144 255 212 293 dae
243 267 266 292 a
298 254 516 306 Pomponio
536 254 645 292 Laeto
666 253 836 296 relictae;
879 250 1067 303 Ejusdem
1092 249 1278 287 librorum
1315 251 1411 285 xx.³
1443 246 1491 284 de
1510 246 1607 283 Ver-

147 321 285 358 borum
318 319 504 358 Veterum
540 318 828 372 significatione
876 316 1062 367 reliquiae,
1097 327 1185 353 cum
1217 312 1331 351 Pauli
1362 311 1529 349 Diaconi
1562 324 1609 349 ex

148 385 288 423 iisdem
317 384 510 436 Epitoma,
545 384 767 435 conjunctae
800 390 839 420 et
874 382 911 419 in
949 394 1069 419 unum
1100 392 1242 431 corpus
1264 378 1429 429 digestae
1451 383 1543 414 sunt
1561 376 1608 413 ab

153 450 257 488 Aldo
280 450 476 497 Memmio,
515 449 664 487 Achille
700 448 848 494 Mafeo,
880 446 1048 497 denique
1084 446 1142 483 ab-
1170 443 1343 482 Antonio
1375 441 1609 491 Augustino,

149 515 354 566 praemissa
373 515 488 553 etiam
512 514 624 552 Pauli
649 513 824 566 Epistola
856 511 906 550 ad
938 510 1124 549 Carolum
1162 509 1220 547 M.
1243 509 1341 559 Imp.
1400 506 1472 543 llla
1499 505 1612 542 Pauli

152 580 334 631 Epitoma
355 580 520 632 primum
542 578 685 631 saepius
706 576 918 630 prodierat,
938 582 1020 613 tum
1043 575 1150 620 alibi,
1173 581 1254 612 tum
1276 572 1325 611 ad
1347 571 1496 610 calcem
1517 570 1613 607 Cor-

152 645 333 696 nucopiae
368 644 520 682 Nicolai
552 644 714 682 Perotti.
774 641 931 687 Melior,
963 639 1191 684 ordinatior,
1222 644 1261 676 et
1280 637 1512 688 locupletior
1534 637 1614 672 An-

148 711 246 749 tonii
268 710 492 761 Augustini,
526 709 710 761 Episcopi
738 706 965 753 Ilerdensis,
992 712 1131 756 postea
1152 703 1447 755 Archiepiscopi
1476 702 1615 738 Tarra-

148 776 351 823 conensiS,
382 776 503 815 editio
535 788 624 813 cum
651 771 1055 812 animadversionibus
1074 769 1219 822 prodiit
1237 767 1412 806 Venetiis
1438 767 1554 805 1560.
1577 767 1613 803 8.

151 841 189 879 111
211 856 288 893 qua
310 855 369 889 ea,
400 840 622 893 quaePauli
653 845 746 877 sunt
780 844 819 875 et
853 850 943 888 quae
967 835 1083 883 Festi,
1113 835 1239 887 posita
1268 833 1306 871 in
1327 832 1501 884 margine
1522 837 1617 868 nota

150 906 463 958 distinguuntur,
495 913 534 944 et
566 904 689 942 Verrii
727 902 856 940 Flacci
884 903 1104 952 fragmenta
1138 899 1440 952 praemittuntur.
1499 897 1614 933 Hanc

154 971 484 1022 Augustini-anam
520 970 733 1008 editionem
764 966 885 1018 repeti
923 966 1045 1016 jussit
1078 973 1117 1002 et
1148 964 1347 1015 castigatt.
1379 960 1615 1000 doctissimis

149 1036 356 1074 illustravit
394 1037 478 1074 Jos.
497 1035 702 1086 Scaliger4
724 1033 834 1071 Paris
874 1033 990 1069 1575.
1024 1032 1062 1069 8.
1090 1029 1275 1080 subjectis
1311 1027 1426 1066 etiam
1454 1026 1616 1064 seorsim

153 1101 271 1149 notis,
295 1115 383 1153 quae
410 1102 448 1138 in
481 1101 636 1138 Veneta
669 1097 839 1137 editione
866 1103 982 1135 antea
1000 1095 1238 1146 prodierant.
1296 1093 1356 1130 Ab
1377 1105 1424 1130 eo
1444 1097 1617 1142 tempore

156 1166 317 1204 Fulvius
353 1166 518 1204 Ursinus
556 1166 792 1215 Fragmenta
831 1162 916 1214 ipsa
947 1160 1064 1208 Festi,
1100 1159 1234 1211 qualia
1282 1156 1421 1196 Manil.
1461 1155 1617 1200 Rallus,

154 1232 271 1270 1101110
293 1231 472 1278 Graecus,
506 1230 576 1269 sed
606 1228 754 1267 Latinis
783 1228 904 1265 literis
924 1226 1115 1273 excultus,
1146 1232 1186 1263 et
1216 1222 1458 1276 Pomponius
1490 1222 1619 1259 Laetus

155 1297 387 1345 habuerant,
422 1303 461 1335 et
500 1309 523 1333 a
568 1295 684 1334 Rallo
725 1298 932 1345 acceperat
977 1290 1213 1336 Politianus,
1251 1292 1303 1338 (v.
1324 1301 1358 1326 c.
1380 1289 1445 1326 73.
1484 1287 1620 1334 Misc.)

157 1376 180 1401 a
210 1362 426 1413 Pomponio
467 1362 575 1399 Laeto
606 1361 671 1398 Jo.
706 1359 820 1409 Bapt.
852 1357 948 1394 Pius
983 1359 1036 1405 (v.
1057 1361 1193 1394 annot.
1226 1352 1430 1406 posterior.
1466 1364 1501 1389 c.
1540 1351 1619 1397 16.)

157 1441 206 1466 ex
242 1427 418 1465 Farnesii
451 1425 673 1463 Cardinalis·
706 1423 809 1462 Eibl.
841 1421 1067 1473 publicavit,
1089 1425 1129 1457 et
1157 1432 1245 1457 cum
1267 1418 1370 1455 notis
1394 1417 1476 1455 suis
1496 1414 1619 1454 edidit

158 1493 294 1530 Romae
314 1493 430 1529 1581.
455 1490 508 1530 8.⁵
567 1489 755 1540 Scaligeri
776 1494 815 1525 et
835 1486 966 1524 Ursini
987 1484 1177 1523 editiones
1192 1483 1408 1535 junxerunt
1424 1487 1463 1519 et
1479 1480 1621 1518 utrius-

157 1571 234 1609 que
269 1564 382 1595 notas
418 1556 646 1607 adjecerunt
681 1552 1038 1602 Heidelbergenses
1074 1551 1190 1587 1593.
1212 1551 1249 1586 8.
1307 1546 1487 1597 Denique
1508 1544 1620 1582 lucu-

157 1624 316 1670 lentam,
361 1622 625 1667 emendatam,
676 1626 716 1657 et
767 1618 988 1668 elegantem
1037 1614 1144 1652 Festi
1179 1613 1387 1652 editionem
1432 1610 1619 1648 debemus

160 1688 329 1727 Andreae
351 1686 534 1732 Dacerio,
556 1685 678 1737 quiin
711 1697 825 1722 usum
848 1680 1035 1732 Delphini
1066 1679 1303 1717 illustratum
1334 1676 1460 1715 edidit
1496 1674 1618 1712 Paris.

165 1755 280 1793 1681.
301 1756 340 1791 4.
390 1753 449 1790 De
471 1751 660 1803 prioribus
692 1757 820 1787 autem
842 1747 917 1785 hoc
937 1746 1011 1784 fert
1038 1745 1254 1797 judicium:
1286 1748 1296 1765 ‘
1314 1742 1449 1779 Pauca
1486 1752 1619 1778 eorum

161 1817 548 1869 praestititAntonius
567 1815 829 1867 Augustinus,
845 1826 933 1863 quae
945 1817 1134 1864 praestare
1156 1808 1362 1861 potuisset.
1423 1807 1467 1844 In
1488 1804 1619 1842 multis

164 1883 318 1922 divinus
341 1883 540 1934 Scaliger:
581 1881 651 1919 sed
684 1880 776 1917 dum
800 1877 956 1928 ingenio
978 1889 1049 1914 suo
1071 1875 1185 1913 nimis
1207 1873 1401 1924 indulget,
1423 1884 1528 1921 saepe
1549 1883 1619 1906 nu-

162 1950 230 1986 bes
250 1955 397 2000 captat,
420 1954 459 1986 et
480 1947 533 1984 nil
554 1946 681 1984 minus
702 1957 818 1996 quam
840 1943 999 1980 Festum
1020 1942 1308 1991 interpretatur.
1368 1935 1525 1974 Fulvius
1548 1935 1621 1971 Ur-

164 2013 290 2059 sinus,
323 2013 481 2063 reliquis
504 2011 663 2056 felicior,
691 2009 883 2047 utiliorem
917 2019 1075 2058 operam
1108 2003 1277 2048 navavit,
1313 2000 1382 2039 sed
1414 2000 1469 2038 sic
1504 1998 1621 2036 etiam

167 2079 325 2115 Festum
347 2091 425 2114 non
447 2085 525 2115 tam
543 2075 793 2114 emendatum
815 2085 932 2124 quam
958 2068 1247 2109 emendandum
1278 2074 1317 2105 et
1337 2063 1535 2104 emendari
1565 2064 1622 2100 fa-

163 2143 279 2181 cilem
306 2142 493 2181 tradidit!
550 2140 706 2179 Dacerii
740 2138 860 2176 editio
879 2149 1030 2182 recusa,
1061 2140 1223 2173 curante
1244 2133 1308 2171 Jo.
1330 2131 1482 2169 Clerico
1502 2129 1551 2165 V.
1574 2128 1621 2166 C.

213 2252 226 2272 3
246 2251 445 2282 Divisinnem
469 2261 539 2291 quae
565 2252 598 2281 in
628 2249 763 2289 vulgatis
787 2247 874 2278 libris
918 2256 950 2286 p.
965 2249 997 2277 7
1044 2245 1187 2275 ‘Annon
1213 2242 1288 2273 SeX.
1312 2240 1483 2280 Pompeius
1513 2238 1625 2268 Festus

168 2295 316 2329 occurrit,
335 2306 396 2334 qua
420 2295 533 2334 singuli
559 2294 631 2323 libri
648 2293 785 2332 singulas
801 2302 874 2321 con·
919 2289 1057 2328 indignis
1084 2288 1186 2317 modis
1201 2291 1353 2326 acceptus
1370 2294 1440 2313 esse
1463 2283 1550 2312 visus
1565 2292 1596 2311 es
1600 2288 1623 2315 t,

170 2339 275 2368 tinent
288 2339 407 2372 literas,
431 2337 506 2367 Aldi
522 2347 605 2373 esse,
620 2346 683 2365 non
703 2336 798 2370 besti,
820 2345 875 2363 no-
921 2334 1002 2372 quod
1020 2332 1058 2361 ab
1073 2331 1197 2360 1101111116
1216 2329 1311 2359 Gallo
1321 2328 1495 2356 illustratus
1510 2335 1624 2364 magno

169 2383 249 2412 tavit
264 2382 418 2412 Dae-erius
437 2381 467 2410 in
492 2380 580 2420 praef.
619 2380 699 2416 Quae
716 2389 785 2409 vero
803 2377 874 2407 Ma—
921 2375 1095 2405 studiorum
1107 2374 1211 2403 favore
1228 2376 1378 2411 exceptus
1393 2369 1463 2398 est?
1512 2367 1624 2407 Itaque

171 2426 296 2456 crobius
312 2436 328 2455 e
346 2425 422 2454 libro
442 2424 533 2453 tertio
549 2423 672 2453 decimo
695 2422 774 2452 Julii
792 2420 877 2450 Festi
922 2419 1035 2448 Romae
1047 2417 1152 2448 editus
1160 2427 1229 2447 cum
1244 2415 1355 2445 iisdem
1367 2411 1624 2451 castigationibus

171 2469 299 2509 profert,
318 2479 372 2498 111.
392 2472 420 2498 1.
433 2467 588 2497 Saturnal.
605 2476 643 2496 ea
657 2465 749 2495 hodie
765 2465 876 2504 legun·
922 2463 1003 2492 alius
1019 2471 1101 2490 nunc
1118 2471 1186 2490 esse
1199 2465 1344 2490 censetur
1363 2461 1525 2497 propterea
1541 2454 1623 2493 quod

172 2518 222 2542 tur
238 2513 269 2541 in
291 2512 369 2541 libro
396 2511 481 2541 Festi
503 2509 692 2540 duodecimo
713 2507 877 2538 divisionis
923 2505 1032 2546 prioris
1047 2503 1176 2534 editoris
1190 2512 1306 2532 nomen
1319 2498 1546 2530 dissimulatum
1563 2503 1624 2531 est

175 2555 313 2585 Aldinae.
923 2558 1099 2589 quanquam
1116 2547 1228 2577 eadem
1242 2546 1336 2585 plane
1347 2543 1445 2572 editio
1457 2546 1505 2571 est
1516 2540 1625 2580 paucis

217 2601 235 2621 4
250 2599 324 2628 Non
340 2598 444 2628 Julius
460 2596 565 2627 Caesar
579 2596 731 2636 Scaliger,
748 2599 783 2624 ut
795 2594 879 2634 legas
924 2592 1091 2622 admodum
1112 2590 1215 2630 iisque
1243 2588 1355 2618 leviter
1371 2584 1554 2619 immutatis,
1582 2584 1626 2612 ita

176 2643 207 2671 in
234 2642 371 2681 quaesitis
397 2639 551 2671 Oratoriis
576 2638 729 2669 Bolrnslai
758 2637 881 2668 Balbini
928 2641 1031 2665 tamen
1047 2640 1158 2664 uttam
1173 2632 1235 2662 levi
1250 2630 1422 2661 mutatione
1443 2638 1505 2657 non
1527 2627 1626 2666 magis

172 2695 204 2725 p.
222 2688 295 2716 119.
926 2678 1022 2709 latere
1040 2688 1111 2719 poss-
1109 2677 1139 2707 it
1160 2675 1314 2707 industria
1342 2673 1451 2714 prioris
1472 2669 1625 2703 edit‹›1·is,’

222 2729 233 2748 5
251 2727 321 2758 Yvo
339 2728 540 2757 Villiomarus
552 2726 616 2756 sive
633 2725 791 2764 Josephus
807 2723 880 2753 Sca·
924 2720 984 2753 &c-

177 2773 255 2812 liger
271 2772 303 2802 in
322 2772 405 2802 locos
417 2776 632 2802 controversus
649 2768 780 2799 Roberti
802 2767 879 2796 Titii
