1876 3025
329 1586 406 1612 sunt
435 1590 510 1621 quae
542 1579 678 1620 publice
714 1579 787 1609 Deo
817 1583 1026 1610 consecratae

347 131 404 173 98
761 142 908 173 SEXTI
943 141 1146 172 ΡΟΜΡΕΠ
1183 141 1321 172 unsri

378 238 461 278 bus
483 250 609 279 sacer
630 237 843 291 appellari
858 236 983 277 solet.
1043 235 1202 278 Gallus
1224 235 1368 277 AElius
1390 233 1451 276 ait
1467 247 1639 276 sacrum
1661 247 1759 277 esso

377 319 655 359 quocumque
675 304 820 354 modo,
844 309 972 356 atque
1007 303 1210 344 instituto
1235 303 1429 344 civitatis
1459 307 1760 344 consecratum

379 373 453 422 sit,
483 373 575 413 sive
601 372 726 421 aedis,
764 371 859 412 sive
892 383 984 419 ara,
1013 370 1107 411 sive
1138 370 1325 422 signum,
1358 370 1453 410 sive
1479 369 1636 419 locus,3
1669 369 1762 409 sive

378 440 581 491 pecunia,
602 439 696 480 sive
713 438 818 492 quid
834 436 966 486 aliud,
981 436 1099 491 quod
1115 436 1216 478 Diis
1229 436 1494 484 dedicatum,
1511 440 1642 489 atque
1660 449 1763 476 con-

379 510 596 547 secratum
620 505 692 547 sit.
744 504 874 556 Quod
899 508 1041 545 autem
1060 503 1219 557 privati
1234 501 1250 524 ¹³
1271 516 1363 544 suae
1382 503 1603 555 religionis
1625 516 1763 544 causa

379 572 547 626 aliquid
569 584 715 613 earum
736 584 873 612 rerum
896 570 993 611 Deo
1015 570 1235 620 dedicent,
1258 570 1303 610 id
1325 570 1572 611 Pontifices
1596 570 1764 611 Roma-

379 652 462 680 nos
482 652 567 680 non
605 638 857 680 existimare
894 650 1067 678 sacrum
1087 650 1096 675 ε
1148 642 1196 678 at
1235 636 1274 677 si
1308 648 1397 689 qua
1431 649 1560 677 sacra
1591 637 1760 690 privvm

381 712 590 761 suscepta
610 711 725 755 sunt,
747 719 849 760 quae
871 719 928 747 ex
948 705 1145 746 instituto
1162 703 1424 746 Pontificum
1439 707 1558 744 stato
1580 704 1668 754 die,
1690 717 1766 745 au.

380 780 499 816 certo
520 775 621 815 loco
654 773 860 818 facienda
881 773 980 822 sint,
1003 785 1055 813 ea
1080 784 1206 813 sacra
1233 770 1447 824 appellari
1468 774 1672 824 tanquam
1694 785 1765 812 sa·

382 841 609 882 orificium.
659 839 743 880 Ille
763 840 901 889 locuS,
922 839 1000 880 ubi
1021 852 1075 880 ea
1096 851 1221 880 sacra
1242 838 1413 892 privata
1433 837 1634 879 facienda
1653 845 1766 888 sunt,

381 909 459 950 vix
475 907 649 949 videtur
669 920 794 948 sacer
813 920 927 948 esse.

326 974 531 1017 Sacrami
552 975 666 1016 viam
687 974 863 1028 quidam
883 973 1146 1028 appellatam
1179 985 1276 1014 esse
1295 973 1560 1022 existimant,
1583 972 1702 1026 quod
1722 972 1767 1013 in

382 1056 436 1084 ea
461 1043 609 1084 foedus
632 1042 767 1083 ictum
790 1042 848 1083 sit
867 1041 975 1082 inter
1005 1040 1246 1082 Romulum
1267 1053 1319 1080 ac
1339 1040 1544 1081 Tatium:
1575 1039 1768 1093 quidam,

383 1110 500 1164 quod
524 1123 579 1151 eo
601 1109 753 1152 itinere
782 1113 962 1150 utantur
989 1107 1256 1157 sacerdotes,
1274 1107 1488 1148 idulium4
1518 1104 1767 1148 sacrorumk

929 1237 1025 1250 ‘000⁴‘
1032 1237 1148 1249 “000ae

370 1330 388 1356 3
414 1327 491 1358 Vet.
505 1326 579 1358 cod.
595 1327 766 1357 locum-4
790 1324 851 1356 Vir
866 1324 959 1356 doct.
979 1324 1013 1355 in
1030 1333 1134 1365 marg.
1153 1324 1208 1356 ed.
1226 1323 1315 1355 Scal.
1329 1323 1474 1355 edulium.

980 1454 1118 1486 NOTlE

371 1531 385 1551 ¹¹
411 1530 501 1566 Quod
529 1533 633 1560 autem
660 1529 794 1570 privati]
833 1529 945 1561 Sacrae
972 1538 1026 1560 res
1077 1529 1118 1560 de
1137 1528 1232 1569 Ling.
1248 1529 1320 1560 Lat.
1333 1528 1375 1559 de
1389 1528 1515 1559 sacello
1526 1527 1775 1559 Streniae.A⁷1t.

1077 1580 1166 1619 Aug.

329 1635 421 1669 sunt,
437 1639 503 1661 non
523 1630 677 1670 privatae.
722 1629 758 1660 Si
771 1629 846 1669 quis
864 1638 943 1669 ergo
960 1629 1026 1669 pri-

330 1680 432 1711 vatim
463 1680 528 1710 sibi
555 1689 685 1710 sacrum
716 1679 945 1714 constituerit,
976 1688 1028 1710 sa-

330 1739 425 1761 crum
441 1739 506 1760 non
520 1733 583 1769 est,
595 1729 654 1760 sed
672 1728 861 1769 profanum.
896 1730 936 1761 L.
951 1730 1029 1769 vr.§

329 1784 362 1813 2.
396 1781 439 1811 D.
465 1781 506 1811 de
528 1780 624 1811 divis.
641 1789 766 1810 rerum.
795 1778 979 1812 Justinian.
995 1779 1029 1810 iu

331 1831 445 1861 Instit.
471 1830 530 1861 lib.
558 1839 600 1861 11.
626 1839 702 1870 cap.
724 1832 756 1860 1.
781 1830 798 1870 ξ
821 1832 852 1859 8.
873 1829 931 1860 ‘Si
956 1829 1029 1870 quis

331 1889 412 1911 vero
429 1880 631 1911 auctoritate
647 1890 706 1910 sua
728 1879 821 1919 quasi
839 1888 970 1910 sacrum
988 1878 1030 1908 si-

332 1930 365 1961 bi
388 1930 616 1968 constituerit,
639 1939 770 1961 sacrum
796 1938 862 1960 non
884 1935 950 1968 est,
971 1927 1030 1959 sed

333 1980 536 2021 profanum.'
561 1981 658 2011 Idem.

375 2030 383 2050 ¹
404 2030 550 2070 Sacram]
570 2030 657 2061 Sunt
679 2029 835 2070 quaedam
861 2028 1031 2060 mendosa.

336 2081 426 2112 Illud
444 2081 634 2121 praesertim
661 2091 716 2112 nec
731 2079 881 2120 appellari
904 2079 1033 2111 debere:

334 2132 468 2164 videtur
485 2131 678 2162 desiderare
699 2139 819 2161 sacram
835 2129 928 2160 viam.
972 2129 1032 2160 Vi-

334 2182 377 2213 de
402 2182 575 2214 ‘October
587 2180 609 2220 ς’
633 2191 700 2222 quo
728 2181 791 2211 loci
813 2179 1033 2211 ‘sacravien-

334 2231 408 2263 ses’
442 2232 674 2272 appellantur,
702 2231 759 2272 qui
790 2230 821 2262 in
847 2230 951 2261 Sacra
980 2230 1034 2262 via

334 2283 500 2322 habitant,
524 2286 560 2313 et
593 2280 892 2322 ‘Suburane11ses‚’
917 2281 973 2322 qui
999 2282 1034 2312 in

334 2333 478 2364 Subura.
531 2333 644 2363 Verrii
673 2337 786 2364 autem
815 2332 930 2373 opinio
956 2332 1035 2363 milii

337 2392 591 2423 supervacanea
606 2382 753 2419 videtur,
778 2383 806 2414 si
828 2392 885 2413 eos
902 2386 1032 2413 tantum

337 2433 569 2473 reprehendit,
581 2433 635 2474 qui
651 2432 833 2472 conjuncte
847 2432 920 2463 haec
930 2441 1034 2463 enun-

337 2485 485 2515 tiarent:
510 2483 584 2524 quis
596 2483 686 2514 enim
704 2483 751 2514 ita
767 2483 900 2514 locutus
916 2483 991 2513 est?
1007 2482 1035 2514 si

338 2543 418 2565 vero
434 2534 605 2565 existimat
620 2533 747 2564 debere
770 2533 836 2564 dici
851 2543 984 2568 sacram,
999 2538 1035 2564 et

339 2595 460 2625 novam,
488 2593 553 2616 non
589 2593 710 2616 sacram
738 2584 832 2625 viam,
864 2589 899 2615 et
927 2593 1035 2615 novum

339 2637 441 2666 viam:
465 2640 545 2667 tunc
568 2635 658 2667 solus
678 2635 749 2665 sine
765 2635 861 2666 rivali
878 2644 914 2666 se
930 2639 1033 2671 amet.

340 2696 400 2726 per
416 2697 468 2718 me
483 2687 576 2719 licet.
612 2685 758 2718 Vidend.
789 2685 898 2718 Varro
912 2686 969 2719 lib.
984 2694 1032 2717 lv.

1120 1630 1249 1662 Sacram
1263 1629 1361 1671 viam]
1385 1629 1497 1660 Idulia
1512 1637 1609 1659 sacra
1625 1627 1716 1658 dicta
1733 1626 1774 1658 ab

1079 1681 1132 1712 ovi
1150 1681 1252 1716 Iduli,
1263 1690 1336 1721 quae
1350 1685 1432 1721 quot
1445 1679 1554 1710 idibus
1568 1677 1648 1710 Jovi
1659 1678 1774 1708 immo-

1080 1730 1226 1762 labatur.
1273 1729 1440 1761 Ovidius:
1466 1734 1474 1747 ‘
1490 1729 1607 1760 Idibus
1625 1728 1701 1759 alba
1717 1728 1775 1759 Jo-

1081 1781 1113 1811 vi
1136 1781 1295 1821 grandior
1321 1790 1405 1821 agna
1424 1779 1538 1812 cadit-³
1583 1779 1671 1810 Vide
1689 1778 1774 1810 Cou-

1076 1824 1249 1874 jectauea.
1272 1834 1340 1864 Jos.
1360 1833 1444 1865 Scal.

1123 1884 1252 1915 Sacram
1279 1885 1379 1925 viam]
1402 1884 1503 1924 Signa
1534 1882 1670 1913 foederis
1702 1882 1775 1912 initi

1081 1935 1113 1966 in
1131 1944 1168 1965 ea
1185 1935 1349 1966 extabant
1365 1941 1519 1975 tempore
1535 1934 1644 1965 Servii
1662 1933 1778 1964 Hono-

1081 1979 1166 2023 rati.
1176 1983 1325 2022 Regibus
1351 1983 1485 2014 diverso
1500 1983 1621 2013 itinere
1644 1982 1778 2012 venien-

1084 2032 1199 2071 tibus3
1238 2033 1381 2064 Romulo
1409 2042 1428 2062 a
1458 2031 1603 2070 Palatio,
1630 2031 1729 2061 Tatio
1759 2040 1778 2060 a

1085 2082 1228 2114 Rostris.
1266 2082 1354 2113 Vide
1368 2082 1520 2113 Servium
1538 2081 1578 2112 ad
1598 2080 1678 2112 illud
1699 2089 1778 2111 vm.

1083 2133 1215 2165 AEneid.
1230 2134 1239 2150 ‘
1252 2126 1550 2173 Caesajungebant
1563 2131 1689 2163 foedera
1704 2141 1779 2172 por—

1083 2182 1147 2215 ca!
1171 2183 1250 2215 Dae.

1127 2233 1140 2254 Κ
1171 2234 1309 2264 Idalium
1336 2232 1508 2273 sacrorum]
1546 2232 1655 2263 Idulia
1685 2241 1779 2261 sacra

1085 2284 1175 2316 dicta
1191 2284 1232 2315 ab
1245 2284 1299 2314 ovi
1312 2283 1400 2315 Iduli
1417 2293 1492 2323 quae
1507 2287 1589 2323 quot
1604 2282 1712 2312 idibus
1721 2282 1780 2314 Jo-

1085 2335 1118 2365 vi
1134 2334 1379 2365 immolabatur.
1417 2333 1518 2365 Ovid.
1542 2337 1550 2350 ‘
1563 2332 1677 2363 Idibus
1694 2332 1780 2363 alma

1085 2384 1162 2417 Jovi
1193 2383 1353 2424 grandior
1388 2393 1474 2423 agna
1503 2382 1618 2414 cadit)
1675 2381 1781 2413 Sacra

1085 2435 1157 2467 haec
1175 2435 1287 2466 Idulia
1309 2435 1362 2465 via
1378 2444 1475 2465 saera
1501 2434 1533 2464 iu
1557 2442 1668 2464 arcem
1692 2431 1780 2463 fere-

1086 2485 1221 2517 bantur.
1266 2484 1366 2515 Varr.
1381 2484 1439 2515 lib.
1458 2493 1509 2515 ιν.
1523 2483 1566 2514 de
1581 2484 1618 2514 L.
1635 2483 1673 2513 L.
1696 2483 1704 2499 ‘
1722 2482 1781 2512 Ce-

1086 2535 1237 2567 roliensis
1266 2545 1286 2565 a
1314 2535 1503 2565 carinarum
1519 2533 1644 2574 junctu
1669 2531 1780 2563 dictus

1086 2586 1228 2618 carinae:
1254 2589 1374 2625 postea
1401 2584 1561 2623 cerionia,
1589 2582 1678 2623 quod
1703 2582 1780 2612 hinc

1085 2636 1194 2668 oritur
1217 2640 1320 2676 caput
1345 2644 1452 2667 sacrae
1479 2635 1543 2666 viae
1571 2634 1612 2665 ab
1638 2633 1779 2664 Streniae

1087 2686 1227 2723 sacello,
1243 2696 1317 2728 quae
1333 2685 1481 2728 pertinet
1496 2685 1529 2717 in
1546 2693 1670 2716 arcem.
1706 2683 1779 2714 Qua
