1876 3025
265 140 350 181 714
691 145 854 177 ἐΕΧΤι

889 144 1088 175 ΡΟΜΡΕῙΙ
1123 143 1259 174 FESTI

323 244 500 286 Sinnius
516 241 675 296 Capito
697 241 920 281 existimat
940 251 1126 280 errorem
1146 238 1394 280 hominibus
1415 236 1700 278 intervenisse

323 313 586 365 praepostere
615 308 812 362 plurimis
847 306 1186 355 enuntiantibus,
1219 319 1325 347 vero
1363 306 1478 346 enim
1513 303 1703 345 similius

323 391 420 419 esse
452 377 617 418 dictum
653 375 788 424 initio,
825 372 945 424 Quot
976 373 1137 423 hostes,
1168 377 1233 413 tot
1263 373 1402 413 servi:
1436 376 1502 413 tot
1537 371 1705 424 captivi

323 445 410 486 fere
440 444 496 486 ad
526 443 771 484 servitutem
796 440 1151 482 adducebantur:
1181 439 1296 480 unde
1317 440 1449 481 etiam
1470 437 1705 491 mancipia,

323 525 407 553 nec

352 592 430 620 san

353 659 424 686 ser

356 713 460 765 epti.

353 779 438 820 ruti

354 846 425 899 gia
551 876 557 883 .

356 912 499 953 turbat
548 942 557 950 .

353 984 450 1021 rent

354 1048 498 1089 uncia.
556 1076 566 1087 .
684 1074 694 1084 .

356 1114 524 1155 Sinnius
551 1110 713 1165 Capito.

356 1188 405 1222 ut
424 1179 633 1233 peribant.

355 1247 498 1289 nificae
520 1246 685 1286 virtutis

357 1315 558 1356 omnibus

356 1382 471 1423 cillae

1652 1175 1709 1215 he.

1571 1340 1579 1348 0
1640 1324 1707 1348 ΠΗ.

743 1446 944 1487 omnibus
966 1451 1073 1486 un.¹⁵

871 1586 1065 1601 §eterra-ete
1072 1586 1106 1597 e»

316 1680 354 1708 15
380 1676 443 1707 Ed.
459 1675 547 1707 Scal·
563 1675 661 1705 omnis
675 1685 726 1705 un.

923 1796 1064 1828 NOTAE

274 1890 329 1916 tur
351 1885 385 1916 id
409 1894 482 1916 esse
506 1886 645 1920 dictum,
668 1890 705 1915 ut
728 1893 922 1915 caveremus
946 1892 966 1913 a

273 1934 388 1973 servis,
413 1944 494 1975 quos
517 1939 647 1965 certum
665 1938 716 1964 est
731 1934 842 1964 hostes
871 1933 966 1964 nobis

273 1983 387 2014 fuisse.
433 1984 509 2015 Hoc
532 1984 746 2025 proverbium
764 1983 964 2023 arrogantis·

274 2035 391 2064 simum
408 2035 559 2075 appellat
576 2033 730 2065 Macrob.
744 2033 799 2064 lib.
812 2042 837 2064 1.
855 2034 967 2065 Satur.

275 2088 310 2114 et
327 2083 433 2119 addit,
455 2084 465 2100 ‘
482 2093 547 2114 non
569 2083 727 2114 habemus
750 2082 825 2113 illos
841 2082 968 2121 hostes,

275 2132 335 2163 sed
351 2132 505 2173 facimus,
520 2143 595 2164 cum
615 2133 649 2164 in
673 2133 748 2164 illos
765 2132 967 2173 superbissi-

275 2184 331 2220 mi,
358 2184 693 2219 contumeliosissimi,
720 2188 755 2215 et
779 2182 967 2215 crudelissi-

275 2234 321 2264 mi
338 2234 471 2265 sumus!
493 2234 572 2265 Ant,
589 2234 675 2272 Aug.

320 2283 403 2318 Quot
431 2284 511 2314 servi
535 2286 581 2314 tot
612 2284 725 2324 hostes]
757 2283 829 2315 Hos
861 2282 971 2314 hiatus

276 2343 373 2364 nemo
391 2334 510 2374 opinor
535 2334 684 2373 expleat,
705 2333 766 2364 nisi
784 2333 841 2374 qui
858 2333 971 2363 melio·

277 2393 348 2414 rem
365 2383 516 2415 codicem
533 2383 759 2414 nanciscatur.
805 2383 897 2414 Nihil
916 2383 973 2423 jn-

276 2438 358 2464 vant
373 2433 518 2464 schedae.
564 2432 786 2463 Proverbium
802 2432 892 2463 istud
918 2442 974 2472 ag-

278 2483 387 2515 noscit
403 2482 557 2514 Macrob.
584 2482 643 2514 lib.
661 2492 686 2513 1.
712 2483 881 2513 Saturnal.
926 2483 972 2513 Et

277 2534 588 2574 arrogantissimum
616 2534 765 2574 appellat
788 2533 972 2575 additque:

277 2585 286 2600 ‘
304 2585 381 2615 Non
400 2584 559 2615 habemus
576 2584 651 2615 illos
673 2584 801 2623 hostes,
819 2584 876 2615 sed
894 2584 972 2617 faci-

279 2643 364 2673 mus,
379 2644 454 2665 cum
478 2634 511 2664 in
535 2634 608 2665 iuos
633 2634 879 2675 superbissimi,
894 2645 971 2666 con-

280 2684 548 2723 tumeliosissimi,
587 2688 620 2716 et
659 2683 883 2716 crudelissimi
919 2695 971 2716 su-

1019 1883 1116 1915 mus.'
1162 1884 1230 1914 Cur
1248 1887 1359 1914 autem
1383 1883 1627 1913 existimaverit
1641 1882 1715 1913 Sin-

1020 1934 1094 1964 nius
1110 1934 1232 1974 Capito
1247 1933 1329 1964 illud
1347 1937 1557 1973 praepostere
1570 1933 1716 1963 annuitis

1021 1983 1239 2014 enunciatum
1263 1983 1382 2022 fuisse,
1406 1988 1442 2013 et
1468 1982 1563 2012 initio
1585 1981 1714 2012 dictum

1024 2034 1107 2068 Quot
1128 2034 1229 2064 hostes
1244 2036 1288 2063 tot
1311 2034 1404 2071 servi,
1427 2032 1507 2062 satis
1522 2032 1633 2062 mirari
1651 2041 1714 2061 nou

1021 2092 1167 2123 possum.
1213 2083 1301 2114 Nam
1331 2084 1415 2118 Quot
1441 2082 1592 2119 servi,tot
1618 2082 1718 2112 hostes

1023 2138 1153 2164 rectum
1170 2142 1244 2163 esse
1261 2137 1296 2163 et
1321 2132 1590 2173 antiquissimum
1607 2131 1716 2161 nulius

1022 2182 1143 2222 opinor
1156 2181 1339 2220 dubitabit,
1355 2181 1409 2222 qui
1425 2179 1615 2211 meminerit
1633 2180 1718 2210 anti-

1022 2231 1190 2272 quissimis
1218 2230 1299 2261 iilud
1333 2230 1541 2270 temporibus
1579 2237 1717 2268 usurpa-

1023 2287 1106 2313 tum.
1160 2281 1251 2312 Audi
1278 2281 1483 2321 Prophetam
1511 2280 1572 2311 Oz.
1599 2283 1718 2320 cap.7.

1023 2332 1127 2372 ἐχθροὶ
1154 2331 1266 2363 πάντες
1294 2330 1412 2371 ἀνδρὸς,
1439 2330 1466 2361 οἶ
1504 2330 1536 2360 ἐν
1569 2331 1616 2369 τῷ
1646 2331 1717 2369 οἴκῳ

1025 2384 1129 2414 αὐτοῦ.
1166 2388 1173 2399 ‘
1192 2382 1317 2413 Hostes
1343 2391 1457 2412 omnes
1481 2381 1621 2412 bominis
1646 2381 1716 2421 qui-

1024 2443 1166 2474 cumque
1184 2433 1217 2463 in
1241 2432 1342 2463 domo
1365 2431 1459 2472 ejus!
1505 2431 1599 2462 Idem
1623 2441 1717 2462 usur-

1026 2484 1120 2524 pavit
1137 2488 1255 2524 postea
1270 2484 1431 2513 servator
1448 2486 1573 2521 noster,
1592 2482 1714 2512 Manli.

1030 2543 1065 2565 X.
1080 2537 1133 2564 36.
1177 2532 1235 2563 Καὶ
1257 2532 1360 2572 ἐχθροὶ
1390 2532 1546 2573 ἀνθρώπου
1568 2533 1595 2562 οἱ
1626 2532 1716 2563 οἰκια-

1248 2589 1255 2601 ‘
1275 2585 1317 2614 Et
1344 2584 1457 2615 hostes
1488 2584 1629 2615 hominis
1661 2583 1701 2612 d«,

1027 2634 1158 2666 mestici
1178 2632 1270 2673 ejus)
1288 2633 1367 2664 Duc.

1031 2584 1079 2615 καὶ
1095 2584 1202 2614 αὐτοῦ.
