1876 3025
314 148 428 190 1156
757 159 905 189 SEXT!
943 157 1144 188 POMPEII
1179 158 1314 190 FESTI

316 259 430 304 ante,
458 267 588 308 quam
621 254 664 295 in
696 253 898 295 seniorib.
932 258 1036 294 sunt
1069 254 1204 294 censi.
1263 253 1453 294 Senatus
1483 253 1701 296 decretum
1731 268 1759 297 a

316 323 518 363 consulto
539 322 686 362 AElius
709 321 865 362 Gallus
883 322 947 362 sic
963 321 1199 374 distinguit,
1222 325 1268 362 ut
1287 322 1331 362 id
1353 321 1474 362 dicat
1494 324 1758 375 particulam

315 389 534 443 quandam
555 402 651 429 esse
673 393 847 429 senatus
868 389 1077 438 consulti,
1098 393 1144 429 ut
1164 402 1264 428 cum
1287 388 1512 442 provincia
1532 390 1663 430 alicui
1685 392 1759 431 de—

287 458 515 506 cernitur,
548 456 665 509 quod
700 461 844 496 tamen
871 457 1015 510 ipsum
1045 461 1219 496 senatus
1253 456 1445 497 consulti
1477 461 1552 498 est.
1631 457 1758 498 Senis

314 525 466 565 crinib.
487 524 694 563 nubentes
716 527 932 572 ornantur,
955 523 1072 576 quod
1094 523 1161 564 his
1175 528 1205 546 ¹¹
1227 528 1411 564 ornatus
1433 524 1757 565 vetustissimus

310 591 418 632 fuit:
450 590 628 644 quidam
652 590 769 643 quod
799 603 853 630 eo
875 589 1084 631 Vestales
1112 591 1299 644 virgines
1331 595 1550 641 ornentur,
1572 604 1758 643 quarum

311 657 557 699 castitatem
581 657 685 699 viris
708 657 800 697 suis
823 661 1039 710 sponoe¹²
1093 687 1101 695 .
1161 687 1171 696 .
1234 688 1243 696 .
1304 658 1526 699 aceteris.
1585 659 1758 709 Sentes,

312 738 411 765 cum
445 729 618 766 constet
643 737 745 765 esse
777 725 942 777 spinas,
973 727 1016 765 et
1034 724 1242 766 Afranius
1270 726 1311 765 in
1333 724 1541 766 Abducta
1571 725 1755 767 dixerit:

312 792 456 842 Quam
499 793 724 833 senticosa
755 793 888 833 verba
925 797 1172 845 pertorquet
1207 793 1404 833 turba:13
1449 805 1527 846 pro
1560 792 1756 846 spinosis

310 859 453 912 accipi
476 858 617 899 debet.
677 859 856 899 Senium
879 872 904 898 a
925 859 1053 899 senili
1075 860 1329 909 acerbitate,
1351 864 1397 900 et
1423 860 1541 901 vitiis
1565 860 1754 900 dictum:

308 927 457 979 posuit
477 926 686 968 Caecilius
707 928 752 967 in
781 926 1032 979 Hymnide:
1065 926 1167 967 Sine
1190 940 1313 967 suam
1336 925 1595 983 senectutem
1618 927 1756 967 ducat

308 995 417 1047 utiq.
439 994 494 1034 ad
525 995 694 1035 senium
725 995 918 1035 sorbitio.
980 994 1195 1044 Senonas,
1229 994 1387 1035 Gallos
1410 994 1614 1044 (Verrius
1646 994 1755 1047 ait)†

306 1063 550 1103 existimari
581 1063 813 1116 appellari,
845 1063 949 1116 quia
979 1063 1085 1103 novi
1115 1064 1311 1104 venerint
1339 1076 1397 1103 ex
1425 1062 1546 1116 [146]
1571 1063 1755 1103 transal-

271 1141 275 1145 ’
305 1131 411 1182 pina
445 1130 633 1182 regione,
661 1145 707 1169 ac
734 1131 918 1183 primum
946 1130 1169 1184 appellatos
1198 1129 1330 1181 ξένους,
1357 1135 1512 1184 postea
1546 1130 1752 1171 Senonas.

309 1196 631 1250 SeptentrionesS
669 1202 834 1250 septem
877 1198 1015 1238 stellae
1056 1198 1332 1251 appellantur
1373 1212 1398 1236 a
1433 1203 1580 1250 septem
1620 1196 1753 1238 bobus

297 1265 482 1317 junctis,
515 1277 628 1317 quos
659 1266 811 1305 triones
832 1279 855 1304 a
883 1271 993 1305 terra
1026 1265 1171 1305 rustici
1200 1265 1440 1318 appellent,
1470 1264 1583 1318 quod
1612 1264 1754 1318 juncti

303 1331 426 1372 simul
445 1339 594 1372 terram
618 1338 750 1380 arent,
772 1333 901 1385 quasi
924 1333 1162 1374 terriones:
1197 1332 1361 1387 quidam
1392 1347 1417 1372 α
1446 1339 1591 1386 septem
1611 1331 1751 1377 stellis,

304 1399 424 1451 quod
460 1399 505 1439 id
541 1404 707 1440 astrum
739 1398 881 1439 Graecz'
911 1396 1065 1451 ἅμαξαν
1103 1399 1256 1448 dicant,
1293 1398 1391 1453 quia
1425 1398 1544 1438 habet
1579 1404 1751 1452 partem

303 1465 521 1518 quandam
554 1465 718 1505 temonis
749 1465 899 1518 specie.-
944 1465 1050 1505 uncle
1080 1466 1140 1505 ait
1181 1466 1374 1506 Ennius:
1416 1465 1610 1518 Superat
1648 1472 1750 1505 temo

301 1531 451 1572 stellas.
514 1531 597 1572 Sed
625 1538 668 1573 et
700 1533 875 1586 physici
897 1545 995 1572 eum
1019 1533 1151 1575 situm
1185 1538 1333 1585 septem
1363 1531 1572 1572 stellarum
1593 1535 1749 1573 conten

446 1630 454 1638 .
516 1600 767 1653 templati‚¹4
796 1600 1095 1652 septentriones
1130 1599 1211 1639 clici
1244 1601 1376 1648 aiunt,
1408 1599 1526 1654 quod
1558 1600 1622 1640 ita
1650 1604 1750 1641 sunt

301 1666 385 1706 sitae
406 1673 552 1720 septem
573 1666 711 1717 stella‘,
736 1673 781 1707 ut
802 1673 935 1707 ternae
956 1669 1171 1720 proximae
1202 1667 1325 1720 specie
1351 1666 1524 1720 efficiant
1543 1665 1654 1706 velut
1674 1667 1750 1707 tri-

300 1747 425 1786 gona.
488 1734 682 1774 Scensas
715 1733 879 1788 antiqui
915 1732 1114 1783 dicebant,
1147 1748 1268 1788 quam
1299 1747 1412 1775 nunc
1443 1747 1616 1775 caenas:
1647 1746 1747 1787 quae

299 1805 441 1841 autem
465 1815 568 1839 nunc
579 1800 774 1853 prandia,
791 1815 870 1854 pro
892 1801 1004 1840 mnis
1026 1802 1257 1850 habebant,
1277 1806 1320 1843 et
1341 1814 1420 1854 pro
1442 1800 1572 1842 caenis
1591 1814 1747 1854 vesper-

298 1883 371 1908 nas
393 1867 672 1921 appellabant.
732 1868 881 1920 Signa,
902 1874 953 1908 ut
973 1882 1129 1918 rerum,
1152 1869 1216 1909 ita
1236 1882 1389 1923 quoque
1409 1882 1469 1908 res
1491 1867 1582 1921 ipsce
1604 1867 1746 1908 dicun-

298 1943 382 1984 tur,
403 1940 478 1976 aut
498 1935 684 1988 lapides,
709 1934 942 1987 autfictile,
960 1942 1033 1975 ant
1052 1935 1087 1974 si
1107 1950 1187 1991 (μαι
1204 1935 1397 1990 (jusmodi
1415 1935 1555 1976 adhuc
1573 1936 1744 1989 aliqua:

297 2007 339 2042 et
368 2002 483 2055 signa
507 2002 714 2052 dicuntur,
747 2016 833 2056 quae
854 2001 1101 2056 sculpantur
1121 2005 1266 2044 etiam.
1327 2002 1415 2043 Sed
1445 2002 1599 2056 pocula
1622 2002 1745 2042 etiam

296 2068 505 2122 inquibus
537 2076 628 2108 sunt
662 2069 895 2110 simulacra
930 2069 985 2109 ad
1019 2069 1170 2121 effigies
1201 2068 1399 2124 sigillata.
1461 2068 1670 2123 Sequester
1703 2069 1742 2109 is

296 2135 465 2185 dicitur,
502 2137 578 2189 qui
610 2137 719 2177 inter
752 2137 941 2188 aliquos,
973 2135 1044 2189 qui
1075 2135 1245 2184 certant,
1278 2136 1440 2184 medius,
1467 2142 1512 2175 ut
1533 2136 1643 2175 inter
1662 2148 1740 2176 eos

295 2204 559 2252 convenerit,
585 2203 806 2256 depositum
828 2203 886 2242 ita
906 2209 1010 2242 tenet
1030 2202 1210 2256 aliquid,
1233 2209 1284 2244 ut
1305 2205 1344 2244 ei
1365 2203 1534 2252 reddat,
1557 2203 1673 2256 qui¹⁵
1694 2201 1741 2242 id

294 2268 429 2308 deberi
434 2270 551 2323 jare,
574 2270 650 2309 sibe·
670 2270 916 2311 constiterit.
963 2269 1074 2310 Cato
1097 2271 1138 2310 in
1161 2284 1215 2311 ea
1236 2270 1434 2319 oratione,
1455 2284 1574 2324 quam
1595 2268 1740 2309 habuit

896 2388 1133 2400 “voceuoce“

335 2466 371 2494 ll
390 2462 413 2494 f.
430 2464 554 2494 is.—12
571 2463 594 2494 f.
609 2466 875 2503 spondeant—13
892 2464 916 2496 f.
932 2466 1072 2505 lupa.-—†
1097 2464 1235 2506 ().—l4
1258 2464 1282 2497 f.
1296 2465 1591 2505 contemplati.—l5
1616 2462 1639 2496 f.
1655 2462 1737 2504 quoi.

946 2572 1085 2604 NOTAE

331 2640 342 2654 ⁵
365 2634 611 2674 Septentriones]
637 2636 733 2666 Ennii
754 2646 869 2667 versus
887 2636 982 2667 dimi-
1040 2646 1089 2668 vr.
1105 2637 1146 2668 de
1165 2639 1260 2677 Liug.
1279 2638 1350 2668 Lat.

288 2684 397 2715 aliatus
413 2685 555 2716 liabetur
569 2685 657 2725 apud
673 2687 855 2717 Varronem
873 2686 903 2717 in
921 2686 980 2717 lib.
