1876 3025
324 169 386 202 DE
420 172 690 202 VERBORUM
723 171 1129 202 SIGNIFICA'I’IONE
1163 172 1257 201 [ΑΒ.
1290 172 1397 202 XVI.
1485 163 1568 205 '761

128 268 359 311 Retiario⁸
390 269 599 323 pugnanti
622 268 838 309 adversus
870 268 1174 310 mirmillonem
1209 271 1433 309 cantatur:
1471 269 1570 310 Non

182 343 225 378 te
256 341 372 390 peto,
404 337 573 390 piscem
607 340 737 389 peto:
769 336 875 390 quid
905 349 973 376 me
996 335 1129 388 fugis,
1153 335 1312 376 Galle?
1344 336 1445 388 quia
1473 338 1574 377 mir-

180 405 449 447 millonicum
473 417 609 455 genus
630 408 861 445 armaturae
896 403 1119 445 Gallicum
1143 408 1227 452 est,
1262 403 1437 456 ipsique
1471 404 1572 444 mir-

179 473 380 515 millones
412 475 512 512 ante
551 471 671 513 Galli
722 472 1072 525 appellabantur,
1114 471 1158 511 in
1198 483 1382 525 quorum
1431 471 1572 523 galeis

180 541 317 596 piscis
335 538 498 592 effigies
519 539 670 580 inerat.

731 539 836 580 Hoc
871 544 1019 580 autem
1041 551 1180 592 genus
1215 551 1377 592 pugnae
1399 539 1572 581 institu-

775 690 915 722 NOTAE

123 767 213 800 inter
242 772 422 809 utrumque
451 765 613 798 fructum.
658 767 821 797 Farrenm

123 820 253 860 spicum
283 819 449 850 vocabant
479 818 663 849 sativorum
688 827 820 848 omnem

122 871 269 902 fructum
299 871 356 911 qui
396 869 499 909 spicis
537 868 744 908 continetur,
782 877 820 899 ac

121 922 209 953 vallo
233 921 410 952 aristarum
426 919 596 950 munitur:
622 928 687 960 quo
712 919 744 949 in
763 928 820 958 ge-

120 982 203 1004 nere
226 983 292 1004 non
312 973 419 1004 solum
443 971 506 1010 far,
528 971 637 1012 siligo,
653 971 816 1011 triticum,

123 1024 183 1054 sed
222 1025 325 1055 etiam
358 1022 533 1054 hordeum.
587 1021 674 1052 Haec
708 1022 818 1052 onmia

120 1073 282 1105 frumenti
309 1073 442 1105 nomine
473 1072 817 1113 comprehendebant.

121 1123 296 1155 Hordeum
319 1123 408 1164 apud
430 1128 565 1154 veteres
585 1124 754 1154 Romanos
770 1123 818 1153 in-

120 1179 175 1205 ter
192 1175 389 1215 sementiva,
401 1183 465 1205 nec
482 1175 613 1205 satione
630 1184 745 1215 verna,
759 1178 820 1204 aut

121 1226 286 1257 trimestri
303 1226 491 1266 serebatur,
506 1229 544 1256 ut
560 1225 649 1266 apud
671 1234 744 1263 nos,
761 1225 820 1256 sed

120 1277 284 1318 hyberna,
314 1277 432 1309 eodem
462 1286 598 1318 prorsus
629 1276 728 1307 modo
756 1286 820 1317 quo

119 1329 284 1360 triticum.
331 1328 506 1359 Cavebant
542 1328 645 1369 igitur
677 1327 821 1369 praedio-

123 1389 194 1409 rum
224 1380 405 1419 locatores,
430 1389 472 1410 ne
500 1379 555 1420 qui
586 1387 626 1409 ea
652 1378 819 1409 conduce-

120 1429 216 1470 bant,
238 1429 424 1460 restibilem
449 1438 564 1469 agrum
588 1427 701 1459 farreo
726 1428 820 1469 spico

120 1478 290 1519 facerent,
304 1479 367 1510 hoc
384 1483 446 1515 est,
461 1483 499 1509 ut
514 1488 556 1508 ne
573 1478 704 1509 duobus
723 1479 819 1509 annis

122 1530 292 1562 continuis
316 1529 411 1570 fruge
435 1529 573 1560 aristata
593 1538 710 1569 agrum
726 1529 821 1560 obse·

122 1585 248 1612 rorent.
296 1581 387 1622 Ergo
411 1580 573 1611 restibilis
601 1589 681 1620 ager
707 1580 820 1611 dicen·

124 1632 186 1663 dns
202 1637 333 1664 tantum
351 1632 407 1673 qni
432 1632 573 1662 aristato
596 1640 721 1671 genere
739 1631 820 1662 duo-

123 1683 186 1717 bus
203 1683 371 1714 continuis
388 1682 482 1713 annis
497 1682 700 1713 conseritur.
733 1681 821 1713 Nam

123 1733 286 1765 restibilis
317 1742 382 1764 non
413 1737 478 1772 est,
503 1741 580 1763 cum
609 1731 642 1761 in
668 1731 821 1761 novalem

124 1784 274 1816 mittitur
297 1783 389 1823 faba,
412 1792 488 1824 quae
513 1780 639 1812 novalis
663 1790 751 1811 anno
767 1790 822 1812 eo·

125 1835 201 1865 dem
227 1834 379 1875 hyberna
406 1833 535 1864 satione
564 1836 748 1871 acceptura
771 1836 822 1862 est

123 1886 343 1917 frumentum.
366 1884 619 1924 Theophrastus
636 1883 824 1923 notat,pla-

125 1946 203 1968 cere
220 1935 417 1978 quibusdam
435 1933 522 1965 fabae
538 1942 652 1963 semen
670 1932 822 1964 mandari

127 1988 323 2020 novalibus:
350 1987 438 2029 quod
455 1995 517 2016 nec
543 1984 616 2025 ipse
637 1984 821 2025 improbat,

124 2039 225 2070 modo
242 2039 276 2070 id
299 2038 462 2069 maturius
484 2036 558 2076 fiat,
575 2039 612 2067 nt
635 2044 678 2066 ne
704 2036 823 2066 aestiva

124 2090 228 2121 νέασις
254 2089 473 2130 impediatur.
519 2086 619 2118 Haud
648 2086 746 2117 video
772 2092 822 2117 ta-

125 2151 201 2173 men
213 2140 379 2183 quomodo
391 2138 526 2171 biennio
543 2139 704 2170 continuo
721 2137 823 2179 frugi-

127 2192 188 2223 bus
212 2191 360 2222 aristatis
387 2189 498 2221 obseri
527 2189 630 2230 possit
652 2198 745 2228 ager,
766 2189 824 2219 ob-

125 2243 269 2274 servatis
286 2241 394 2272 tribus
419 2240 497 2280 illis,
511 2244 571 2270 ant
593 2239 695 2270 etiam
720 2239 823 2279 pluri-

128 2293 191 2324 bus
203 2292 424 2331 arationibus,
436 2290 478 2321 de
494 2290 615 2332 quibus
626 2299 725 2330 snpra
738 2290 823 2320 dixi-

128 2353 212 2376 muS.
256 2344 298 2374 In
319 2347 438 2373 tenera
453 2340 597 2372 fortasse
617 2346 709 2372 terra
724 2340 757 2371 id
776 2341 822 2371 lo-

128 2405 204 2427 cum
219 2395 388 2436 habuerit,
404 2396 459 2427 cui
473 2395 554 2426 satis
571 2399 624 2425 est
643 2393 730 2425 arari
745 2393 823 2424 dum

128 2446 271 2477 seritur:
297 2450 354 2477 aut
370 2447 397 2477 si
411 2445 550 2477 secundi
567 2445 644 2476 anni
661 2445 824 2475 sationem

129 2508 171 2528 ex
187 2497 346 2528 trimestri
359 2497 485 2528 semine
499 2496 614 2537 facias,
627 2499 665 2526 ut
676 2505 735 2526 nos
747 2504 824 2525 con-

129 2548 296 2580 suevimus
313 2546 345 2577 in
365 2546 505 2582 hordeo,
521 2551 556 2577 et
573 2555 691 2577 avena.
733 2545 823 2576 Sane

129 2606 163 2630 et
181 2607 286 2640 genus
302 2596 460 2629 frumenti
484 2597 550 2629 fuit
566 2597 742 2628 aristatum
767 2595 823 2626 tri-

130 2654 268 2680 mestre.
330 2646 512 2678 Veteribus
559 2646 824 2687 cognitissimnm

132 2700 247 2731 Graeci
284 2698 429 2738 τρίμηνον
465 2698 648 2738 appellant.
695 2696 827 2727 Hordei

132 2751 232 2782 etiam
259 2759 363 2790 genus
388 2749 421 2780 in
450 2748 589 2780 aristato
616 2756 739 2788 genere
766 2746 825 2778 tri-

876 772 1001 799 mestre
1016 768 1144 803 extitit,
1157 768 1256 809 quale
1272 766 1372 799 hodie
1383 776 1481 798 omne
1498 775 1573 797 nos=

876 823 945 849 tras
962 824 1023 850 est.
1067 819 1123 850 Sic
1139 819 1269 849 dnobus
1294 818 1388 849 annis
1407 816 1574 848 continuis

876 867 988 900 farreo
1019 870 1115 910 spico
1143 874 1279 909 poterat
1305 878 1385 908 ager
1412 867 1573 898 restibilis

875 919 961 959 fieri,
972 919 1059 961 quod
1073 920 1293 960 excipiebant
1306 920 1471 950 locatores
1485 927 1574 958 prae-

875 970 1004 1000 diorum
1021 980 1063 1001 ne
1082 970 1192 1001 fieret.
1239 970 1284 1001 Et
1299 978 1380 1001 sane
1406 968 1440 999 id
1456 967 1573 999 sedulo

873 1020 1037 1053 cavebant
1061 1026 1196 1052 veteres
1217 1019 1401 1061 Agricolae,
1433 1029 1475 1050 ne
1503 1017 1574 1050 fru-

873 1076 1025 1103 mentum
1050 1071 1188 1102 biennio
1214 1072 1375 1102 continuo
1399 1070 1500 1101 terris
1527 1069 1575 1100 in-

874 1128 1047 1164 gererent,
1065 1124 1123 1154 sed
1148 1122 1384 1163 leguminibus,
1401 1126 1461 1152 aut
1482 1120 1574 1151 milio

875 1179 910 1205 et
932 1173 1066 1215 panico,
1082 1178 1140 1205 ant
1157 1174 1259 1205 etiarn
1276 1174 1365 1213 rapis
1385 1171 1576 1203 restibilem

876 1234 990 1264 agrum
1017 1223 1201 1264 faciebant,
1227 1224 1255 1254 si
1282 1222 1381 1254 modo
1412 1221 1574 1253 restibilis

875 1285 956 1316 ager
982 1275 1095 1306 dictus
1120 1281 1170 1306 est
1194 1275 1251 1316 qui
1281 1273 1407 1305 diversi
1441 1272 1575 1314 generis

875 1324 971 1364 fruge
999 1325 1224 1356 seminaretur
1254 1323 1445 1365 quotannis.
1491 1323 1576 1354 Pro-

875 1375 968 1407 fecto
985 1375 1171 1407 restibilem
1183 1376 1292 1406 Varro
1303 1384 1378 1406 eam
1389 1377 1490 1405 vocat
1507 1377 1576 1403 ter-

876 1435 945 1456 ram
963 1436 1036 1467 quae
1051 1425 1230 1467 quotannis
1241 1425 1353 1456 obsita
1369 1425 1425 1465 sit,
1438 1433 1502 1455 nec
1518 1433 1575 1454 ex—

876 1477 1000 1518 pressit
1024 1487 1089 1518 quo
1106 1486 1230 1517 genere
1252 1475 1399 1516 frugum.
1444 1474 1578 1505 Salmas.

874 1528 908 1559 in
923 1527 1022 1559 Solin.
1067 1527 1236 1559 Putabam
1257 1526 1336 1558 olim
1360 1525 1465 1557 verba
1482 1525 1577 1557 Festi

875 1579 1011 1610 inversa
1027 1588 1114 1618 esse,
1127 1583 1162 1608 et
1179 1587 1254 1609 enm
1270 1577 1456 1617 scripsisse,
1471 1577 1576 1607 Resti-

876 1629 947 1660 bilis
969 1639 1045 1669 ager
1071 1628 1187 1659 dicitur
1213 1628 1267 1668 qui
1286 1627 1413 1659 hiennio
1435 1628 1577 1658 continuo

875 1681 992 1712 seritur
1007 1680 1085 1720 quod
1099 1679 1206 1720 nefiat
1222 1677 1334 1716 farreo
1352 1678 1448 1718 spico,
1466 1678 1500 1708 id
1519 1681 1577 1714 est,

875 1732 1018 1769 aristam,
1030 1731 1128 1760 solent
1155 1729 1207 1769 qui
1227 1729 1349 1768 praedia
1373 1729 1473 1759 locant
1492 1728 1576 1759 exci-

873 1791 956 1822 pere.
1000 1781 1170 1812 Planoet
1193 1779 1321 1819 optimo
1346 1787 1460 1809 sensu.
1506 1779 1578 1809 Ne-

876 1842 941 1874 que
972 1831 1059 1862 enim
1088 1829 1308 1869 excipiebant
1334 1829 1500 1859 locatores
1535 1837 1578 1859 ne

877 1883 1006 1924 praedia
1028 1881 1205 1923 quotannis
1229 1885 1436 1920 sererentur,
1452 1880 1510 1912 sed
1534 1890 1577 1912 ne

877 1934 990 1965 farreo
1005 1933 1110 1974 spico.
1126 1933 1208 1964 Dae.
1454 1962 1462 1964 „

920 1990 935 2011 ἕ
959 1981 1119 2022 Ratiaria]
1145 1982 1290 2013 Retiarii
1316 1981 1525 2023 gladiatores
1542 1991 1577 2013 e-

877 2040 953 2066 rant
970 2035 1115 2066 inermes
1131 2034 1164 2065 in
1190 2034 1260 2064 sola
1286 2033 1414 2073 tunica,
1433 2039 1506 2064 rete
1527 2033 1579 2073 ja-

878 2087 952 2117 culo
980 2090 1111 2117 tantum
1135 2089 1170 2116 et
1192 2082 1327 2117 fuscina
1350 2084 1483 2123 armati,
1506 2084 1577 2124 ple-

877 2145 1020 2177 rumque
1046 2145 1121 2166 cum
1153 2133 1377 2175 secutoribus,
1407 2134 1577 2165 interdum

877 2188 980 2218 etiam
1003 2196 1079 2217 cum
1103 2184 1375 2226 Myrmillonibns
1403 2193 1579 2224 compara-

877 2238 1011 2269 bantur.
1055 2235 1290 2276 Myrmillones
1320 2234 1383 2265 toti
1414 2238 1512 2264 erant
1544 2235 1579 2264 in

878 2288 991 2327 armis,
1006 2287 1097 2319 Galli
1113 2285 1211 2325 dicti,
1227 2284 1315 2326 quod
1335 2284 1470 2316 Gallica
1485 2289 1579 2316 esset

877 2349 993 2370 eorum
1034 2342 1214 2369 armatura.
1269 2335 1382 2367 Schol.
1419 2335 1578 2370 Juvenal.

877 2390 950 2422 Sat.
978 2398 1059 2421 vni.
1090 2388 1098 2404 ‘
1116 2386 1402 2427 Myrmillonicum
1434 2390 1579 2417 armatu-

880 2450 925 2471 rae
943 2449 1047 2480 genus
1065 2438 1233 2470 Gallicum
1251 2441 1316 2477 est,
1332 2436 1466 2477 ipsique
1482 2437 1578 2477 Myr-

879 2491 1032 2521 millones
1050 2494 1149 2519 antea
1164 2487 1437 2528 appellabantur,
1451 2485 1484 2517 in
1496 2496 1578 2527 quo-

878 2551 952 2571 rum
989 2539 1106 2571 Galeis
1143 2538 1244 2578 piscis
1275 2535 1405 2576 effigies
1443 2536 1580 2568 inerat.'

878 2591 1094 2632 Myrmillones
1120 2588 1256 2631 quidam
1283 2587 1390 2617 dictos
1406 2585 1534 2615 'volunt
1557 2595 1578 2616 a

880 2640 1151 2683 Myrmidonibus.-
1176 2638 1233 2670 aiii
1262 2647 1280 2668 a
1303 2636 1394 2678 pisce
1422 2636 1580 2670 mormulo.

880 2693 989 2725 Idem.
