1876 3025
297 157 381 198 912

735 165 883 198 SEXTI
919 164 1117 196 ΡΟΜΡΕΙῙ
1152 164 1288 196 FESTI

354 263 495 304 redire
517 262 572 303 ad
608 274 711 302 suos
737 260 985 314 popularis:
1016 261 1147 301 item:
1180 261 1246 301 sin
1273 260 1374 301 illos
1409 258 1610 301 deserant
1644 256 1731 301 for-

354 331 548 372 tissimos
563 330 697 378 viros,
715 340 917 379 magnum
938 332 1134 380 stuprum
1154 328 1318 381 populo
1339 327 1432 367 fieri
1452 326 1675 379 pergetiS.⁶

301 398 502 451 Stuprum
522 408 600 449 pro
622 394 888 447 turpitudine
904 395 1071 447 antiqui
1087 394 1311 437 dixerunt:
1334 393 1449 434 unde
1469 397 1536 433 est
1556 393 1733 445 [PAUL.

354 465 398 504 in
420 464 632 504 carmine:
666 461 803 501 Foede
825 466 1065 513 stupreque
1087 461 1276 513 castigor
1297 461 1475 502 cotidie.

300 532 432 572 Stura
451 528 467 551 ¹<
488 530 647 570 flumen
668 529 711 568 in
733 541 836 580 agro
859 527 1064 568 Laurenti
1088 533 1169 569 est.

299 598 431 638 Stura
450 597 611 637 flumen
632 596 677 635 in
714 608 818 648 agro
841 595 1047 636 Laurenti
1077 600 1158 644 est,
1195 593 1314 647 quod
1352 592 1529 647 quidam
1569 591 1733 645 [FEST-

353 663 563 704 Asturam
585 668 750 704 vocant.

304 728 458 771 Suber¹
478 729 614 779 arbor,
636 742 686 770 ac
704 728 913 777 suberies,
935 741 1016 781 qua
1037 725 1234 767 natabant
1250 726 1291 766 in
1311 726 1525 766 Thermis.

301 799 440 839 SuAn
472 802 612 846 TED,¹¹¹
633 796 749 837 idem
766 802 781 826 ⁷
803 796 866 836 ait
885 807 996 844 esse,
1028 795 1093 834 sic
1115 798 1173 834 te.

301 865 526 914 Suasum‚¹¹
561 865 686 906 colos
708 862 975 916 appellatur,
1008 860 1085 914 qui
1119 860 1178 901 sit
1200 871 1257 900 ex
1296 858 1525 900 stillicidio
1560 857 1733 899 fumoso

902 979 1134 992 ernoaeeoeeoo

344 1072 365 1099 6
387 1069 464 1100 Vet.
480 1069 555 1101 cod.
569 1068 804 1110 pergentis.—7
829 1067 891 1098 Vir
906 1067 997 1099 doct.
1015 1066 1047 1097 in
1064 1076 1168 1107 marg.
1186 1066 1240 1097 ed.
1258 1065 1344 1097 scal.
1361 1064 1499 1105 conjicit
1516 1064 1663 1095 Messala.

949 1196 1090 1228 NOTAE

346 1275 515 1314 Populares

302 1324 412 1356 Item:

472 1372 530 1403 Sin
554 1373 624 1403 illos
650 1373 790 1403 deserant
807 1372 996 1410 fortissimos

431 1425 525 1459 viros,

346 1476 501 1515 Magnum
530 1478 670 1515 stuprum
698 1477 763 1504 tum
787 1474 897 1514 populo
918 1472 996 1515 fieri

428 1525 575 1565 pergitis.

305 1576 351 1607 Et
367 1576 468 1606 hosce
488 1579 673 1614 postremos
689 1574 737 1605 ita
753 1573 911 1605 Grotius:

349 1625 408 1656 Sin
444 1625 511 1655 illos
550 1624 692 1656 deseritis
724 1623 916 1662 fortissimos
951 1623 995 1653 vi-

434 1685 498 1715 ros,

347 1727 560 1767 Magnumque
570 1729 711 1766 stuprum
724 1725 832 1766 populo
838 1724 916 1766 fieri
929 1733 997 1764 per-

430 1777 520 1816 gitis.
544 1776 651 1807 Idem.

349 1826 363 1847 k
387 1827 499 1867 Stura]
537 1827 653 1857 Tertia
683 1825 801 1856 abhinc
831 1824 930 1858 linea,
961 1828 999 1853 nt

299 1878 370 1918 jam
388 1888 490 1918 supra
506 1877 703 1911 notavimus,
721 1875 870 1915 pertinet
884 1873 924 1904 ad
944 1882 999 1903 vo·

308 1937 381 1959 cem
397 1929 406 1946 ‘
418 1927 548 1958 Suber.'
569 1928 634 1957 -Jos⁴
653 1925 734 1956 Scal-

349 1977 463 2017 Stura]
487 1978 554 2007 Sex
572 1976 718 2006 millibus
731 1975 771 2005 ab
785 1974 867 2005 urbe
882 1974 999 2005 abesse

308 2028 427 2058 scribit
444 2027 556 2058 Livius
574 2026 631 2056 lib.
648 2035 749 2057 xxvr.
772 2025 852 2055 Dae.

353 2074 361 2095 ¹
382 2075 495 2114 Suber]
531 2075 640 2106 Suber
661 2074 828 2113 hodieque
853 2072 1000 2103 natanti-

308 2124 370 2155 bus
387 2124 540 2155 inservit.
587 2123 652 2154 Sed
668 2123 766 2154 nimis
780 2127 859 2153 nota
876 2132 927 2152 res
940 2126 1001 2152 est.

309 2175 408 2205 Idem.

351 2229 374 2244 ¹¹¹
398 2223 485 2254 Suad
511 2223 590 2263 ἐρῶ]
625 2223 729 2262 Lego,
751 2221 813 2252 Sed
839 2222 900 2260 ted,
921 2220 1002 2251 idem

309 2273 355 2304 ait
370 2283 433 2304 esse
447 2274 512 2304 sine
529 2277 569 2303 te.
613 2273 759 2303 Veteres
782 2282 813 2302 se
828 2270 1001 2312 ponebant

310 2333 372 2364 pro
387 2324 464 2358 sine,
481 2324 561 2353 item
583 2324 648 2361 sed,
669 2327 706 2352 ut
728 2331 831 2361 supra
851 2320 950 2360 dixit,
966 2325 1001 2350 et

309 2373 372 2413 ted,
389 2382 449 2413 pro
466 2376 508 2411 te,
525 2377 562 2402 ut
578 2371 808 2404 Quintilianus
823 2370 925 2400 etiam
943 2378 999 2399 an-

308 2428 416 2453 notat.
452 2422 491 2451 In
511 2421 735 2452 vetustissimo
751 2420 863 2460 lapide
882 2418 999 2454 Duilii,

312 2473 400 2514 quod
418 2473 568 2502 antelios
586 2481 636 2502 xx.
659 2481 773 2508 annOS‚
792 2471 905 2501 Romae
923 2479 998 2500 cum

310 2530 431 2560 essem,
452 2519 604 2551 effossum
630 2519 706 2555 fuit,
722 2529 854 2559 semper
876 2519 998 2558 legitur

314 2580 433 2603 manin
452 2581 512 2610 pro
537 2579 644 2609 ΜΛΝ,
670 2575 704 2601 et
727 2570 858 2608 similia,
882 2578 955 2599 cum
974 2576 997 2598 D

312 2622 410 2651 litera
432 2619 613 2660 superflua.
659 2620 688 2650 A
714 2630 759 2659 se,
785 2621 850 2650 sine
874 2618 999 2649 factum

314 2676 376 2708 est,
393 2676 429 2700 ut
447 2671 488 2700 ab
505 2674 511 2686 ‘
527 2669 615 2705 iter‚'
634 2670 644 2686 ‘
659 2670 757 2702 itiner
769 2669 790 2709 ;’
819 2680 838 2701 a
861 2667 1001 2709 ‘jecur,'

312 2720 484 2761 ‘Jecinorl
506 2719 669 2752 Jos.Sca1.

1090 1271 1176 1301 Suad
1203 1269 1281 1309 ted]
1319 1269 1384 1299 Pro
1406 1268 1451 1298 sic
1477 1270 1516 1297 te.
1560 1264 1626 1296 Sed
1657 1264 1738 1306 qui?

1046 1321 1123 1352 Non
1140 1321 1221 1352 satis
1239 1319 1396 1359 conjicio.
1420 1318 1533 1349 Quare
1552 1316 1649 1346 unice
1664 1325 1739 1355 pro-

1047 1372 1089 1401 bo
1112 1371 1277 1410 Scaligeri
1302 1370 1543 1409 conjecturam,
1570 1365 1625 1406 qui
1646 1365 1738 1405 legit,

1047 1423 1109 1452 Sed
1124 1423 1186 1456 ted,
1202 1421 1282 1451 idem
1297 1420 1341 1450 ait
1358 1428 1421 1449 esse
1435 1418 1501 1448 sine
1516 1420 1558 1448 te.
1594 1416 1754 1452 Veteres,

1047 1482 1077 1502 se
1095 1471 1267 1512 ponebant
1284 1480 1345 1510 pro
1361 1470 1436 1507 sine,
1454 1468 1532 1498 item
1549 1468 1613 1501 sed,
1630 1470 1667 1497 ut
1686 1475 1739 1496 su·

1047 1532 1109 1561 pra
1136 1522 1235 1560 dixit,
1261 1525 1295 1551 et
1322 1520 1372 1550 ted
1396 1527 1455 1558 pro
1476 1521 1517 1552 le,
1541 1521 1578 1546 ut
1605 1514 1740 1548 Quinti-

1046 1573 1156 1602 lianus
1187 1571 1288 1602 etiam
1325 1573 1475 1599 annotat.
1520 1566 1607 1596 Vide
1637 1563 1744 1596 ‘sed.’

1048 1622 1158 1657 Idem;
1191 1621 1224 1651 id
1251 1624 1315 1658 est,
1334 1618 1490 1656 Messala,
1505 1626 1580 1647 nam
1602 1615 1673 1646 lraec
1690 1624 1740 1644 se-

1048 1670 1240 1711 quebantur
1275 1673 1354 1709 post
1389 1667 1545 1707 ‘serpula
1579 1664 1703 1706 serpsit
1718 1663 1739 1694 :'

1049 1720 1104 1751 nbi
1122 1720 1268 1750 Messala
1284 1719 1451 1749 laudatur.
1474 1717 1556 1747 Dae.

1090 1774 1104 1789 ¹¹
1129 1769 1276 1808 Suasum]
1314 1769 1443 1798 Versus
1476 1764 1590 1796 Plauti
1626 1768 1677 1795 est
1706 1763 1740 1794 in

1048 1819 1267 1852 Truculento,
1293 1817 1324 1847 in
1361 1826 1426 1856 quo
1461 1815 1586 1854 legitur
1609 1814 1741 1843 insuaso.

1049 1869 1136 1899 Vide
1154 1870 1163 1884 ‘
1179 1866 1376 1898 Insuasum.’
1399 1867 1476 1896 Ant.
1494 1863 1580 1901 Aug.

1092 1919 1223 1949 Suasum
1259 1918 1352 1957 colos]
1395 1917 1479 1947 Quae
1523 1911 1743 1951 ἐπιτεταμένως

1050 1971 1200 2001 colorata
1224 1973 1302 1999 sunt
1320 1972 1355 1998 et
1371 1970 1535 2002 saturata,
1553 1964 1664 1994 Graeci
1688 1974 1743 1992 πε-

1049 2018 1198 2057 πεισμένα
1213 2018 1330 2048 dicunt
1349 2028 1358 2054 3
1390 2015 1500 2046 Latini
1522 2023 1611 2044 suasa
1635 2017 1669 2043 et
1694 2012 1743 2042 in-

1051 2078 1152 2105 suasa,
1170 2077 1244 2108 quae
1262 2066 1395 2106 penitus
1412 2063 1462 2094 καὶ
1483 2061 1524 2093 εἷς
1539 2061 1633 2097 βάθος
1649 2061 1744 2091 imbi-

1050 2118 1175 2148 berunt
1191 2118 1348 2147 colorem.
1395 2114 1609 2153 Epigramma
1626 2117 1741 2142 vetus:

1051 2169 1177 2207 σχοῖνος
1192 2165 1330 2205 βάμματι
1345 2163 1530 2201 πειθόμενος.
1569 2163 1613 2193 Et
1630 2161 1743 2192 Strab.

1049 2217 1259 2256 πεπεισμένως
1296 2215 1511 2247 ἐπικεκαῦσθαι
1548 2212 1607 2249 τὴν
1634 2210 1742 2251 χρόαν.

1052 2269 1235 2307 Eleganter
1251 2266 1348 2304 dicit,
1364 2265 1498 2305 penitus
1519 2262 1673 2293 adustum
1691 2271 1743 2291 es-

1051 2327 1086 2348 se
1105 2322 1139 2347 et
1154 2315 1319 2356 profunde
1333 2314 1516 2344 coloratum
1535 2311 1614 2341 sole.
1652 2310 1745 2341 Lati-

1053 2368 1086 2397 ni
1102 2367 1257 2397 insuasum
1278 2364 1405 2395 dicunt.
1451 2364 1460 2379 ‘
1475 2362 1628 2391 Colorem
1657 2359 1743 2390 infu-

1055 2416 1200 2448 mamm'
1222 2416 1320 2454 vulgo
1337 2413 1557 2454 appellamus,
1576 2412 1631 2452 qui
1652 2412 1743 2441 luteo

1054 2467 1170 2498 similis
1194 2471 1259 2502 est,
1283 2464 1340 2495 sed
1366 2463 1520 2494 obscuro.
1567 2462 1629 2492 Est
1655 2461 1743 2491 euim

1051 2516 1178 2554 μήλινον
1203 2516 1311 2554 χρῶμα
1334 2513 1370 2543 τὸ
1395 2511 1601 2550 βαθυνόμενυν
1623 2509 1744 2549 μέλανι.

1053 2567 1204 2597 Glossae:
1250 2563 1464 2601 ‘Insuasum‚
1502 2561 1577 2592 εἶδος
1606 2560 1743 2601 δοκαρίου

1054 2612 1338 2651 κεκαπνισμέι·ουε’
1376 2612 1487 2642 Graeci
1517 2613 1624 2651 χρῶμα
1653 2621 1742 2640 κεκα-

1053 2663 1228 2702 πνισμένον,
1246 2663 1400 2694 similiter
1425 2666 1546 2692 vocant
1567 2660 1674 2701 qualis
1691 2663 1743 2690 est

1056 2716 1147 2748 color
1178 2715 1211 2745 in
1241 2713 1339 2754 tignis
1366 2721 1405 2743 ac
1436 2711 1583 2743 trabibus
1609 2710 1740 2742 diutino
