1876 3025
272 158 355 200 864

276 264 439 315 Sibus:
458 263 660 314 callidus,
683 257 942 306 vel'acutus.

277 333 354 374 Sic
372 336 581 374 versantu
597 337 615 354 ¹¹
655 363 664 372 .

330 400 434 441 fune
450 400 594 441 voluit
613 399 768 440 eodem
789 411 891 439 nom

724 168 871 199 SEXTI
908 169 1000 199 POM
1011 169 1109 199 PEll
1143 169 1278 200 FEsTl

1554 332 1718 386 [FEST.

278 464 485 521 Saparum
501 472 517 488 Χ
547 466 770 521 appellant
799 465 1006 507 dolonem
1022 465 1133 520 quod
1151 471 1208 513 est
1239 464 1373 505 velum
1400 465 1531 507 minus
1549 467 1593 507 in
1612 468 1723 518 navi,

330 541 377 574 uc
407 535 599 583 acation,
632 534 789 588 majus.

853 532 1089 588 Supparum
1122 539 1257 574 autem
1285 532 1436 574 dictum
1469 534 1530 575 ait
1554 533 1724 576 Cinnius

333 601 497 655 Capito
528 601 650 642 velut
678 606 921 654 separatum
953 599 1062 655 quod
1091 599 1145 641 sit
1177 599 1496 657 disjunctumque
1525 617 1549 642 a
1571 601 1723 644 dolone

332 668 546 711 interioris
563 667 677 708 mali.

928 828 1071 860 NOTAE

319 933 329 946 ³
348 926 486 967 Illyrici]
510 927 613 967 Lege,
631 926 754 967 Illyrici
769 929 887 957 restant
903 925 976 957 sicis

277 978 453 1018 sibynisque
471 977 633 1016 sedantes.
688 977 779 1008 Vide
811 975 976 1009 ‘fodare.’

279 1028 378 1058 Idem.

318 1080 327 1098 ²
352 1077 463 1118 Sibus]
488 1077 577 1109 Vide
601 1077 804 1110 ‘Persibusl
829 1077 924 1110 Idem.

321 1135 335 1149 '¹
359 1130 415 1161 Sic
429 1133 576 1160 versantu
590 1152 597 1160 .
609 1152 617 1161 .
630 1152 639 1161 .
651 1129 681 1170 .]
706 1130 814 1160 Locus
831 1128 977 1160 difficilis

277 1181 503 1220 interpretem
519 1181 703 1212 desiderat.
727 1182 805 1211 Ant.
822 1180 907 1220 Aug.

320 1231 375 1262 Sic
390 1230 567 1270 versantur]
584 1231 686 1262 Haud
701 1231 803 1262 dubie
820 1236 874 1262 est
887 1230 978 1272 frag-

279 1287 429 1313 mentum
447 1281 489 1313 de
510 1282 645 1318 Sueula,
671 1280 762 1323 quod
780 1287 832 1312 est
850 1281 979 1321 lignum

280 1332 557 1363 transversarium
576 1338 666 1363 teres
692 1332 862 1372 utrimque
888 1331 979 1371 capi-

279 1383 357 1413 tulis
375 1383 559 1414 cardinatis
581 1383 615 1414 in
632 1382 699 1414 duo
716 1382 902 1413 arrectaria
919 1382 978 1412 im-

279 1433 428 1472 missum,
450 1434 654 1474 paxillisque
682 1438 866 1468 versatum,
890 1432 979 1463 circa

278 1483 368 1522 quod
383 1483 556 1514 ductarius
571 1482 661 1514 funis
679 1482 836 1520 volvitur,
853 1481 894 1512 ad
908 1492 979 1513 sus·

280 1532 431 1564 tollenda
455 1539 515 1564 aut
541 1532 711 1564 molienda
735 1541 850 1570 onera,
873 1537 910 1563 ut
933 1532 980 1562 la-

280 1582 390 1623 pides,
407 1587 443 1614 et
459 1583 535 1614 alia.
583 1584 638 1614 De
655 1583 777 1614 Sucula
796 1583 900 1613 etiam
918 1582 979 1613 ali-

279 1632 312 1663 bi
329 1633 488 1674 loquitur.
532 1632 693 1673 Sequitur
705 1631 852 1663 deinde:
877 1632 980 1671 Sapa-

279 1693 349 1714 rum
369 1684 525 1724 appellant
545 1685 698 1722 dolonem,
719 1683 774 1713 hoc
797 1686 856 1719 est,
880 1683 981 1714 velum

279 1736 381 1766 minus
402 1737 435 1767 in
458 1738 554 1774 nuvi;
577 1739 610 1767 ut
629 1737 753 1768 acation
768 1734 878 1773 mnjus.
921 1732 981 1764 Su-

277 1796 391 1825 purum
415 1791 517 1818 autem
540 1788 658 1818 dictum
681 1787 727 1818 ait
750 1785 874 1826 Capito,
898 1786 980 1816 velut

278 1841 455 1876 separatum
480 1839 523 1869 sit
546 1849 565 1869 α
587 1838 695 1869 dolone
714 1836 875 1868 interioris
896 1830 981 1866 finali.

282 1886 370 1918 Haec
393 1887 637 1926 ἆναμφισβὴτως
665 1889 795 1919 Festus.
850 1887 979 1918 Notum

280 1941 335 1967 est
352 1936 511 1969 Acatium
536 1944 570 1969 et
586 1939 742 1970 dolonem
767 1948 841 1969 esse
858 1945 985 1976 genera

284 1987 445 2027 velorum,
456 1987 585 2019 ἀκάτιον
598 1988 734 2029 quidem
746 1987 830 2026 μέγα
842 1986 985 2027 ἄρμενον,

282 2036 405 2068 δόλωνα
419 2048 498 2069 vero
521 2037 638 2079 μικρόν.
686 2039 815 2070 Notum
840 2043 875 2068 et
902 2035 985 2067 illud

284 2088 373 2127 apud
413 2088 565 2119 Livium:
604 2093 612 2105 ¹
630 2087 809 2119 dolonibus
841 2086 985 2117 sublatis

283 2135 466 2177 fugerunt!
499 2138 550 2168 De
568 2147 692 2178 suparo
706 2138 785 2168 alibi
802 2137 883 2168 satis
899 2136 984 2166 dixi-

284 2197 370 2218 mus.
399 2188 562 2229 Sequitur
578 2188 667 2219 aliud
685 2192 805 2228 caput:
823 2187 985 2228 Sepultum

283 2240 382 2269 morte
397 2248 538 2279 meroque
553 2248 621 2269 cum
636 2238 681 2269 ait
697 2239 730 2268 in
745 2248 781 2268 ea
796 2237 830 2268 in
867 2260 876 2269 .
922 2257 931 2266 .

399 2311 407 2320 .
453 2290 491 2320 de
514 2289 554 2320 L.
575 2289 718 2320 Terentio
740 2287 831 2318 Tusci
847 2287 907 2317 vici
923 2296 986 2317 ma-

283 2340 347 2379 gisl
355 2349 399 2370 ro.
423 2349 492 2370 eum
506 2340 611 2370 vivum
625 2340 663 2370 de
677 2348 752 2370 saxo
778 2338 909 2378 Tarpeio
925 2338 986 2368 ela-

286 2394 352 2420 tum
367 2400 434 2421 cum
449 2400 483 2421 eo
507 2390 641 2421 venisset
666 2390 885 2420 comissatum.-
908 2389 988 2429 quod

285 2450 369 2471 mero
388 2444 467 2471 esset
488 2444 620 2472 coactus.
666 2441 745 2471 Non
770 2438 909 2470 dubium
934 2443 987 2469 est

289 2500 333 2521 ex
349 2491 493 2532 quadam
520 2490 674 2521 oratione
691 2490 830 2521 Catonis
854 2488 986 2519 desum-

288 2547 323 2572 ta
339 2551 436 2572 esse:
460 2541 517 2582 qui
541 2551 610 2571 mos
634 2545 686 2571 est
710 2541 812 2570 Festo
830 2539 989 2578 solennis,

288 2598 326 2623 ut
342 2601 407 2623 non
425 2592 599 2623 nominato
616 2591 747 2622 Catone
773 2589 873 2620 verba
890 2600 931 2620 ex
949 2599 988 2620 eo

289 2643 321 2672 in
341 2642 570 2673 testimouium
590 2641 767 2682 producat,
782 2641 863 2671 utin
880 2643 888 2657 ‘
903 2640 986 2671 Sub-

289 2692 454 2724 limavitt'
482 2693 656 2733 eleganter
682 2690 989 2723 comessabuudum

284 2745 445 2781 juvenem
480 2753 574 2775 mero
605 2743 774 2783 sepultum
807 2748 842 2772 et
876 2742 988 2772 vivum

1029 926 1166 965 elatum,
1194 925 1284 967 quod
1315 930 1449 957 mortuo
1479 925 1597 956 similis
1627 930 1728 963 esset,

1029 975 1128 1011 dixit,
1145 976 1303 1017 quodque
1320 977 1459 1016 spiritus
1476 977 1506 1007 ei
1523 985 1616 1007 mero
1631 986 1727 1007 coac-

1030 1030 1084 1057 tus
1111 1033 1146 1058 et
1170 1027 1374 1058 interclusus
1401 1032 1510 1059 esset:
1535 1031 1588 1058 est
1613 1032 1726 1057 autem

1030 1087 1096 1109 non
1120 1082 1211 1109 totus
1237 1077 1372 1118 integer
1397 1077 1502 1118 locus,
1519 1077 1580 1108 nisi
1607 1076 1729 1113 fallor;

1031 1132 1112 1160 ante
1149 1128 1238 1159 enim
1277 1128 1514 1160 desiderantur
1551 1127 1730 1169 quaedam3

1031 1187 1225 1220 quanquam
1241 1187 1307 1210 non
1325 1179 1432 1209 solum
1449 1182 1570 1218 aperta
1585 1183 1650 1217 est,
1670 1176 1729 1208 sed

1032 1229 1135 1260 etiam
1167 1229 1304 1270 elegans
1335 1229 1432 1270 hujus
1459 1229 1525 1260 loci
1551 1228 1731 1260 sententia.

1031 1280 1101 1310 Jos.
1119 1279 1203 1310 Scal.

1077 1330 1133 1361 Sic
1148 1333 1294 1362 versantu
1318 1351 1496 1361 ......
1513 1330 1527 1371 ]
1550 1329 1659 1361 Immo
1677 1328 1732 1360 adi

1033 1390 1150 1412 vocem
1166 1382 1175 1397 ‘
1188 1379 1341 1411 Sucula.'
1377 1379 1431 1411 Ibi
1448 1379 1537 1411 enim
1555 1378 1733 1410 manifesto

1033 1432 1107 1463 haec
1130 1432 1274 1472 vestigia
1300 1431 1557 1472 deprehendes:
1588 1431 1644 1462 Sic
1665 1440 1733 1461 ver-

1033 1486 1197 1522 santesque
1210 1481 1350 1512 ductario
1355 1480 1436 1519 sune
1451 1483 1588 1513 volvunt.
1616 1482 1735 1512 Eodem

1034 1533 1168 1572 nomine,
1181 1534 1234 1572 &a
1272 1533 1358 1565 Qnae
1373 1533 1458 1563 male
1476 1532 1549 1563 loco
1566 1541 1628 1563 suo
1645 1531 1736 1562 avul-

1036 1593 1084 1619 sa,
1098 1583 1162 1613 huc
1180 1582 1363 1613 adliaesere.
1387 1582 1468 1613 Duc.

1079 1632 1135 1664 Sic
1157 1635 1304 1663 versantu
1325 1653 1334 1661 .
1351 1652 1360 1661 .
1387 1653 1395 1663 .
1420 1653 1429 1663 .
1453 1631 1467 1671 ]
1501 1631 1554 1662 De
1581 1630 1651 1662 sica
1666 1629 1734 1661 for-

1038 1687 1127 1713 tasse
1151 1683 1254 1714 verba
1282 1681 1372 1712 Festi
1401 1681 1623 1721 intelligenda
1646 1685 1735 1716 sunt,

1036 1733 1116 1764 item
1135 1733 1177 1764 de
1193 1733 1335 1763 Dolone.
1383 1731 1525 1763 Dolonis
1547 1731 1674 1762 mentio
1698 1730 1738 1761 fit

1036 1782 1126 1822 apud
1143 1781 1325 1822 Virgilium
1340 1780 1397 1812 lib.
1415 1789 1478 1812 vu.
1495 1779 1568 1811 AEn.
1585 1781 1680 1811 Suet.
1704 1779 1735 1810 iu

1038 1833 1192 1871 Claudio,
1208 1838 1244 1864 et
1262 1832 1324 1863 sub
1342 1831 1441 1863 titulo
1459 1829 1500 1861 ad
1518 1830 1555 1861 L.
1572 1829 1685 1870 Aquil.
1704 1830 1738 1859 iu

1037 1884 1202 1923 Digestis.
1240 1884 1292 1915 De
1307 1882 1387 1913 Sica
1414 1886 1450 1912 et
1478 1880 1615 1911 Sicariis
1633 1880 1738 1910 omni-

1039 1934 1100 1965 bus
1125 1934 1217 1965 libris
1233 1933 1356 1973 agitur.
1400 1931 1468 1963 Sed
1486 1941 1553 1961 non
1567 1929 1670 1961 facile
1686 1935 1738 1961 est

1040 1984 1143 2014 verba
1158 1978 1251 2013 Festi
1266 1982 1412 2012 sarcire:
1438 1981 1564 2011 etenim
1581 1980 1739 2019 exempla

1040 2032 1236 2064 referuntur
1253 2040 1369 2062 eorum
1393 2030 1568 2069 librorum,
1593 2030 1648 2071 qui
1674 2039 1739 2060 non

1040 2086 1173 2114 extant.
1197 2081 1274 2112 Ant.
1291 2080 1379 2120 Aug.

1083 2137 1098 2152 x
1116 2132 1288 2173 Sapen-um]
1315 2131 1438 2161 Pollux
1456 2130 1519 2161 tria
1531 2130 1564 2160 in
1581 2130 1656 2160 navi
1671 2139 1739 2160 me-

1039 2187 1150 2214 morat
1168 2182 1255 2217 vela,
1283 2181 1455 2211 minimum
1479 2178 1609 2219 δόλωνα,
1632 2180 1740 2219 majus

977 2258 985 2267 .
1040 2233 1180 2268 ἀκάτιον,
1210 2233 1392 2263 maximum
1424 2230 1596 2271 ἐπίδρομον.
1641 2231 1742 2270 Capi-

1041 2285 1111 2317 toni
1130 2289 1243 2315 autem
1261 2282 1464 2313 sententiam
1484 2282 1525 2312 de
1542 2280 1647 2321 sipari
1668 2285 1741 2321 ety-

1041 2346 1095 2367 mo
1113 2334 1291 2367 confirmat
1313 2332 1461 2364 Isidorus
1477 2332 1534 2363 lib.
1553 2341 1634 2363 xix.
1663 2341 1692 2362 c.
1709 2334 1740 2362 3.

1040 2387 1051 2403 ‘
1065 2385 1258 2426 Siparium,'
1275 2385 1397 2426 inquit,
1412 2384 1420 2400 ‘
1436 2393 1541 2424 genus
1560 2384 1622 2413 veli
1640 2392 1740 2413 untun

1043 2436 1164 2478 pedem
1181 2436 1321 2474 habens,
1337 2444 1403 2476 quo
1427 2434 1523 2465 inniti
1540 2432 1673 2472 navigia
1689 2441 1741 2462 so-

1042 2488 1114 2518 lent
1131 2487 1164 2516 in
1181 2485 1411 2525 navigatione,
1434 2483 1567 2524 quoties
1585 2482 1632 2513 vis
1650 2482 1743 2512 venti

1041 2537 1241 2577 languescit,
1265 2535 1353 2577 quod
1370 2544 1410 2566 ex
1428 2533 1641 2574 separatione
1657 2532 1743 2562 exis-

1043 2588 1165 2619 timant
1191 2584 1425 2617 nominatum.’
1468 2583 1534 2615 Sed
1565 2582 1645 2613 illud
1672 2591 1739 2613 oui-

1043 2638 1122 2669 nino
1150 2637 1350 2668 ridiculum:
1382 2640 1433 2666 est
1460 2634 1547 2664 cuim
1573 2643 1590 2662 a
1617 2632 1741 2663 Graeco

1042 2689 1181 2728 σίφαρος,
1211 2688 1362 2728 adeoque
1388 2685 1500 2727 potius
1526 2683 1683 2715 scribitur
1700 2682 1740 2711 si-

1040 2749 1162 2780 parum.
1187 2738 1276 2769 Dae.
