1876 3025
309 154 423 195 1014

751 167 898 197 SEXTI
934 167 1137 198 POMPEI!
1173 169 1308 200 FESTI

310 260 502 311 Vineae,¹¹
530 267 582 303 ut
604 260 787 303 Verrius
810 262 1027 316 praecipit,
1049 263 1166 317 quod
1189 265 1278 305 vini
1298 265 1466 306 feraces
1489 265 1601 307 sint:
1626 267 1757 307 etiam

366 330 583 371 militares
618 330 822 383 quaedam
853 330 1202 371 machinationes
1230 344 1257 372 a
1291 332 1573 373 similitudine
1609 333 1758 387 appel-

368 399 525 439 lantur.

310 463 528 506 Vinulusi
549 465 706 506 dicitur
722 465 911 506 molliter
928 478 975 506 se
996 478 1165 518 gerens,
1183 470 1227 507 et
1242 468 1418 509 minime
1440 469 1543 521 quid
1579 469 1759 522 [PAUL.

366 533 547 574 viriliter
583 533 766 574 faciens.
814 532 1050 587 (Plautum
1084 534 1296 576 Oratione
1332 536 1480 577 vinula
1515 550 1566 578 ao
1602 549 1759 577 venus—

367 597 498 652 tula.)

310 666 352 706 V
356 669 538 708 iritanus
561 680 662 720 ager
682 667 853 718 dicitur,
877 669 953 721 qui
976 669 1136 710 viritim
1153 671 1184 700 ¹⁷
1218 671 1380 724 populo
1402 671 1687 712 distribuitur.

309 734 488 775 Viritim
502 733 518 756 k
540 735 700 777 dicitur
719 735 828 785 dari,
849 736 967 789 quod
989 737 1120 778 datur
1140 751 1214 790 pei·
1231 738 1426 790 singulos
1448 739 1579 779 viros.
1623 738 1757 780 Cato:

364 803 530 856 praeda,
550 816 651 857 quae
675 809 809 856 capta
831 809 913 853 est,
937 805 1097 845 viritim
1119 805 1277 847 divisa.

310 869 566 923 Vitilig0¹8¹
598 871 644 911 in
679 884 867 925 corpore
900 872 1091 913 hominis
1116 875 1292 914 macula
1313 874 1428 922 alba,
1461 886 1590 927 quam
1611 873 1759 915 Graeci

363 938 481 990 ἀλφὸν
504 944 679 988 vocant,
712 953 738 980 a
760 954 845 993 quo
866 953 946 981 nos
969 941 1144 982 album:
1178 942 1271 982 sive
1293 955 1320 982 a
1339 941 1447 982 vitio
1469 941 1602 990 dicta,
1625 941 1759 982 etiam

366 1006 404 1046 si
426 1019 510 1047 non
531 1007 676 1047 laedit:
706 1009 799 1049 sive
819 1021 844 1049 a
866 1010 1026 1058 vitulo,
1050 1014 1225 1062 propter
1246 1009 1343 1063 ejus
1365 1009 1632 1049 membranae
1657 1021 1759 1049 can-

366 1074 531 1124 dorem,
565 1088 655 1129 qua
679 1076 875 1116 nascitur
908 1078 1149 1118 involutus.

1212 1078 1406 1118 Lucilius
1425 1090 1433 1117 :
1469 1076 1582 1117 Haec
1605 1075 1760 1116 odiosa

365 1141 470 1182 mihi
493 1143 660 1195 vitiligo
678 1148 776 1183 est:
809 1157 892 1184 non
910 1149 942 1175 ¹9
973 1145 1106 1194 dolet,
1130 1145 1286 1198 inquit.

312 1210 559 1259 Vitulans‚¹¹¹
581 1212 740 1253 laeians
763 1213 939 1263 gaudio,
960 1216 1006 1253 ut
1027 1217 1154 1266 prato
1172 1218 1206 1236 20
1230 1214 1404 1254 vitulus.
1450 1212 1638 1253 Ennius:
1664 1211 1757 1252 Ha-

365 1279 438 1319 bet
460 1279 497 1318 is
519 1292 725 1321 coronam
745 1282 935 1321 vitulans
959 1281 1159 1322 victoria.

927 1400 1042 1412 οοοοοο

1044 1401 1141 1415 eeeee

353 1487 389 1514 17
417 1486 497 1516 Vet.
523 1485 579 1517 lib.
602 1487 814 1519 virenti.——lS
843 1489 906 1520 Ms.
927 1489 1163 1529 Viiuligo.-19
1188 1489 1263 1520 Vct.
1290 1488 1347 1520 lib.
1364 1491 1532 1519 mim—20
1556 1489 1634 1519 Vct.
1653 1488 1709 1519 lib.
1726 1492 1759 1517 w}

308 1531 413 1565 partu.

962 1618 1103 1650 NOTAE

350 1678 363 1697 ¹·
391 1679 513 1720 l'ineoe]
542 1680 570 1711 A
589 1682 695 1712 vinum
712 1686 765 1713 est
782 1683 896 1717 vinens,
914 1682 1005 1714 unde

307 1730 405 1768 vineo,
430 1730 632 1762 subauditur
656 1736 752 1763 terra.
802 1733 888 1763 Nam
908 1734 1006 1764 vinea

306 1780 479 1810 e>t501um
505 1780 630 1811 vitibus
655 1783 834 1813 consitum.
883 1785 935 1814 De
959 1785 1005 1814 vi-

307 1830 378 1860 neis
407 1831 607 1862 militaribus
629 1833 791 1864 machinis
817 1834 892 1864 vido
917 1834 925 1850 ‘
943 1835 1005 1865 snb

306 1880 433 1911 vitem.'
459 1882 556 1913 Idem.

348 1931 355 1950 ¹
383 1931 530 1971 Vinulus]
555 1933 666 1964 Plaut.
697 1934 727 1963 in
761 1935 856 1965 Asin.
890 1935 1004 1966 ‘Ora-

307 1981 399 2012 tione
419 1983 544 2021 vinula,
562 1985 760 2015 venustula!
784 1986 861 2016 Ant.
876 1987 959 2025 Aug.

354 2032 501 2073 Vimdus]
533 2034 759 2065 Glossarium:
800 2038 808 2051 ‘
828 2036 1003 2074 Vinnicus,

308 2081 471 2120 νωχελής.’
497 2083 593 2122 lege:
625 2083 767 2114 Vinulus.
789 2084 862 2115 Jos.
880 2086 968 2115 scal.

358 2132 504 2172 Vinulus]
520 2133 644 2172 Mollis,
658 2145 675 2164 a
688 2135 754 2164 vini
770 2134 1005 2174 diminutione,

305 2191 380 2212 nani
401 2183 511 2213 viuum
531 2184 620 2224 quod
647 2195 844 2224 generosum
866 2195 931 2216 non
954 2196 1003 2216 es-

306 2237 370 2272 set,
401 2233 538 2263 vinulam
569 2239 603 2264 et
631 2235 736 2265 villum
772 2236 1003 2276 appellabant.

306 2282 409 2320 Apud
440 2284 553 2315 Plaut.
586 2284 717 2315 Asinar.
747 2293 813 2317 act.
845 2296 867 2317 1.
899 2297 946 2318 sc.
972 2291 1002 2318 3.

307 2332 315 2347 ‘
334 2334 543 2370 osculando,
568 2337 720 2367 oratioue
746 2338 870 2377 vinula,
885 2348 1003 2369 venus-

306 2383 399 2413 tula.'
445 2384 512 2415 Ubi
531 2386 662 2416 Nonius
684 2387 844 2418 tinnulum
864 2389 1004 2428 exponit

306 2434 490 2465 illecebram.
537 2437 666 2467 Verum
692 2437 800 2469 Janus
826 2439 920 2470 Dum
948 2450 1002 2470 vo—

304 2494 375 2514 cem
389 2486 547 2517 vinnulam
560 2488 808 2527 interpretatur
823 2488 1004 2521 flexuosam

308 2537 413 2566 instar
439 2537 542 2572 vinni,
567 2538 630 2569 hoc
660 2545 724 2579 est,
751 2541 908 2572 cincinni.
955 2542 1004 2571 Ex

307 2586 436 2617 Isidoro
454 2588 474 2617 l.
488 2597 527 2618 ιι.
543 2589 676 2629 Origin.
691 2593 783 2621 (210.
800 2594 808 2606 ‘
824 2592 1004 2622 Viuuolata

308 2646 370 2666 vox
387 2644 438 2667 est
457 2638 537 2668 levis
552 2644 587 2669 et
600 2640 707 2671 mollis
721 2646 821 2682 alque
837 2641 1004 2681 flexibilis,

307 2692 342 2716 et
369 2688 540 2718 vinnoliita
565 2689 657 2720 (licta
680 2701 696 2719 u
722 2691 834 2727 vinno,
861 2693 921 2721 lio(¹
941 2699 1002 2727 esi,

307 2737 461 2767 cincinno
479 2738 625 2769 molliter
643 2738 753 2770 flexo!
783 2741 857 2771 Duc.

1105 1682 1117 1702 ¹*
1140 1683 1284 1725 Vir-iiim]
1309 1683 1421 1714 Gloss.
1444 1682 1453 1698 ‘
1473 1682 1610 1717 viritim,
1627 1681 1692 1711 κατ’
1706 1681 1758 1711 ἅμ-

1061 1736 1127 1774 δρα,
1144 1735 1209 1765 καθ’
1227 1734 1279 1765 ἕνα
1297 1732 1454 1765 ἔκαστον.’
1480 1733 1578 1763 Idem.

1104 1784 1111 1804 ¹
1139 1786 1286 1825 Vitiligo]
1311 1785 1351 1815 In
1375 1785 1443 1814 ΜΞ.
1464 1783 1606 1822 vieuligo.
1653 1782 1706 1812 Ita
1724 1786 1760 1813 et

1060 1836 1172 1867 Gloss.
1207 1835 1305 1868 Quod
1320 1834 1439 1865 'favere
1457 1833 1592 1863 videtur
1608 1838 1722 1872 etymo
1739 1843 1759 1862 a

1059 1886 1166 1916 viculo.
1204 1885 1269 1915 Sed
1288 1885 1407 1915 melius
1422 1884 1547 1922 vitiligo
1564 1892 1582 1913 a
1598 1883 1696 1913 vilio:
1715 1883 1757 1913 de

1060 1946 1100 1966 ea
1117 1937 1164 1966 sic
1182 1936 1302 1966 Celsus
1321 1940 1474 1965 extremo
1493 1933 1547 1964 lib.
1564 1942 1598 1964 v.
1619 1935 1627 1950 ‘
1647 1933 1758 1963 Vitili-

1059 1995 1100 2025 go
1117 1986 1267 2026 quamvis
1292 1994 1351 2026 per
1368 1995 1404 2015 se
1421 1984 1547 2014 nullum
1571 1982 1758 2023 periculum

1058 2035 1171 2074 affort,
1189 2041 1298 2065 tamen
1318 2034 1409 2064 foeda
1426 2038 1490 2072 est,
1517 2038 1552 2063 et
1573 2032 1660 2063 malo
1684 2042 1758 2062 cor-

1057 2086 1146 2126 poris
1168 2086 1282 2116 habitu
1308 2084 1372 2115 fit!
1424 2083 1557 2114 Deinde
1586 2089 1654 2114 tres
1685 2083 1756 2123 ejus

1056 2136 1188 2175 species
1216 2145 1289 2166 esse
1317 2135 1424 2174 ducit,
1449 2134 1568 2173 alphos,
1593 2135 1698 2171 iaetus,
1724 2138 1759 2163 et

1057 2187 1166 2217 Leuce.
1210 2185 1275 2217 Sed
1294 2186 1404 2216 locum
1423 2184 1489 2215 adi.
1516 2184 1613 2214 Idem.

1101 2241 1122 2256 ¹¹¹
1141 2237 1299 2276 Vitulaus]
1318 2237 1426 2266 Varro
1444 2236 1464 2264 l.
1479 2244 1528 2264 Vl.
1549 2235 1557 2250 ‘
1574 2233 1756 2264 vitniantes

1058 2296 1076 2317 a
1095 2286 1223 2317 vitula!
1266 2286 1430 2316 Similiter
1447 2283 1561 2314 Graeci
1582 2293 1600 2313 a
1623 2282 1756 2323 μόσχος,

1059 2337 1195 2376 vitulus,
1209 2336 1328 2366 dixere
1341 2334 1490 2375 μοσχιᾷν,
1506 2333 1660 2364 vitulare.
1689 2334 1757 2364 Sed

1059 2388 1085 2419 si
1118 2398 1135 2417 a
1159 2388 1286 2425 vitulus,
1325 2387 1432 2426 prima
1470 2383 1600 2424 syllaba
1630 2384 1756 2424 corripi

1059 2438 1174 2477 debet,
1195 2448 1269 2477 quae
1293 2436 1472 2467 manifesto
1497 2435 1584 2474 apud
1610 2434 1755 2464 Ennium

1060 2488 1272 2528 producitur,
1299 2487 1481 2517 dicendum
1509 2485 1613 2525 igitur
1636 2494 1654 2515 a
1680 2485 1756 2524 vita,

1060 2548 1133 2578 quae
1155 2537 1323 2568 interdum
1346 2536 1500 2566 laetitiaiu
1518 2539 1552 2565 et
1568 2533 1755 2565 lubentiam

1060 2590 1185 2627 signat,
1201 2598 1272 2618 esso
1290 2585 1524 2617 diminutivum
1542 2585 1651 2614 ticum.
1687 2585 1755 2615 Un-

1059 2639 1100 2668 de
1126 2638 1252 2668 vilalmi
1280 2642 1315 2667 vt
1338 2636 1481 2673 nitidare,
1510 2645 1569 2673 pro
1596 2634 1757 2665 lubentiis

1059 2687 1224 2719 ‹ninum-0.
1283 2687 1437 2716 Nonius:
1464 2685 1471 2700 ⁴
1494 2684 1671 2714 vitulautes
1688 2685 1753 2713 Ve-

1061 2743 1148 2768 tei-cs
1176 2736 1361 2775 gaudentes
1388 2734 1557 2772 dixerunt,
1583 2733 1710 2764 dictum
1737 2745 1755 2763 a
