1876 3025
156 177 219 206 DE
255 174 526 205 VERBORUM
564 172 979 203 SlGNlFICATlONE
1017 172 1107 201 [AB.
1143 172 1254 201 xlx.
1282 172 1372 201 XX.

1435 162 1542 202 1011

96 273 291 321 VietUS,x
321 270 573 323 languidus,
589 270 683 311 sine
707 271 765 318 vi,
788 273 831 310 et
851 269 1120 310 naturalibus
1144 269 1344 321 privatus
1369 268 1547 308 viribus.

96 340 262 393 Vigety
292 341 459 381 dictum
489 352 514 379 a
543 340 584 379 vi
617 338 802 392 agendo,
835 338 913 379 sed
945 338 1094 378 nonin
1117 337 1298 389 agendis
1317 341 1347 359 ¹2
1379 335 1550 375 hostili-

152 410 237 448 bus
261 409 419 460 rebus;
452 419 597 448 verum
619 407 691 457 iis,
725 419 824 459 quae
858 407 1082 447 concitato
1115 405 1260 445 animo
1297 402 1351 443 ad
1385 403 1548 442 bonum

141 476 348 528 tendunt.

96 541 235 595 Viget
255 543 420 583 dictum
445 541 614 583 videtur
632 556 658 583 a
675 543 718 583 vi
740 542 921 595 agendo,
944 542 1020 581 sed
1044 541 1187 582 nonin
1213 552 1345 591 agon-
1388 537 1549 592 [Fssfw.

154 611 223 651 dis
255 610 490 651 hostilibus
521 611 666 660 rebus,
698 624 850 652 verum
871 609 940 650 his
963 622 1060 663 quae
1094 608 1320 649 celerrimo
1353 605 1549 646 concita-

152 683 288 732 toque
309 678 454 719 animo
475 678 531 718 ad
553 680 716 719 bonam
737 677 915 718 tendunt
935 676 1120 729 frugem.

97 746 265 800 Viginti
288 747 508 800 quinqueZ
538 759 686 800 poenae
717 745 940 798 significat
961 744 1114 797 viginti
1138 743 1332 797 quinque
1353 753 1492 784 asses.

706 865 822 878 ‘‘‘‘‘‘

826 864 941 876 eeeeee

142 958 181 987 12
205 954 289 987 Ead.
305 953 359 985 ed.
376 955 429 985 sed
444 954 476 984 in
493 953 634 995 agendis,
648 957 683 985 et
699 962 776 984 mox
792 953 845 994 qui
861 962 922 993 pro
938 962 1017 993 quse.

749 1075 894 1108 NOTAE

98 1152 197 1185 affert
219 1153 323 1185 etiam
349 1153 457 1185 Varro
485 1153 544 1184 lib.
571 1162 623 1184 1v.
670 1152 797 1183 ‘Viere

98 1204 226 1235 vincire
241 1215 259 1235 a
275 1215 339 1245 quo
356 1209 408 1235 est
424 1205 457 1235 in
473 1203 590 1235 Asoto’
607 1202 798 1244 (Sotadico,

98 1259 137 1286 ut
155 1254 260 1296 Scal.)
282 1256 292 1272 ‘
311 1255 430 1286 Ennii:
448 1254 545 1285 ibant
560 1254 681 1284 malaci
706 1253 799 1284 viere

97 1304 272 1335 veneriam
301 1304 489 1335 corollam!
534 1304 602 1335 Ubi
627 1303 797 1342 Scaliger:

100 1354 189 1386 ibant
203 1355 354 1385 malacum
370 1354 452 1384 viere
468 1354 623 1385 veneriam
638 1353 800 1384 corollam.-

98 1403 214 1444 aitque
238 1413 312 1435 esse
336 1414 377 1434 ex
403 1403 564 1435 Sotadico
592 1404 716 1435 Graeco
744 1403 801 1443 qui

100 1454 227 1485 citatur
242 1455 284 1486 ab
302 1454 569 1495 Hephaestione:
595 1454 689 1491 Ποίης
714 1453 802 1494 τέρεν

101 1504 190 1537 ἄνθος
234 1506 377 1544 μαλακὸν
413 1507 578 1546 ματεῦσαι,
620 1506 630 1522 ⁴
650 1505 777 1536 Herbae
792 1504 800 1515 ⁵

97 1555 225 1597 (ibant)
248 1558 421 1588 ‘tenerum
447 1556 565 1588 florem
581 1561 616 1587 et
633 1556 801 1586 malacum

99 1611 276 1647 quaerere.'
320 1607 350 1638 A
380 1609 464 1639 viere
483 1612 595 1638 autem
623 1611 677 1638 est
702 1607 802 1636 vimen

98 1657 189 1696 quod
209 1662 287 1688 ante
305 1657 459 1688 Cannabi
482 1667 578 1688 usum
595 1656 754 1687 viticibus
768 1660 802 1686 et

100 1706 257 1746 virgultis
271 1716 331 1747 pro
346 1706 481 1737 funibus
499 1711 688 1737 uterentur.
705 1706 802 1736 Tzet-

99 1765 153 1786 zes
169 1766 177 1786 τ
189 1755 337 1796 πρότερον
347 1756 407 1786 ἀπὸ
418 1755 518 1795 λύγου
527 1756 672 1794 σχοίνους
682 1755 803 1786 ἐποίουν

98 1805 156 1846 πρὸ
174 1805 320 1847 εὑρέσεως
335 1808 392 1844 τῆς
416 1806 604 1846 καννάβεως,
626 1811 634 1824 ‘
650 1806 802 1837 Primum

100 1867 118 1888 e
147 1856 306 1888 viticibus
332 1857 430 1888 funes
458 1857 632 1888 faciebant
656 1861 735 1888 ante
753 1857 802 1887 in-

100 1907 293 1938 ventionem
310 1907 477 1938 cannabi.¹
502 1907 588 1938 Inde
599 1906 731 1938 Graecis
749 1912 803 1937 λυ·

99 1956 213 1997 γίζειν,
230 1957 319 1999 quod
338 1958 464 1988 Latinis
480 1957 572 1988 viere.
597 1957 706 1988 Idem.

141 2013 156 2027 Χ
186 2008 309 2048 Vietus]
342 2008 479 2038 Terent.
504 2008 538 2038 in
575 2007 660 2037 Eun.
708 2006 717 2023 ‘
735 2006 803 2037 Hic

103 2061 157 2088 est
173 2058 299 2097 vietus,
316 2064 424 2097 vetus,
454 2062 655 2088 veternosus
681 2060 805 2088 senex.9

100 2107 216 2139 Plaut.
254 2109 288 2139 in
316 2109 466 2139 Mercat.
517 2110 526 2126 ‘
540 2107 803 2145 Achemnticus,

101 2165 216 2197 senex,
235 2157 355 2197 vietus,
372 2156 593 2197 decrepitus!
616 2157 694 2188 Ant.
718 2156 804 2196 Aug.

149 2206 273 2245 Vz'etus]
307 2206 453 2247 Proprie
479 2207 655 2238 Marcidus
682 2217 701 2238 a
723 2208 803 2242 vieo,

103 2260 142 2286 ut
158 2255 322 2286 dicebant
338 2265 398 2296 pro
413 2257 476 2295 vio,
491 2257 538 2287 ita
554 2262 592 2288 ut
616 2257 659 2287 de
677 2257 802 2297 virgul-

102 2306 145 2336 tis
161 2306 296 2336 dicatur
313 2315 388 2346 quae
401 2306 553 2337 marcida
569 2306 655 2338 fiunt
671 2311 707 2338 et
724 2306 802 2338 flac-

103 2356 182 2387 cida
216 2361 396 2397 postquam
434 2356 566 2387 vientur
611 2361 649 2388 ut
673 2356 804 2390 funium

102 2416 199 2437 usum
226 2410 403 2447 praestent.
449 2407 564 2439 Quare
603 2407 732 2447 optime
770 2407 804 2438 in

104 2457 257 2488 Glossis:
275 2458 284 2474 ‘
298 2457 450 2498 Vietum,
465 2458 805 2498 μεμαρασμένονῃῃαν-

103 2507 241 2539 cidum.’
261 2507 347 2538 Inde
358 2508 510 2539 homines
525 2510 640 2540 molles
654 2508 807 2540 flaccidi-

104 2567 171 2599 que
183 2557 362 2589 vietidicti.
374 2558 513 2589 Terent.
524 2559 740 2590 Eunuch.1v.
755 2568 804 2591 sc.

105 2612 137 2639 4.
162 2609 171 2625 ‘
188 2609 256 2640 Hic
273 2613 326 2639 est
343 2612 453 2647 vetus,
470 2608 590 2643 vietus,
607 2612 804 2640 veternosus

106 2658 233 2689 senex?
250 2658 319 2689 Ubi
335 2659 491 2689 Donatus
506 2658 534 2688 :⁴
549 2658 684 2697 Vietns,
695 2659 803 2690 mollis

107 2706 351 2750 fiaecfflusque,
380 2713 414 2740 et
452 2707 611 2739 flexibilis
648 2718 803 2749 corpore,

849 1151 939 1183 unde
956 1156 992 1183 et
1004 1151 1127 1183 vimina
1139 1155 1173 1182 et
1191 1151 1351 1185 vimenta,
1369 1152 1404 1180 et
1415 1148 1501 1180 vites
1517 1152 1553 1180 et

850 1202 995 1233 vietores
1007 1202 1177 1242 dicuntur,
1191 1205 1226 1232 et
1242 1201 1333 1232 viere
1348 1200 1492 1240 religare
1503 1198 1554 1229 di—

850 1252 950 1283 citur.
964 1252 1054 1284 Quia
1067 1252 1164 1283 vietis
1176 1251 1281 1291 virgis
1290 1250 1396 1289 magis
1407 1249 1555 1289 religare

850 1312 1026 1343 possumus
1042 1302 1222 1342 quidlibet.
1269 1299 1450 1331 Lucretius
1468 1299 1554 1329 Ara-

850 1362 924 1383 neae
942 1352 1030 1382 dixit
1046 1352 1173 1383 vietam
1187 1354 1326 1389 vestem,
1340 1350 1404 1380 hoc
1415 1353 1481 1384 est,
1495 1357 1553 1388 pu-

851 1403 894 1433 tri
905 1402 1049 1433 mollitia
1061 1400 1265 1442 praeditam:
1281 1400 1348 1431 Sed
1359 1399 1392 1430 iu
1406 1398 1552 1438 origina-

852 1452 946 1483 tione
966 1451 1096 1483 fallitur
1125 1453 1293 1482 Donatus.
1338 1450 1428 1481 Nam
1455 1458 1474 1479 a
1503 1448 1552 1478 υἰυ

851 1508 906 1534 est
920 1504 1044 1540 vimen,
1061 1503 1261 1542 vimentum,
1278 1500 1370 1541 vitis,
1386 1503 1421 1531 et
1439 1509 1457 1530 a
1473 1499 1554 1537 vieo,

853 1554 977 1593 vietus,
993 1554 1153 1585 vietores.
1176 1553 1261 1584 Dac.

894 1610 907 1631 y
937 1603 1047 1643 Viget]
1085 1603 1200 1634 Gloss.
1237 1603 1246 1619 ‘
1274 1602 1396 1642 Vigeo,
1433 1600 1550 1633 θάλλω,

852 1653 1001 1693 ἀκμάζω.’
1048 1654 1096 1685 Ut
1119 1653 1161 1684 de
1186 1653 1227 1683 iis
1244 1653 1379 1684 dicatur
1396 1652 1451 1692 qui
1472 1652 1501 1681 vi
1521 1656 1555 1682 et

853 1705 973 1736 robore
1001 1704 1135 1745 praediti
1160 1709 1251 1733 suut.
1298 1702 1413 1734 Quare
1433 1701 1555 1731 Festus

853 1766 872 1787 a
887 1756 920 1785 vi
936 1760 969 1786 et
985 1765 1045 1794 ago
1062 1754 1215 1792 deducit,
1232 1752 1322 1794 quod
1341 1756 1348 1769 ‘
1368 1752 1398 1783 vi
1426 1750 1557 1791 agunt‚’

853 1811 888 1837 et
913 1807 1071 1847 quoniam
1096 1809 1103 1822 ‘
1123 1805 1153 1835 vi
1179 1802 1301 1844 agere'
1332 1806 1468 1842 poterat
1496 1801 1555 1832 de-

852 1856 988 1897 pravari
1010 1860 1046 1886 et
1069 1855 1103 1885 in
1130 1855 1250 1885 malam
1276 1857 1407 1893 partem
1433 1851 1557 1891 accipi,

853 1907 979 1947 adjecit
993 1915 1087 1945 agere
1105 1915 1165 1936 seu
1181 1904 1213 1934 vi
1234 1912 1328 1942 agere
1344 1911 1411 1932 non
1427 1900 1494 1931 dici
1512 1900 1555 1931 de

853 1957 892 1987 iis
919 1957 976 1998 qui
1005 1966 1066 1996 per
1087 1956 1153 1985 vim
1170 1953 1281 1985 omnia
1303 1955 1505 1993 perpetrant
1522 1955 1557 1982 et

852 2007 1024 2039 hostiliter
1048 2009 1166 2047 agunt,
1192 2004 1252 2035 sed
1280 2003 1323 2034 de
1350 2002 1402 2040 iis,
1426 2002 1482 2042 qui
1500 2010 1554 2032 ce-

852 2058 989 2089 lerrimo
1016 2063 1052 2088 et
1079 2056 1252 2088 concitato
1270 2054 1380 2085 animo
1397 2051 1439 2084 ad
1458 2061 1553 2092 egre=

853 2109 908 2149 gia
924 2107 1090 2139 feruntur.
1114 2107 1215 2137 Idem.

896 2165 907 2179 z
931 2158 1057 2197 Viginti
1072 2155 1219 2198 quinque]
1241 2153 1406 2186 Schedae:
1431 2152 1557 2191 Viginti

852 2210 984 2250 quinque
1006 2218 1105 2250 poenae
1129 2209 1162 2238 in
1185 2210 1236 2238 12.
1259 2205 1418 2246 significat
1440 2203 1559 2242 viginti

852 2259 984 2300 quinque
1004 2268 1100 2289 asses.
1147 2257 1247 2287 Hanc
1263 2257 1374 2295 legem
1391 2257 1442 2285 12.
1462 2253 1559 2284 tabu-

853 2310 961 2340 larum
979 2307 1086 2339 refert
1110 2307 1240 2338 Gellius
1267 2306 1326 2336 lib.
1346 2313 1410 2336 xx.
1436 2312 1509 2342 cap.
1530 2306 1558 2332 l.

854 2360 863 2377 ‘
891 2360 927 2390 Si
969 2358 1126 2398 injuriam
1166 2356 1266 2387 alteri
1304 2354 1402 2390 faxit,
1440 2353 1560 2393 viginti

857 2409 1005 2449 quinque
1023 2408 1099 2438 aeris
1116 2416 1226 2447 poenae
1244 2405 1368 2436 sunto.'
1413 2404 1478 2434 Ubi
1502 2403 1560 2433 de-

856 2457 992 2489 lendum
1016 2456 1053 2487 ‘rb
1073 2457 1147 2487 oer‘is
1169 2465 1210 2487 ex
1230 2455 1437 2486 anctoritate
1456 2453 1559 2483 Festi.

862 2509 907 2539 Et
924 2507 1205 2548 vigintiquinque
1227 2515 1299 2536 esse
1320 2504 1439 2545 viginti
1463 2501 1558 2541 quin-

861 2568 925 2600 que
945 2566 1037 2589 asses
1055 2557 1144 2588 idem
1162 2556 1251 2587 Geli.
1269 2554 1350 2585 ibid.
1366 2552 1452 2583 ‘Sed
1471 2551 1559 2581 enim

858 2609 968 2648 ipsum
997 2606 1083 2641 vide,
1110 2606 1199 2646 quod
1228 2606 1260 2635 in
1290 2603 1426 2644 injurias
1451 2600 1559 2631 factas

859 2659 1007 2698 quinque
1025 2661 1058 2687 et
1075 2655 1192 2695 viginti
1208 2653 1336 2685 assibus
1351 2649 1561 2683 sanxerunt?

860 2708 960 2739 Idem.
