1876 3025
303 167 367 197 DE
399 163 672 196 VERBORUM
705 159 1117 194 SIGNIFICA'I'IONE
1153 158 1247 189 LIB.
1279 157 1406 189 XVII.

1497 143 1581 189 833

136 261 385 303 Sceleratus
410 272 592 313 campus
614 258 856 312 appellatur
870 256 1073 311 proxime
1090 260 1265 310 portam
1279 252 1379 295 Col·
1400 253 1583 307 [PAUL.

191 329 340 379 linam,
370 330 415 369 in
443 340 532 381 quo
547 326 752 379 Virgines
774 324 1000 375 Vestales,
1021 337 1120 378 quae
1144 323 1359 364 incestum
1380 320 1588 369 fecerunt,

194 397 306 438 vivae
330 396 523 437 defossae
546 398 661 435 sunt.

137 463 387 505 Sceleratus
410 459 563 504 vicus¹
596 462 754 502 Romae
776 459 1104 514 appellabatur,
1134 457 1253 512 quod
1276 469 1377 498 cum
1397 455 1592 508 Tarqui-

190 532 290 573 nius
325 532 550 585 Superbus
582 528 936 570 interficiendum
968 531 1167 568 curasset
1190 525 1389 566 Servium
1421 522 1589 575 Regem

194 612 399 641 socerum
428 613 570 648 suurn,
592 611 750 651 corpus
771 597 868 651 ejus
897 596 1056 649 jacens
1089 594 1182 635 filia
1210 596 1418 646 carpento
1440 603 1592 644 supere

194 676 322 709 vecta
343 668 418 717 sit,
441 679 682 720 properans
703 665 746 705 in
768 664 1102 717 possessionem
1123 662 1280 703 domus
1302 664 1516 714 paternae.

141 736 389 778 Sceleratus
408 735 521 775 vicus
537 731 825 787 appellabatur
845 729 1000 780 Romae,
1022 730 1143 783 quod
1165 742 1264 770 cum
1287 728 1397 768 Tar·
1428 726 1591 780 [FES'Iu

194 804 372 856 quinius
408 803 634 855 Superbus
671 797 1013 840 interficiendum
1050 802 1244 838 curasset
1272 796 1365 837 Ser.
1396 794 1594 835 Tullium

196 871 364 923 Regem
408 883 605 911 socerum
636 882 765 918 suum,
802 881 944 920 corpus
974 866 1057 920 ejus
1088 865 1234 920 jacens
1258 862 1361 917 filia
1397 866 1593 915 carpento

194 942 460 991 supervecta
482 941 560 986 est,
582 948 814 990 properans
841 933 884 973 ‘in
901 932 1185 988 possessionem
1207 932 1360 973 domus
1382 935 1593 984 paternae.

141 1005 289 1047 Scena
330 1005 386 1045 ab
419 1004 532 1054 aliis,
566 1017 593 1044 a
620 1001 887 1057 quibusdam
926 1013 1089 1042 sacena
1124 999 1376 1054 appellatur
1409 996 1596 1037 dolabra

197 1072 483 1128 pontificalis.
649 1111 652 1113 .

142 1141 300 1190 Scena‚
322 1141 414 1181 sive
435 1152 614 1188 sacena,
632 1137 817 1179 dolabra
838 1136 1125 1178 Pontificalis.

1411 1133 1598 1186 [PAUL.

143 1209 330 1249 Scenam
349 1213 375 1230 ¹¹¹
405 1221 541 1260 genus
567 1205 705 1262 sitisse
735 1205 887 1245 culm-27
909 1203 1187 1245 manifestum
1212 1207 1295 1251 est,
1325 1201 1401 1242 sed
1431 1200 1597 1252 [FEs'r.

200 1280 341 1317 utrum
359 1276 373 1300 8
395 1275 579 1324 securis,
600 1287 654 1315 an
676 1274 859 1315 dolabra
881 1273 953 1322 sit,
975 1271 1234 1324 ambigitur:
1254 1283 1388 1324 quam
1413 1268 1597 1310 Cincius

199 1344 246 1384 in
264 1344 389 1395 libro,
412 1344 488 1397 qui
509 1348 578 1384 est
599 1343 666 1383 ei9
700 1342 752 1382 de
777 1342 925 1381 verbis
948 1340 1126 1394 priscis,
1158 1339 1386 1380 dolabram
1419 1337 1483 1377 ait
1500 1348 1599 1376 esse

200 1411 498 1453 Pontificiam.
531 1411 686 1451 Livius
703 1411 746 1450 in
768 1409 935 1463 Lydio:
967 1408 1146 1456 corruit,
1164 1407 1295 1460 quasi
1312 1407 1428 1447 ictus
1449 1416 1599 1453 scena,

198 1478 316 1519 haud
340 1480 476 1520 multo
496 1491 641 1519 secus.

149 1545 340 1588 Scensas
358 1552 375 1568 ¹¹
397 1545 559 1601 (entiqaz'
598 1543 798 1595 dicebant,
826 1557 949 1598 quam
985 1554 1100 1584 nunc
1140 1554 1288 1589 cenas,
1318 1553 1416 1594 quae
1453 1542 1600 1580 autem

748 1662 786 1674 eo
790 1661 990 1674 ‘ennete‘

188 1743 207 1771 7
232 1741 317 1773 Ead.
334 1741 387 1772 ed.
409 1741 598 1772 culturi.-S
623 1738 707 1770 Ead.
725 1738 936 1775 ed.f1cturum
952 1739 1015 1767 ——9
1041 1736 1120 1767 Vet.
1139 1735 1213 1767 cod.
1228 1736 1388 1767 secundus.

800 1856 940 1890 NOTAE

144 1937 238 1968 lavit.
273 1937 329 1968 Sic
345 1946 386 1967 ex
409 1936 555 1977 quodam
576 1936 756 1966 Pausaniae
772 1935 846 1966 loco

143 1988 203 2019 lib.
221 1997 245 2018 ι.
265 1987 367 2018 Eliac.
395 1988 517 2026 colligo
535 1997 587 2017 res
609 1986 790 2026 fulguritas
812 1985 846 2015 in

145 2047 231 2068 urna
256 2038 431 2077 impositas
459 2039 548 2077 apud
576 2037 718 2068 Graecos
747 2036 846 2067 condi

144 2088 261 2118 solitas
285 2087 401 2125 fuisse,
426 2092 461 2118 et
487 2088 650 2127 operculo
679 2087 760 2127 tegi.
801 2086 847 2117 At

145 2142 240 2169 vetus
264 2138 433 2177 interpres
456 2138 567 2168 Persii
591 2139 691 2168 aliter
707 2137 848 2177 exponit

143 2189 229 2218 hanc
243 2186 387 2228 fulguris
400 2188 569 2219 condendi
581 2189 757 2219 rationem.
781 2186 791 2204 ‘
805 2187 847 2217 In

145 2237 229 2272 usu‚’
257 2238 382 2278 inquit,
411 2237 419 2253 ‘
437 2236 501 2268 fuit
533 2242 570 2267 ut
598 2237 766 2278 Augures,
794 2237 847 2267 vel

145 2287 333 2328 Arnspices
350 2288 487 2318 adducti
511 2288 553 2319 de
580 2288 721 2318 Etruria
743 2287 848 2318 certis

146 2339 356 2378 temporibus
383 2338 525 2369 fulmina
552 2337 798 2378 transfigurata
815 2339 847 2368 in

146 2387 279 2428 lapides
314 2387 403 2419 infra
435 2394 557 2418 terram
588 2388 848 2427 absconderent,

147 2438 241 2477 cujus
258 2438 289 2467 in
309 2439 499 2477 patratione
517 2437 566 2467 rei
592 2447 672 2468 oves
700 2437 849 2468 immola-

148 2486 294 2517 bantur.'
330 2488 434 2528 Lego,
450 2488 536 2527 cujus
557 2488 774 2527 impetratione
790 2488 849 2527 rei,

148 2540 201 2577 250.
233 2537 372 2567 Salmas.
398 2539 428 2567 in
452 2538 557 2568 Solin.
595 2537 683 2568 Vide
707 2537 715 2553 ‘
734 2538 848 2568 Sacel-

148 2587 214 2618 la:’
246 2588 301 2618 ubi
328 2588 415 2628 lege,
441 2589 552 2627 soepius
578 2593 668 2619 erant
692 2588 849 2629 fulguris,

151 2638 395 2679 profulgurita.
421 2639 504 2668 Dae.

192 2688 199 2709 ¹
223 2689 399 2719 Sceleratus
435 2689 533 2728 vicus]
569 2689 668 2720 Varr.
702 2689 759 2720 lib.
799 2698 849 2720 ιν.

150 2740 283 2778 ‘Prope
299 2738 408 2778 liunt-J
424 2738 550 2778 (vicum
567 2738 758 2780 Cyprium)
774 2740 782 2756 ‘
804 2740 848 2768 via

235 2793 351 2832 Delplt.
368 2796 397 2823 et
419 2793 494 2823 ναν.
512 2793 596 2822 Clas.

794 2793 904 2832 Pomp.
919 2792 1004 2823 Fest.

899 1943 958 1964 cus
989 1932 1182 1963 Sceleratus
1213 1931 1322 1962 dictus
1347 1941 1365 1961 a
1389 1930 1499 1961 Tullia
1521 1931 1602 1962 Tar-

901 1983 1005 2024 quinii
1022 1982 1168 2022 Superbi
1194 1991 1312 2021 uxore,
1337 1981 1425 2022 quod
1454 1980 1499 2011 ibi
1526 1990 1602 2011 cuni

892 2035 1025 2075 jaceret
1045 2038 1145 2075 pater
1167 2034 1313 2073 occisus,
1336 2042 1440 2072 supra
1464 2042 1541 2063 eum
1566 2036 1605 2063 ut

902 2086 1055 2115 mitteret
1089 2089 1291 2124 carpentum
1331 2083 1446 2122 mulio,
1473 2080 1604 2122 jussit.'

899 2134 988 2165 Vide
1007 2135 1081 2165 Liv.
1098 2133 1156 2164 lib.
1174 2142 1199 2164 1.
1218 2138 1302 2164 sect.
1318 2136 1370 2164 48.
1394 2132 1491 2163 Idem.

942 2190 965 2205 ¹¹¹
989 2184 1136 2223 Saeuam]
1169 2184 1259 2223 Lege
1286 2182 1387 2223 infra,
1415 2182 1468 2223 qui
1497 2186 1542 2213 est
1564 2191 1605 2213 11.

901 2237 938 2266 de
960 2235 1060 2266 verbis
1072 2235 1197 2275 priscis,
1213 2236 1265 2274 &a
1301 2235 1352 2264 Ex
1378 2234 1463 2264 notis
1481 2242 1521 2263 11.
1544 2232 1605 2263 im-

904 2285 1007 2325 periti
1034 2285 1162 2315 librarii
1185 2284 1341 2314 fecerant
1366 2284 1413 2314 ei:
1447 2283 1490 2313 ‹le
1515 2292 1605 2314 scena

901 2337 949 2366 nil
967 2335 1046 2366 alibi
1063 2345 1114 2365 me
1127 2335 1241 2374 legere
1255 2334 1403 2364 memini.
1428 2333 1528 2363 Idem.

945 2390 958 2405 Β
983 2384 1128 2424 Scensas]
1165 2384 1272 2414 Miror
1298 2384 1363 2414 huc
1392 2383 1609 2422 translatum,

902 2446 978 2468 cum
995 2441 1125 2467 certum
1145 2436 1190 2466 sit
1212 2445 1279 2465 non
1303 2444 1433 2469 scaerzaS,
1458 2433 1518 2464 sed
1543 2444 1607 2464 ces-

901 2496 958 2517 nas
975 2487 1101 2516 dixisse
1117 2497 1123 2515 :
1150 2485 1239 2515 unde
1254 2485 1461 2516 silice-svium:
1487 2489 1607 2524 postea

901 2537 1102 2568 silicernium.
1125 2535 1198 2567 JOS.
1212 2535 1300 2566 Scal.

947 2586 1094 2626 Scensas]
1120 2586 1274 2626 Scaliger
1301 2584 1483 2625 legendnm
1508 2586 1606 2623 putat

904 2647 1019 2672 «sesnes,
1046 2637 1136 2667 unde
1159 2637 1368 2667 silit-esaiam.-
1394 2640 1513 2676 postea
1538 2634 1606 2665 sili—

902 2688 1053 2726 cernium,
1077 2692 1113 2718 ut
1138 2687 1146 2703 ‘
1168 2687 1319 2727 Valesii7'
1343 2689 1351 2703 ‘
1371 2684 1523 2725 Valerii‚’
1542 2686 1606 2715 &a

903 2738 969 2769 Sed
1004 2738 1030 2768 si
1060 2738 1140 2779 quid
1171 2743 1298 2768 temere
1331 2736 1525 2768 mutandum
1552 2735 1607 2771 sit,

1444 2791 1462 2819 3
1490 2788 1521 2819 G
