1876 3025
291 146 375 188 862

349 253 530 295 Sinnius
551 253 727 307 Capito.

736 159 881 190 SEXTI
919 159 1120 189 POMPEI!
1158 161 1295 192 FESTI

786 253 961 294 Vanam
982 256 1129 294 autem
1154 255 1411 308 opinionem
1432 254 1487 296 de
1517 257 1647 309 ponte
1664 256 1740 298 'ri-

347 322 495 362 berino
512 320 788 362 confirmavit
809 318 1024 360 Afranius
1050 321 1094 361 in
1117 320 1386 375 Repudiato.

292 389 588 431 Sextantariip
622 401 748 429 asses
781 389 825 428 in
845 401 926 428 usu
957 401 1058 428 esse
1095 396 1320 443 coeperunt
1352 403 1411 431 ex
1444 404 1497 432 eo
1530 395 1741 444 tempore,

348 458 468 511 quod
483 462 519 480 20
533 461 713 510 propter
747 455 908 495 bellum
943 455 1161 497 Punicum
1196 457 1454 506 secundum,
1488 458 1606 511 quod
1641 471 1741 499 cum

348 525 604 566 Hannibale
640 528 811 577 gestum
846 528 932 574 est,
960 523 1244 565 decreverunt
1275 529 1443 578 patres,
1471 530 1520 567 ut
1547 539 1604 567 ex
1631 526 1741 567 assi-

346 593 444 640 bus,
465 592 540 646 qui
560 596 652 632 tum
673 595 793 632 erant
821 591 1007 641 librarii,
1036 591 1195 633 fierent
1225 594 1498 643 sextantarii,
1532 606 1609 647 per
1627 606 1740 647 quos

347 673 447 700 cum
469 659 581 701 solvi
603 664 802 712 coeptum
824 663 955 709 esset,
975 663 1019 700 et
1038 660 1227 714 populus
1259 673 1346 701 aere
1369 661 1513 701 alieno
1535 661 1740 701 liberare-

348 731 430 776 tur,
451 731 493 768 et
521 727 697 781 privati,
720 728 882 781 quibus
914 727 1106 769 debitum
1139 729 1317 783 publice
1348 729 1463 770 solvi
1494 729 1739 782 oportebat,

889 827 1029 838 eeeeeee

331 892 373 920 20
397 890 460 921 Vir
475 889 568 922 doct.
586 890 668 922 ibid.
683 891 824 933 conjicit
839 902 910 933 quo.

1032 826 1131 839 eeeee

946 989 1087 1022 NOTAE

290 1055 380 1081 tasse
396 1051 518 1082 senes.’
563 1053 607 1084 Et
623 1053 734 1084 Varro
758 1053 800 1084 de
818 1053 886 1085 vita
907 1063 988 1095 pop.

289 1101 384 1132 Rom.
396 1101 455 1132 lib.
470 1111 509 1132 ιι.
535 1103 545 1119 ‘
563 1103 752 1134 Honestam
767 1113 900 1135 causam
917 1104 988 1144 glo-

289 1151 479 1192 riosamque
497 1153 717 1192 patefecerit,
739 1165 815 1185 cum
832 1155 865 1186 in
893 1155 989 1196 quin-

288 1206 358 1231 tum
383 1202 524 1242 gradum
547 1210 786 1245 pervenerant,
810 1210 912 1247 atque
931 1206 988 1237 ha·

288 1251 418 1283 bebant
435 1262 492 1284 Lx.
508 1263 624 1294 annos,
641 1260 711 1286 turn
728 1255 874 1297 denique
891 1261 988 1288 erant

288 1312 307 1332 a
319 1302 465 1342 publicis
480 1305 623 1345 negotiis
635 1305 732 1336 liberi
746 1311 850 1347 atque
863 1307 986 1339 otiosi:

288 1351 364 1383 ideo
395 1352 429 1384 in
456 1355 675 1394 proverbium
700 1356 836 1396 quidam
864 1362 989 1397 putant

287 1403 421 1434 venisse
437 1409 476 1435 ut
491 1404 665 1436 diceretur
688 1408 928 1447 sexagenarios
945 1408 987 1439 de

287 1459 392 1492 ponte
419 1454 522 1495 dejici
549 1461 722 1497 oportere,
744 1457 776 1488 id
806 1463 870 1497 est,
898 1459 988 1499 quod

288 1502 483 1544 suffragium
501 1515 565 1537 non
583 1506 708 1547 ferant,
725 1508 814 1548 quod
830 1518 890 1548 per
907 1519 989 1548 pon·

288 1558 355 1583 tem
381 1554 564 1587 ferebant.'
609 1557 698 1587 Vide
723 1558 867 1590 Victorii
889 1559 988 1592 Varr.

287 1604 382 1636 Lect.
399 1605 456 1636 lib.
471 1615 579 1638 xv111.
594 1617 624 1639 c.
641 1611 673 1639 7.
697 1608 796 1639 Idem.

328 1659 343 1679 ¹³
367 1655 583 1697 Sextantarii]
631 1658 719 1688 Plin.
757 1659 815 1690 lib.
851 1667 989 1691 xxxin.

285 1713 315 1735 c.
333 1707 364 1735 3.
388 1707 397 1722 ‘
417 1705 568 1746 Populus
583 1707 623 1738 R.
642 1717 683 1739 ne
697 1714 838 1749 argento
852 1710 988 1751 quidem

286 1754 421 1794 signato
437 1760 516 1787 ante
541 1757 708 1796 Pyrrhum
734 1768 849 1799 regem
873 1759 989 1792 devic-

285 1809 356 1835 tum
380 1816 459 1837 usus
482 1812 548 1839 est.
596 1808 752 1848 Libralis,
770 1810 860 1841 uude
885 1811 988 1842 etiam

285 1864 374 1886 nunc
390 1856 505 1888 libella
522 1858 658 1896 dieitur,
674 1865 708 1890 et
725 1860 919 1901 dipondius,
931 1872 988 1901 ap·

285 1905 500 1944 pendebatur
517 1907 623 1938 assis!
666 1909 711 1939 Et
736 1915 877 1949 postea:
902 1915 910 1927 ¹
931 1911 988 1941 Li-

285 1954 357 1986 brae
380 1961 491 1987 autem
515 1958 645 1997 pondus
668 1960 746 1990 aeris
774 1960 986 1991 imminutum

284 2004 373 2035 bello
402 2006 533 2038 Punico
565 2009 686 2047 primo,
717 2018 792 2039 cum
826 2009 987 2049 impensis

284 2063 374 2094 resp.
390 2065 456 2086 non
469 2056 660 2097 sufficeret;
682 2058 986 2100 constitutumque,

285 2108 322 2135 ut
337 2114 427 2136 asses
449 2107 660 2138 sextantario
680 2108 830 2148 pondere
847 2107 988 2140 feriren-

284 2158 349 2190 tur,
364 2157 429 2186 &c-
473 2155 600 2189 Postea
615 2158 810 2189 Hannibale
826 2164 984 2201 urgente,

284 2206 326 2238 Q.
351 2206 457 2238 Fabio
479 2208 576 2240 Max.
600 2208 796 2250 Dictatore,
811 2219 902 2241 asses
924 2220 982 2241 un-

283 2256 388 2288 ciales
412 2256 584 2298 facti‚&c.
631 2259 714 2290 Mox
739 2260 815 2300 lege
843 2261 983 2301 Papiria

283 2308 505 2339 semunciales
523 2319 613 2340 asses
625 2309 731 2341 facti!
775 2311 827 2341 Ex
843 2311 892 2342 his
909 2321 982 2342 ver·

282 2356 333 2387 bis
368 2363 514 2398 apparet
550 2360 688 2391 Festum
728 2360 820 2391 aliud
854 2361 980 2397 dicere,

282 2416 381 2447 quam
393 2408 557 2440 Plinium:
573 2419 647 2440 nam
661 2411 886 2442 sextantarios
897 2412 983 2442 alter

281 2456 373 2488 bello
400 2458 530 2489 Punico
554 2460 672 2500 primo,
697 2461 784 2492 alter
811 2461 900 2492 bello
928 2471 980 2492 se-

282 2507 520 2546 cundo‚factos
532 2510 670 2542 scribit:
689 2511 771 2542 item
785 2512 838 2543 hic
855 2513 981 2544 Noster

282 2558 458 2597 septennio
489 2559 640 2596 durasse,
671 2565 706 2591 et
735 2570 801 2591 non
836 2562 979 2601 amplius

282 2607 488 2647 processisse
519 2609 552 2639 in
592 2610 753 2650 majorem
781 2621 978 2643 numerum:

280 2656 338 2687 ille
354 2656 492 2689 durasse
503 2658 544 2689 ad
559 2659 774 2690 Dictaturam
789 2660 855 2692 Qu.
871 2661 981 2701 Fabii,

282 2716 356 2746 qua:
375 2717 394 2737 a
408 2706 474 2738 fine
492 2708 572 2740 belli
590 2709 711 2740 Punici
731 2711 829 2751 primi
845 2710 910 2742 fuit
927 2715 979 2743 25.

1041 1054 1136 1086 annis
1169 1054 1359 1096 posterior:
1394 1059 1429 1086 et
1460 1055 1611 1086 unciales
1637 1060 1739 1096 atquo

1039 1106 1265 1137 semunciales
1283 1111 1402 1146 postea
1419 1116 1508 1136 asses
1525 1105 1635 1137 factos
1652 1116 1740 1138 esse.

1040 1156 1126 1187 Mihi
1143 1156 1230 1197 quod
1251 1156 1378 1187 Plinius
1391 1156 1510 1187 scribit
1524 1157 1740 1188 verisimilius

1040 1206 1188 1244 videtur,
1211 1211 1246 1237 et
1270 1206 1301 1236 in
1318 1206 1434 1237 verbis
1462 1207 1556 1237 Festi
1581 1207 1740 1238 videntur

1039 1265 1113 1286 esse
1130 1256 1284 1297 quaedam
1299 1256 1470 1287 mendosa.
1495 1257 1584 1288 Vide
1601 1258 1609 1274 ‘
1624 1257 1739 1289 Grave

1040 1305 1107 1337 ms!
1121 1306 1200 1337 Aut.
1214 1306 1301 1345 Aug.

1083 1356 1299 1396 Sextantarii]
1321 1357 1398 1389 Jam
1423 1366 1524 1397 supra
1547 1355 1580 1387 in
1600 1360 1609 1374 ¹
1623 1356 1739 1388 Grave

1041 1406 1110 1438 aeS.’
1142 1408 1151 1425 ‘
1168 1407 1236 1438 Sed
1253 1407 1342 1439 bello
1360 1407 1490 1438 Punico
1507 1407 1650 1448 populus
1674 1407 1741 1438 Ro-

1041 1467 1157 1488 manus
1179 1468 1311 1498 pressus
1328 1468 1394 1489 aere
1412 1458 1523 1489 alieno
1540 1468 1581 1488 ex
1599 1458 1739 1497 singulis

1040 1508 1171 1539 assibus
1195 1508 1342 1539 librariis
1367 1517 1463 1539 senos
1489 1508 1571 1539 fecit
1593 1508 1647 1548 qui
1666 1512 1739 1538 tan-

1041 1558 1191 1589 tumdem
1214 1557 1392 1590 valerent!
1436 1558 1503 1590 Ubi
1526 1558 1602 1589 bello
1618 1558 1739 1589 Punico

1040 1612 1184 1640 tantum.
1230 1608 1278 1639 At
1304 1609 1358 1640 hic
1385 1608 1533 1639 secundo
1558 1608 1645 1640 bello
1673 1609 1740 1640 Pu-

1039 1659 1117 1690 nico
1131 1660 1358 1691 sextantarios
1376 1669 1465 1691 asses
1483 1658 1594 1690 factos
1610 1659 1739 1690 scribit.

1039 1709 1104 1740 Sed
1133 1709 1291 1741 dissentit
1317 1709 1447 1741 Plinius
1476 1709 1688 1741 lib.xxxu1.
1709 1718 1739 1740 c,

1040 1761 1071 1790 3.
1087 1759 1144 1800 qui
1172 1760 1204 1791 id
1231 1759 1358 1791 factum
1384 1759 1467 1791 dicit
1495 1759 1582 1790 bello
1609 1759 1739 1790 Punico

1040 1810 1159 1850 primo.
1182 1811 1191 1827 ‘
1209 1810 1324 1841 Librae
1339 1808 1478 1849 autem:
1490 1810 1612 1851 inquit,
1630 1811 1639 1826 ‘
1657 1819 1737 1850 pon-

1039 1859 1101 1890 dus
1132 1861 1208 1891 aeris
1246 1861 1457 1892 imminutum
1489 1854 1579 1891 bello
1607 1860 1739 1891 Punico

1039 1910 1160 1950 primo,
1185 1920 1260 1941 cum
1277 1911 1436 1951 impensis
1458 1921 1548 1951 resp.
1568 1920 1632 1941 non
1649 1909 1738 1941 suffi-

1039 1965 1158 1997 ceret;
1179 1961 1471 2001 constitutumque
1495 1967 1533 1991 ut
1557 1970 1646 1991 asses
1663 1970 1738 1990 sex-

1039 2010 1183 2041 tantario
1231 2010 1382 2050 pondere
1436 2009 1633 2048 ferirentur,
1672 2011 1737 2041 &c-

1038 2058 1167 2090 Postea
1184 2059 1377 2090 Hannibale
1400 2063 1555 2098 urgente,
1573 2060 1615 2092 Q.
1634 2059 1738 2090 Fabio

1039 2108 1190 2140 Maximo
1202 2109 1383 2148 dictatore,
1396 2118 1488 2141 asses
1505 2109 1651 2140 unciales
1667 2109 1735 2140 fac-

1038 2158 1076 2196 ti,
1091 2161 1154 2190 &c.
1200 2159 1284 2190 Mox
1300 2159 1375 2199 lege
1393 2159 1533 2199 Papiria
1549 2159 1735 2190 semuncia-

1037 2208 1084 2239 les
1107 2218 1198 2240 asses
1225 2208 1334 2240 facti!
1380 2209 1460 2244 Ubi,
1477 2209 1583 2248 vides,
1605 2209 1736 2240 Plinius

1037 2258 1085 2289 ait
1108 2259 1335 2289 sextantarios
1359 2267 1448 2289 asses
1469 2259 1609 2289 durasse
1633 2269 1735 2300 usque

1037 2307 1079 2338 ad
1116 2308 1332 2339 Dictaturam
1363 2310 1407 2341 Q.
1440 2308 1544 2347 Fabii,
1574 2309 1636 2339 boc
1671 2314 1737 2346 est,

1037 2357 1164 2389 diutius
1186 2359 1280 2389 annis
1297 2362 1349 2389 25.
1393 2359 1437 2389 Et
1462 2359 1609 2389 unciales
1633 2363 1735 2400 atque

1037 2410 1260 2441 semunciales
1292 2413 1411 2450 postea
1440 2408 1559 2441 factos.
1605 2411 1732 2441 Noster

1036 2465 1148 2491 autem
1164 2460 1301 2491 durasse
1319 2464 1449 2491 tantum
1467 2461 1658 2500 septennio,
1676 2471 1732 2491 ne-

1034 2520 1098 2552 que
1115 2516 1232 2551 postea
1247 2511 1279 2541 in
1294 2511 1454 2551 majorem
1472 2521 1644 2543 numerum
1659 2523 1733 2552 pro-

1035 2561 1189 2592 cessisse.
1235 2561 1315 2592 Sive
1333 2561 1444 2601 potius
1460 2563 1636 2601 septennio
1650 2572 1732 2603 quo-

1035 2620 1099 2651 que
1124 2610 1290 2651 prioribus
1310 2611 1453 2647 assibus,
1476 2620 1598 2654 nempe
1630 2612 1730 2643 libra-

1035 2661 1106 2702 riis,
1124 2671 1219 2693 usum
1236 2670 1319 2703 esse,
1335 2663 1400 2694 Sec.
1417 2661 1497 2692 Duc.
