1876 3025
739 201 960 231 scHEnAE.
1448 181 1573 232 '1103

124 293 277 346 privis,
299 292 342 334 id
365 298 447 344 est,
466 294 664 346 singulis.
715 295 900 336 Petilam
924 308 1084 345 suram,
1100 295 1278 344 siccam,
1300 299 1343 336 ct
1366 297 1574 337 substric-

123 367 209 402 tam
233 361 365 414 vulgo
387 363 713 415 interpretatur.
775 364 981 404 Scaevola
998 365 1059 404 ait
1078 364 1283 416 ungulam
1306 364 1453 404 albam
1474 367 1573 417 equi

123 430 185 470 ita
200 429 302 470 dici.
345 430 576 471 Pilumnoe
593 431 759 484 poploe'
782 433 826 471 in
850 432 1042 472 carmine
1056 432 1219 481 saliari,
1236 431 1438 480 Romani,
1453 431 1574 471 velut

122 498 227 550 pilis
248 497 311 538 uti
340 499 534 539 assueti:
563 499 634 539 vel
660 500 765 552 quia
795 499 1020 552 praecipue
1048 499 1214 552 pellant
1240 499 1391 539 hostis.
1453 498 1574 540 Proe-

123 570 248 618 petes
279 577 383 605 aves
414 565 593 619 quidam
624 565 712 606 (lici
745 567 882 616 aiunt,
915 567 1020 620 quia
1051 567 1290 608 secundum
1323 566 1573 619 auspicium

122 633 285 673 faciant
306 634 692 685 praetervolantes:
724 634 798 674 alii
822 634 938 687 quod
966 637 1041 674 aut
1061 648 1127 683 ea,
1150 648 1248 688 quae
1270 638 1572 687 praepetamus

122 700 336 745 indicent:
370 705 446 742 aut
479 702 600 755 quod
630 703 963 755 praetervolent:
996 707 1071 743 aut
1105 716 1161 743 ex
1197 702 1358 743 Graeco
1394 705 1572 742 tractum

122 772 291 822 putant,
314 769 432 822 quod
454 773 552 809 ante
573 774 854 823 conspectum
878 771 1025 812 volent
1046 775 1257 811 nostrum:
1291 772 1435 823 inepte
1456 783 1492 809 s.
1514 783 1572 810 ex

123 837 438 890 praepositione
459 837 622 878 Latina
642 842 952 891 componentes
973 844 1016 879 et
1039 839 1200 880 Graeco
1221 839 1442 880 vocabulo
1462 851 1472 877 ε
1504 852 1573 879 ce-

124 910 259 946 terum
281 905 426 959 poetae
450 906 701 959 promiscue
722 909 862 948 omnis
887 920 991 948 aves
1020 907 1081 947 ita
1110 907 1351 960 appellant.
1411 907 1573 957 Pilare,

123 974 383 1026 compilare:
415 977 517 1014 sunt
547 974 624 1027 qui
652 974 827 1016 Graecae
857 975 1038 1028 originis
1159 1005 1168 1015 .
1286 1006 1296 1016 .
1543 979 1574 1015 ,ο

123 1039 244 1093 [183]
285 1040 432 1081 Picati
465 1041 741 1094 appellantur
774 1042 969 1095 quidam,
1014 1056 1200 1095 quorum
1232 1043 1370 1096 pedes
1401 1042 1572 1083 formati

123 1113 222 1149 sunt
256 1109 298 1148 in
332 1109 526 1161 speciem
558 1110 808 1162 sphingzum
840 1111 960 1164 quod
993 1124 1069 1152 eas
1102 1111 1241 1152 Dorip
1262 1112 1368 1151 ficas
1396 1115 1570 1151 vocant

123 1176 399 1226 Petulantes,
433 1180 477 1216 et
507 1177 673 1230 petulci
702 1180 835 1219 etiam
867 1179 1145 1233 appellantur
1165 1180 1242 1233 qui
1270 1183 1472 1231 protervo
1494 1178 1573 1218 im-

122 1247 240 1297 petu,
261 1248 303 1285 et
333 1244 482 1284 crebro
515 1249 669 1297 petunt
696 1245 891 1287 laedendi
917 1247 1097 1288 alterius
1130 1248 1279 1299 gratia.
1311 1246 1417 1286 Ver.
1438 1246 1483 1286 in
1506 1257 1572 1286 lv,

123 1312 257 1353 Geor.
282 1312 397 1365 Neq.
419 1325 537 1361 oves,
554 1312 719 1366 hoediq.
737 1315 903 1367 petulci
923 1315 1100 1355 floribus
1121 1314 1353 1355 insultent:
1385 1318 1442 1362 et,
1465 1313 1573 1354 Cor-

121 1380 290 1432 nigeras
330 1385 488 1420 norunt
528 1384 691 1421 matres
809 1413 818 1421 .
951 1415 959 1424 .
1076 1382 1221 1436 agniq.
1263 1383 1441 1435 petulci.
1513 1382 1572 1423 Et

121 1447 332 1488 Afranius
359 1448 402 1488 in
426 1447 534 1488 Ida:
570 1447 782 1490 Nostrum
815 1450 857 1490 in
887 1456 1168 1500 conventum,
1201 1456 1279 1491 aut
1310 1463 1570 1490 consessum

120 1515 287 1566 ludum,
318 1515 538 1569 lapsumq.
571 1517 804 1569 petulcum.
866 1517 1088 1559 Interdum
1120 1532 1200 1572 pro
1232 1519 1383 1558 veloce
1414 1519 1484 1558 usi
1507 1519 1571 1558 vi-

121 1583 275 1625 dentur
303 1583 487 1636 antiqui3
519 1589 566 1624 ut
587 1584 669 1625 hoc
692 1598 817 1625 versu
840 1585 1024 1638 intelligi
1045 1591 1219 1639 potest:
1252 1585 1421 1626 Exiluit
1442 1586 1570 1639 quasi

120 1651 326 1704 petulcus
341 1651 536 1704 quidam,
556 1651 792 1705 pedibus¹8
815 1654 1101 1694 convibravit.
1161 1654 1391 1694 Petrarum
1415 1667 1570 1706 genera

122 1722 222 1759 sunt
253 1719 353 1768 duo,
387 1732 569 1772 quorum
601 1721 785 1761 alterum
821 1722 1018 1762 naturale
1051 1735 1206 1762 saxum
1240 1722 1493 1774 prominens
1525 1723 1569 1762 in

121 1799 251 1835 mare,
273 1786 399 1840 cujus
431 1787 599 1828 Ennius
626 1789 825 1829 meminit
846 1789 898 1830 L.
918 1800 989 1829 X1.
1021 1788 1125 1829 Alte
1147 1789 1308 1838 delata,
1330 1790 1569 1843 ceterisq.¹9

122 1855 367 1907 ingentibus
388 1859 529 1896 tecta:
561 1863 604 1896 et
625 1856 859 1896 Levius2oq
880 1857 921 1897 in
945 1856 1204 1898 Centauris:
1237 1857 1323 1897 Ubi
1346 1870 1426 1909 ego
1450 1870 1569 1910 saepe

122 1923 280 1975 petris:
303 1922 485 1962 alterum
509 1924 827 1973 manufactum,
842 1929 892 1965 ut
912 1924 1045 1965 docet
1061 1925 1209 1965 fElius
1229 1924 1411 1966 Gallus:
1436 1924 1569 1964 Petra

121 1993 201 2037 est,
224 1989 300 2042 qui
319 1989 443 2030 loeus
459 1995 469 2013 ¹
494 1989 647 2031 dextra
669 2004 720 2032 ac
742 1992 920 2033 sinistra
940 1992 1152 2034 fornicem
1175 1993 1489 2045 expleturusq.²
1512 1991 1568 2032 ad

726 2121 961 2135 eeeeeeeeeeee

140 2252 149 2282 l
166 2212 203 2239 18
226 2208 268 2239 al.
283 2209 507 2248 pedicam-19
529 2208 551 2239 f.
566 2210 822 2249 petrisque.-20
845 2210 868 2241 f.
887 2211 1087 2242 Loevius.—l
1114 2211 1155 2241 al.
1171 2220 1239 2250 quoe
1252 2204 1431 2240 Jovis.—2'
1446 2209 1487 2239 al.
1515 2218 1567 2239 erro

116 2262 138 2291 p
151 2255 238 2282 etum
253 2255 308 2282 est.

774 2329 913 2360 NOTAE

163 2410 176 2422 ⁰
200 2401 437 2441 Scribendum‚
469 2403 575 2433 Graeci
610 2403 690 2433 enim
723 2404 817 2435 Fures
872 2405 919 2435 ita
936 2405 1131 2445 appellare:
1154 2403 1230 2443 φίκα
1244 2404 1266 2432 δ’
1281 2402 1375 2439 αὐτὴν
1390 2402 1417 2432 οἵ
1432 2402 1568 2432 Βοιώτιοι

122 2454 254 2493 φιλῆτας
284 2453 400 2484 dicunt.
457 2452 600 2484 Seneca.
632 2454 733 2492 epist.
764 2457 818 2486 72.
872 2454 997 2493 ἔλεγον.

122 2507 179 2538 lib.
205 2515 268 2536 vu.
301 2508 310 2522 ‘
328 2505 532 2545 Voluptates
558 2507 731 2546 praecipue
761 2517 818 2538 ex·
915 2511 927 2531 ‘1
952 2505 992 2536 In
1011 2504 1141 2535 schedis
1172 2504 1281 2534 Levius
1297 2508 1347 2534 est
1366 2513 1426 2542 pro
1444 2504 1566 2535 Livius.

122 2557 233 2591 turba,
257 2561 291 2586 et
315 2555 531 2586 invisissimas
547 2556 631 2586 habe
649 2558 816 2588 latronum
871 2554 969 2586 Unde
986 2555 1136 2594 suspicor
1153 2554 1294 2584 Laeviwn
1321 2553 1455 2593 poetam
1480 2553 1565 2582 indi-

120 2617 226 2640 more,
243 2616 325 2646 qnos
340 2605 489 2646 AEgyptii
508 2606 659 2646 philistas
675 2607 819 2638 vocant!
870 2606 951 2640 cari,
969 2605 1011 2635 de
1027 2614 1092 2645 quo
1107 2604 1257 2644 Agellius
1274 2603 1330 2634 lib.
1346 2612 1411 2633 xli.
1426 2613 1501 2642 cap.
1517 2606 1565 2633 10„

165 2662 180 2682 p
206 2655 311 2694 Pisas]
354 2654 496 2686 Hesiodi
527 2655 685 2696 antiquus
715 2657 817 2687 inter-
869 2654 950 2684 licet
975 2654 1020 2684 ibi
1041 2663 1172 2694 qnoque
1197 2653 1306 2682 Livius
1329 2653 1369 2682 sit
1392 2652 1564 2691 mendose,

123 2717 201 2748 pres
231 2707 263 2736 in
302 2705 511 2744 Theogonia,
539 2705 622 2737 dicit
653 2707 817 2746 Boeotios,
868 2713 943 2734 cum
974 2702 1222 2744 antiquissimus
1250 2703 1334 2734 liber
1353 2702 1477 2734 habeat
1493 2702 1564 2736 Lce-

122 2768 187 2789 non
205 2756 339 2797 Dorios,
357 2762 393 2788 ut
414 2757 533 2789 Festus
558 2756 617 2798 ait,
633 2757 816 2799 Sphingem
866 2753 945 2787 vius.
