1876 3025
315 171 377 201 DE
412 166 682 199 VERBORUM
717 159 1124 194 SlGNlFchTioNE
1160 159 1252 188 LlB.
1287 157 1415 187 XVII.

1494 145 1578 187 835

185 275 249 310 ter
270 281 399 309 usum
420 262 621 317 unguenti
650 260 808 310 schoeni,
836 258 953 313 quod
985 261 1051 298 est
1070 255 1251 310 pessimi
1286 254 1469 306 generis,
1496 253 1581 294 ita-

186 350 270 390 que
298 335 401 376 dixit
425 330 696 379 Diabolaresf
724 326 980 376 sclzoeniculae,
1002 323 1249 365 miraculaet
1277 335 1377 363 cum
1408 322 1580 361 extritis

188 403 297 454 talis,
325 417 414 443 cum
436 398 590 442 todellis
611 395 834 441 crusculis,⁰
851 395 972 435 idem
992 391 1222 447 prosedas,
1244 390 1457 443 pistorum
1479 387 1581 427 ami-

187 486 266 522 cas,
290 469 480 525 reliquias
500 465 747 507 halicarias*
775 464 958 504 miseras
981 461 1166 502 schoeno
1192 457 1409 508 dilibutas,
1423 455 1582 497 servili-

188 538 327 588 σώσω-,δ’
353 536 550 578 sordidas.

132 607 427 648 Schoeniculae
449 603 730 657 appellantur
751 600 1019 648 meretrices,
1041 601 1219 651 propter
1239 608 1366 636 usum
1403 593 1585 647 [PAUL.

189 675 397 728 unguenti
420 672 603 721 schoeni,
625 669 745 724 quod
769 674 838 709 est
859 667 1041 721 pessimi
1063 664 1247 719 generis.

134 743 310 784 Scholae
334 743 466 783 dictae
496 744 598 780 sunt
626 751 684 779 ex
708 737 866 778 Graeco
886 734 1086 790 σχολάζω,
1120 747 1147 774 a
1167 731 1417 780 vacatione,
1446 728 1582 782 quod,

191 811 349 851 ceteris
388 810 519 850 rebus
560 807 750 856 omissis,
789 817 948 846 vacare
980 803 1231 844 liberalibus
1271 799 1428 841 studiis
1462 796 1588 852 pueri

191 879 364 919 debent.

134 947 311 988 Scholae
326 951 339 967 Ζ
362 945 492 987 dictae
510 946 609 984 sunt
627 955 714 983 non
737 942 792 982 ab
817 941 923 990 otio,
944 953 997 980 ac
1020 938 1246 979 vacatione
1264 935 1399 986 omni,
1421 934 1587 987 [Fsssrr.

191 1015 267 1055 sed
287 1014 421 1067 quod,
435 1012 591 1054 ceteris
610 1011 741 1052 rebus
761 1009 955 1059 omissis,
972 1019 1128 1048 vacare
1146 1005 1404 1046 liberalibus
1428 1002 1586 1043 studiis

191 1084 316 1137 pueri
339 1083 528 1123 debent:
560 1083 608 1121 ut
640 1079 773 1120 etiam
806 1077 899 1118 ludi
940 1075 1232 1130 appellantur,
1255 1075 1297 1113 in
1320 1073 1481 1127 quibus
1511 1071 1590 1110 mi-

193 1151 306 1192 nime
335 1149 513 1198 luditur,
548 1161 599 1189 ne
635 1147 749 1188 tristi
782 1145 934 1199 aliquo
968 1144 1141 1185 nomine
1170 1140 1337 1194 fugiant
1364 1138 1486 1193 pueri
1519 1152 1588 1177 suo

179 1217 315 1273 fungi
334 1230 519 1257 munere.

139 1286 357 1340 Scirpus¹¹
372 1291 387 1307 ³
408 1290 478 1327 est
497 1284 559 1335 id,
577 1282 696 1337 quod
715 1283 758 1323 in
779 1282 1054 1336 palustribus
1074 1278 1185 1321 locis
1208 1277 1404 1318 nascitur
1420 1277 1532 1326 leve,
1550 1280 1593 1317 et

739 1403 756 1416 e
763 1401 984 1417 oenone-qve

183 1477 221 1505 ll
246 1474 326 1505 Vet.
342 1473 419 1505 cod.
445 1472 614 1513 Scriptum.

791 1555 936 1588 NOTAE

183 1635 408 1674 Schoenicutas]
433 1634 530 1665 Idem
563 1633 672 1663 varro
704 1632 762 1663 lib.
789 1641 840 1662 VI.

141 1688 184 1720 de
217 1689 253 1719 L.
270 1688 308 1718 L.
340 1688 348 1703 ‘
368 1686 584 1722 Diobolares,
614 1683 843 1717 schoeniculae,

143 1739 329 1769 miraeulae.
369 1736 605 1774 Schoeniculae‚
636 1734 677 1765 ab
709 1734 844 1764 schoeno

143 1789 285 1829 nugario
313 1785 511 1828 unguento)
563 1786 636 1825 Ego
664 1794 756 1819 vero,
780 1783 844 1813 nisi

144 1838 376 1870 intercederet
392 1837 485 1868 Festi
506 1840 541 1867 et
552 1835 713 1866 Varronis
727 1838 844 1865 aucto-

144 1890 240 1929 ritas,
262 1888 437 1920 crederem
463 1887 623 1917 Plautum
646 1884 843 1915 meretrices

142 1941 347 1979 schoem'colas,
380 1939 434 1969 vel
468 1937 670 1968 schoeniculas
706 1936 845 1971 dixisse,

144 1990 232 2032 quod
245 1990 277 2020 in
290 1988 461 2028 segetibus
474 1992 509 2018 et
521 1987 660 2026 σχοίνοις
674 1996 778 2027 usque
792 1996 844 2016 es·

145 2045 232 2081 sent,
246 2040 332 2080 quod
345 2038 491 2078 σχοίνους
502 2042 670 2078 perpetuo
682 2037 845 2067 colerent.

145 2093 189 2123 Et
214 2090 302 2122 infra
328 2092 448 2121 schoeno
473 2089 620 2123 delibuta,
644 2087 732 2129 quod
758 2086 846 2126 σχοί-

144 2154 213 2173 νους
241 2142 386 2172 olerent.
425 2140 501 2171 Nisi
528 2138 641 2179 potius
663 2138 847 2168 sclzoenicula

145 2195 232 2224 male
242 2193 403 2231 scriptum
415 2193 459 2222 sit
471 2200 531 2231 pro
544 2190 706 2220 scoenicula
719 2198 738 2219 a
750 2199 844 2219 coeno.

150 2245 276 2282 Coenum
303 2243 390 2273 enim
406 2241 539 2272 Sabinis
560 2250 704 2279 secenum,
720 2244 757 2270 ut
772 2249 845 2270 scoe-

147 2304 198 2328 mr,
232 2303 291 2334 pro
318 2302 412 2328 coenn,
443 2300 545 2332 supra
576 2289 666 2331 apud
699 2290 847 2321 Festum.

149 2344 220 2374 Duc

192 2399 203 2413 ⁵
227 2393 426 2433 Diabolares]
452 2392 482 2423 A
503 2391 590 2422 binis
614 2390 721 2422 obolis
738 2391 848 2421 Pacu-

150 2444 234 2474 vius.
255 2446 263 2459 ‘
282 2445 360 2475 Non
377 2453 441 2483 ego
459 2443 506 2473 ita
522 2442 567 2472 fui
585 2443 646 2474 Uti
664 2452 752 2472 nunc
770 2448 848 2472 sunt

149 2494 359 2529 meretrices,
397 2493 588 2524 diobolares
625 2502 720 2523 suam
761 2492 847 2524 Quae

150 2545 276 2576 nummi
293 2554 395 2575 causa
418 2543 668 2584 parvipendunt
686 2541 851 2583 gratiam!

155 2596 253 2626 Idem.

196 2647 205 2665 ῑ
228 2644 410 2684 Ilffiraculoe]
433 2643 521 2674 Vide
539 2643 747 2675 ‘miracula.’
771 2644 821 2674 111.

195 2699 209 2714 ¹¹
236 2695 313 2725 Cum
344 2694 472 2725 extritis
505 2693 589 2732 talis,
627 2703 695 2724 cnm
731 2694 852 2724 todeltz's

154 2744 269 2785 erasa]
303 2744 391 2776 Vide
418 2753 493 2785 quae
520 2744 553 2774 iu
578 2753 659 2775 voce
679 2745 688 2760 ‘
708 2743 852 2775 crocoti»

897 1631 963 1660 lum
975 1629 983 1641 '
1001 1629 1092 1659 dicta
1110 1631 1199 1658 sunt.
1223 1625 1310 1656 Vide
1324 1628 1359 1655 et
1373 1628 1380 1641 ¹
1395 1622 1599 1655 sum-rotila)

897 1681 994 1711 Idem.

938 1735 953 1749 x
980 1729 1141 1769 Reliquias
1153 1726 1334 1765 halicarias]
1349 1725 1524 1765 Reliquias
1539 1723 1598 1754 ali-

897 1782 1075 1813 carlorum.
1098 1780 1185 1810 Vide
1203 1781 1210 1796 ‘
1229 1777 1410 1809 Alieni-‘im’
1434 1777 1532 1807 Idem.

939 1838 952 1860 y
976 1829 1186 1869 servilicolas]
1213 1830 1288 1860 Hoc
1306 1832 1370 1867 est,
1397 1827 1484 1868 quod
1506 1826 1595 1857 idem

899 1883 1025 1914 ibidem
1043 1881 1198 1922 subjicit:
1224 1885 1232 1897 ‘
1249 1879 1464 1911 Servolorum
1493 1876 1597 1906 sordi·

899 1935 1053 1965 dulorum
1071 1937 1183 1963 scorta
1201 1928 1408 1961 diobol-aria?
1432 1929 1529 1959 Idem.

940 1990 953 2004 z
975 1982 1110 2022 Scholoe]
1135 1982 1304 2013 Ausonius
1321 1980 1441 2010 aliter:
1466 1984 1473 1996 ‘
1493 1977 1599 2009 Graio

898 2035 1010 2066 schola
1030 2033 1164 2064 nomine
1190 2032 1284 2062 dicta
1311 2035 1375 2070 est,
1391 2030 1491 2062 ,Iusta
1509 2029 1599 2059 labo-

898 2084 1009 2116 riferis
1025 2085 1219 2115 tribuantur
1246 2087 1282 2113 ut
1309 2082 1378 2112 otia
1395 2081 1523 2111 Musis:
1562 2080 1600 2109 lu

898 2137 963 2168 fine
984 2137 1080 2177 lego:
1104 2145 1140 2166 ne
1168 2133 1254 2164 tristi
1279 2132 1381 2172 aliquo
1407 2130 1528 2161 nomine
1542 2130 1601 2167 su-

895 2187 990 2226 giant
1005 2185 1170 2224 suosngi
1184 2193 1319 2215 munere.
1344 2182 1416 2214 JOS.
1434 2181 1523 2212 Scal.

941 2238 1061 2268 Scholoe
1076 2237 1169 2267 dicta>
1180 2238 1253 2265 suut
1265 2244 1324 2264 non
1337 2233 1374 2264 ab
1388 2231 1467 2270 otio]
1493 2231 1600 2262 Immo

898 2289 940 2319 ab
957 2289 1050 2326 otio;
1076 2286 1182 2326 σχολὴ
1198 2286 1286 2316 enim
1304 2284 1422 2322 otium,
1446 2283 1601 2313 nimirum

900 2339 975 2380 quia
991 2339 1060 2369 otio
1079 2347 1162 2377 opus
1188 2336 1226 2367 iis
1251 2335 1305 2375 qui
1324 2334 1444 2365 studiis
1468 2337 1602 2364 vacant.

900 2389 1031 2421 Auson.
1060 2389 1160 2428 ldyll.
1188 2395 1308 2418 xxxu.
1343 2387 1352 2402 ‘
1372 2385 1475 2415 Graio
1492 2384 1603 2414 schola

901 2440 1032 2471 nomine
1047 2439 1139 2470 dicta
1152 2442 1214 2473 est,
1228 2437 1329 2469 ,Iusta
1342 2434 1531 2466 laboriferis
1544 2435 1603 2464 tri<-

900 2491 1048 2522 buantur
1065 2494 1101 2520 ut
1119 2489 1190 2520 otia
1206 2486 1338 2518 Μηδὶς]
1366 2487 1422 2517 Sic
1438 2487 1525 2517 ludus
1537 2494 1602 2515 non

902 2551 964 2581 per
990 2539 1212 2580 antiphrasin,
1242 2543 1279 2568 ut
1315 2537 1390 2568 vult
1421 2537 1510 2567 Fest.
1543 2534 1601 2565 sed

901 2590 988 2631 quod
1007 2591 1157 2620 studium
1182 2590 1357 2619 literarum
1386 2586 1534 2617 liberalis
1554 2585 1603 2615 in-

902 2641 991 2681 genii
1005 2641 1102 2671 ludus
1118 2640 1173 2670 sit.
1198 2639 1280 2669 Duc.

946 2695 959 2710 ³
982 2690 1128 2730 Scz'rpus]
1151 2690 1191 2720 In
1215 2688 1322 2719 veteri
1348 2687 1435 2717 libro
1463 2690 1515 2716 est
1539 2685 1601 2715 hoc

904 2743 998 2774 loco:
1024 2741 1101 2774 Sex.
1127 2739 1255 2780 Pompei
1273 2738 1359 2770 Festi
1386 2739 1423 2768 cle
1442 2736 1602 2767 verborum
